2790 4844
195 243 259 308 116
540 245 656 299 ssncti
673 245 808 299 Hilarii
827 246 989 316 episcopi

195 434 483 500 misericordia
507 444 571 499 tun
594 454 715 517 super
737 434 876 499 uitam:
900 436 983 519 quia,
1006 437 1152 520 quamuis
1168 437 1338 518 probabilis

194 559 249 621 per
270 537 396 604 iustitiae
418 538 628 620 operationem
651 538 716 603 uita
737 538 888 604 iustorum
919 539 967 618 sit,
999 549 1103 605 tamen
1137 561 1192 621 per
1214 542 1339 607 miseri·

195 641 332 707 cordiam
366 643 416 707 dei
449 641 519 723 plus
553 642 654 706 meriti
688 652 903 725 consequetur.
949 663 986 707 ex
1015 644 1073 710 hac
1105 645 1187 709 enirn
1219 645 1284 710 uita
1305 646 1337 709 in

195 747 292 811 uitam
314 746 454 827 proficiet
476 752 641 824 aternam
665 751 696 811 et
719 747 929 826 operationem
952 749 1077 813 iustitiae
1100 750 1131 814 in
1149 756 1270 814 tautum
1286 750 1338 815 dei

156 879 169 914 a
197 850 411 916 misericordia
432 857 621 928 muneratur,
644 860 686 928 nt,
709 850 863 916 miserans
887 851 1010 917 iustitia»
1034 852 1233 929 uoluntatem,
1249 860 1338 918 aeter·

196 955 302 1020 nitatis
325 974 449 1038 qnoque
478 973 541 1019 suae
572 955 687 1019 iustum
718 974 876 1037 quemque
907 956 1023 1021 tribuat
1053 977 1121 1021 esse
1145 957 1338 1037 participem.

195 1059 308 1124 ideirco
332 1059 370 1123 in
393 1057 586 1124 saecuinm
610 1064 647 1122 et
670 1058 708 1122 in
731 1059 921 1123 saeculum
945 1060 1085 1125 saeeuli
1118 1060 1339 1126 misericordie

196 1182 268 1244 spes
292 1174 354 1228 est:
378 1163 433 1228 sed
457 1162 608 1228 consessio
638 1168 757 1228 tanturn
788 1162 818 1227 in
854 1163 1053 1239 saeeulum,
1088 1184 1148 1228 non
1182 1166 1275 1230 etiarn
1306 1165 1337 1229 in

196 1265 345 1333 saeeulnm
368 1266 483 1332 seculi.
528 1266 695 1334 nonenim
719 1266 871 1332 confessio
895 1278 1090 1348 peccatorum
1113 1269 1172 1334 nisi
1196 1270 1227 1332 in
1243 1268 1338 1333 huius

144 1396 169 1434 ιο
197 1370 301 1436 saecnli
324 1380 462 1451 tempore
486 1381 541 1446 est,
565 1370 641 1434 durn
663 1370 811 1435 uoluntati
842 1390 904 1436 suae
928 1372 1140 1457 unusquisque
1164 1373 1338 1454 permissus

196 1481 244 1540 est
266 1481 297 1540 et
318 1494 374 1554 per
395 1475 467 1539 nitae
490 1473 645 1539 licentiam
674 1473 769 1540 habet
798 1475 1000 1540 consessionis
1029 1476 1199 1541 arbitrium.
1245 1477 1339 1542 decc·

196 1580 305 1645 dentes
334 1597 471 1662 namque
501 1580 540 1643 de
575 1579 638 1642 uite
668 1577 760 1643 simul
791 1586 821 1644 et
850 1579 916 1644 iure
947 1580 1129 1645 decedimus
1159 1578 1336 1645 uoluntatis.

196 1688 269 1747 tunc
292 1682 376 1748 enim
399 1703 436 1747 ex
466 1682 575 1748 merito
607 1683 770 1765 praeteritae
804 1682 970 1748 uoluntatis
1000 1683 1048 1749 lex
1078 1684 1141 1748 ism
1172 1683 1339 1750 constituta

195 1792 249 1851 aut
263 1786 376 1870 qnietis
387 1795 440 1851 aut
454 1807 555 1867 poenae
570 1788 784 1851 excedentium
801 1806 837 1851 er
854 1807 978 1867 corpore
994 1787 1123 1870 suscipit
1139 1788 1338 1873 uoluntatem.

145 1917 169 1953 u
197 1890 284 1956 cuius
308 1889 456 1971 temporis
478 1909 538 1955 non
562 1890 623 1955 iam
646 1889 786 1968 liberam,
810 1892 866 1955 sed
901 1891 1109 1956 necessariam
1144 1890 1336 1957 uoluntatem

197 1993 331 2059 ostendit
360 1992 519 2075 propheta
551 2015 620 2058 curn
656 1995 745 2059 dicit:
779 2013 853 2058 non
889 2000 949 2059 est
983 1994 1080 2058 mihi
1115 1996 1152 2060 in
1189 1995 1338 2060 diebus

196 2098 285 2164 iilis
329 2097 530 2165 noluntas.
576 2108 719 2163 cessante
754 2099 835 2163 enirn
869 2097 1036 2165 uoluntatis
1067 2097 1210 2164 libertate
1241 2099 1337 2164 etiam

196 2203 368 2280 uoluntatis,
403 2202 429 2268 si
460 2222 522 2286 qua
551 2203 617 2280 erit,
647 2202 782 2267 cessabit
803 2200 939 2268 effectus.
984 2203 1116 2269 transire
1139 2223 1275 2287 namque
1298 2204 1338 2267 sd

181 2305 358 2371 ¹Abraham
391 2304 501 2372 nolens
531 2306 619 2371 dines
649 2305 727 2371 chao
757 2306 860 2370 medio
890 2326 950 2370 non
981 2307 1100 2385 sinitur,
1131 2326 1202 2372 cnm
1232 2314 1339 2373 tamen

144 2436 170 2474 su
197 2431 251 2492 per
284 2410 459 2476 libertatern
493 2409 660 2475 uoluntatis
694 2411 726 2474 in
749 2409 886 2475 Abrahae
921 2410 1040 2476 sinibus
1074 2431 1143 2477 esse
1176 2412 1339 2492 potuisset.

196 2513 361 2580 interclusa
383 2525 431 2579 est
452 2533 527 2598 ergo
549 2514 676 2580 libertas
698 2512 872 2591 uoluntatis,
906 2514 979 2597 quia
1008 2515 1160 2581 confessio
1182 2513 1269 2579 nulia
1291 2525 1340 2581 eat

196 2619 334 2696 mortuis,
358 2619 530 2683 secundum
553 2618 595 2694 id,
619 2620 701 2702 quod
725 2618 926 2683 dictumest:
955 2618 993 2682 in
1018 2618 1180 2684 inferno
1203 2626 1338 2684 autem

196 2724 286 2806 qnis
309 2721 581 2788 confitebitur
603 2720 704 2787 tibi?
749 2742 878 2803 sperans
901 2742 976 2806 ergo
993 2721 1144 2804 propheta
1159 2722 1337 2789 misericor-

196 2828 281 2893 diam
314 2826 353 2891 in
391 2825 581 2892 saeculum
615 2833 654 2892 ct
698 2827 735 2890 in
770 2825 958 2891 saeculum
998 2827 1138 2892 saeeuli
1174 2825 1338 2893 confitetur

142 2958 168 2995 rs
196 2936 316 2996 tantum
339 2930 377 2997 in
401 2930 560 2996 saeculo:
584 2929 772 3014 temporaria
793 2929 996 2995 consessionis
1019 2929 1122 2996 officia
1137 2929 1241 2996 sarculi
1259 2937 1338 2997 tem-

178 3082 180 3087 .
196 3055 268 3115 pore
280 3053 401 3119 gerens,
413 3054 500 3114 spern
514 3054 588 3099 uero
600 3042 747 3098 aternam
761 3033 943 3099 serculorum
956 3035 1126 3100 aeternitate
1138 3036 1337 3114 protendens,

240 3160 272 3210 16
290 3156 323 3210 cf.
342 3155 522 3210 Ecclesiastes
541 3156 601 3224 ΧΗ,
621 3160 642 3209 1.
679 3157 713 3209 22
732 3156 774 3208 Ps.
794 3155 839 3224 v1,
858 3160 881 3210 6.

240 3282 324 3345 lsup
352 3296 432 3348 supro
449 3295 499 3331 scr.
527 3277 595 3330 ai.l
620 3278 645 3330 R
705 3277 791 3331 uitam
819 3296 849 3330 er
874 3278 933 3330 nita
951 3296 983 3330 m.
1002 3275 1070 3331 2V
1137 3277 1286 3346 dproficit
1311 3279 1340 3331 Ε

194 3364 420 3419 §misericordis
438 3364 483 3418 dei
502 3365 530 3417 E
580 3365 730 3418 meiserans
755 3364 778 3416 V
828 3366 844 3416 6
866 3381 975 3432 quoqne
1001 3382 1032 3418 ea
1058 3381 1184 3432 quoquae
1210 3383 1245 3420 m.
1271 3364 1292 3419 2
1316 3366 1340 3420 V

195 3460 295 3520 quamq
313 3452 341 3520 (q
359 3451 387 3504 in
406 3469 458 3504 ros,
476 3469 493 3503 o
512 3469 544 3504 m.
564 3449 593 3518 2)
609 3451 633 3504 V
648 3468 775 3519 quenqne
787 3452 810 3502 Τ
861 3452 916 3505 7et
924 3451 1064 3504 saeculum
1079 3470 1135 3521 sup.
1149 3453 1193 3505 lin,
1203 3469 1220 3505 a
1230 3470 1264 3506 m.
1277 3450 1299 3505 2
1316 3452 1340 3507 V

193 3540 336 3592 Btantnm
356 3538 384 3590 in
403 3538 512 3591 sacculo
528 3537 578 3590 Pr
629 3553 684 3591 non
703 3537 786 3592 etism
800 3565 833 3573 -
846 3538 898 3590 nisi
917 3538 946 3590 in
965 3537 1046 3590 huius
1064 3539 1092 3590 in
1110 3556 1193 3608 merq.
1205 3538 1256 3608 ins.
1275 3541 1336 3593 add.

194 3625 297 3680 nu2V
348 3627 381 3679 12
398 3625 542 3692 nanue'l'
594 3623 628 3677 de
640 3624 700 3677 nita
712 3624 787 3678 esde
806 3624 893 3678 uitam
911 3624 1014 3677 m.2V
1064 3624 1141 3678 etde
1155 3626 1217 3679 iure
1236 3625 1339 3679 VH'E

194 3710 346 3765 decidimus
370 3712 405 3764 Vc
460 3713 493 3764 14
511 3711 697 3765 excidentium
718 3709 742 3758 P
795 3714 826 3764 16
846 3710 954 3779 profeta
978 3711 1053 3764 VRP
1074 3713 1142 3765 inter
1165 3711 1290 3767 ostendit
1314 3723 1337 3766 et

193 3798 301 3867 profeta
320 3799 444 3867 quaedum
472 3815 537 3850 cros.
557 3798 583 3849 P
633 3799 666 3851 17
684 3797 741 3851 illis
765 3817 820 3867 sup.
846 3799 890 3850 lin.
914 3815 931 3850 o
955 3795 1027 3850 m.2
1051 3798 1075 3851 V
1124 3805 1237 3853 cessent
1260 3801 1336 3854 enim

193 3884 350 3938 noluntates
368 3884 526 3938 libertatem
552 3882 798 3951 (libemacenffl'
848 3884 932 3938 etism
943 3884 1020 3937 RPT
1038 3889 1066 3938 et
1080 3885 1106 3939 V
1157 3887 1190 3939 18
1209 3886 1233 3940 si
1251 3901 1335 3954 qnae·

194 3972 243 4024 ric
263 3973 287 4023 Τ
337 3973 373 4026 20
390 3989 440 4040 per
466 3971 622 4025 libertatem
651 3989 681 4024 ex
707 3989 758 4040 per
781 3971 918 4026 libertatis
937 3990 969 4025 m.
988 3969 1009 4024 2
1031 3971 1056 4024 V
1106 3971 1261 4026 uoluntatis
1278 3990 1335 4043 arcp.

194 4059 237 4111 liu.
257 4077 273 4110 o
291 4057 363 4111 m.2
386 4059 410 4113 V
460 4059 558 4112 abraae
573 4057 782 4112 'i'habrahaeR
833 4060 866 4111 21
886 4058 964 4112 nulla
982 4059 1018 4112 sit
1034 4058 1119 4113 VPTe
1171 4061 1207 4114 23
1224 4059 1334 4114 miseri·

193 4144 288 4198 cordia
307 4142 332 4192 P
380 4146 415 4198 24
433 4145 462 4198 irr
481 4144 591 4198 saecnld
616 4144 663 4197 VT
688 4145 717 4197 in
736 4145 845 4198 saeculo
863 4145 915 4197 BP
965 4150 993 4199 et
1011 4145 1040 4198 in
1068 4145 1211 4200 saeculnm
1239 4163 1290 4200 om.
1313 4136 1383 4198 Γ

192 4233 228 4285 25
245 4231 427 4300 temporariae
451 4231 524 4285 VPT
575 4234 609 4286 26
628 4248 726 4300 gerens
745 4229 774 4300 (g
791 4241 814 4284 et
832 4249 846 4284 r
864 4232 892 4284 in
910 4229 974 4299 ros.)
991 4231 1019 4285 R
1071 4237 1183 4287 aeterna
1207 4233 1237 4286 V.
