2790 4844
365 277 550 325 tractatus
569 272 603 324 in
626 272 796 339 psalmum
816 272 932 325 exuta
1159 271 1222 337 847

71 458 203 524 collecto
216 480 325 526 ornnes
342 461 486 526 bumanae
502 462 700 528 infirmitates
716 470 747 528 ct
763 463 849 527 labes
865 483 1019 543 corporeae
1035 462 1222 527 auferentur.

71 563 222 644 absorpta
246 566 328 629 enirn
360 567 556 647 corruptione
580 573 610 632 ct
633 567 777 632 omnibus
813 566 956 632 humanae
991 573 1107 631 naturae
1141 567 1222 631 uitiis

71 667 232 732 deuoratis
263 669 451 751 incorruptio
482 676 598 736 aterna
620 677 651 735 ct
673 671 705 734 in
729 669 821 735 nullis
851 671 1041 736 anxietatum
1071 669 1222 734 mortibus

71 774 264 838 conterenda
284 777 438 840 succedet.
484 776 571 840 uenit
593 776 678 841 enirn
698 776 844 841 dominus
867 777 1039 841 secundum
1062 773 1221 858 euangelia

71 896 221 942 sanare
244 880 451 945 contritos
480 881 610 956 corde,
632 880 857 961 praedicare
880 880 1060 960 captiuis
1083 879 1219 944 remis·
1262 913 1275 949 a

70 981 231 1047 sionem
266 991 304 1048 et
336 984 454 1048 caecis
489 985 629 1061 uisum,
665 983 878 1049 dimittere
914 983 1154 1048 confractos
1183 982 1220 1050 in

69 1086 268 1168 requiem,
303 1088 535 1168 praedicarc
568 1108 712 1152 annum
747 1088 900 1154 domini
935 1094 1147 1167 acceptum
1185 1094 1223 1150 et

71 1190 181 1255 diem
203 1192 514 1258 retributionis.
561 1200 592 1259 et
615 1191 682 1257 haec
705 1194 829 1276 quidem
854 1212 909 1275 pro
932 1192 1098 1273 parteiam
1121 1197 1222 1274 empto

70 1299 154 1370 sunt,
186 1295 257 1377 quia
290 1316 346 1379 per
380 1297 541 1377 speculum
566 1298 648 1362 etin
672 1298 839 1381 aenigmate
863 1296 946 1361 etin
979 1296 1117 1379 imagine
1140 1295 1220 1360 futu·

69 1418 178 1462 rorum
212 1402 383 1465 secundum
418 1400 593 1482 apostolum
623 1403 827 1466 demoramur.
873 1402 929 1466 sed
958 1408 1062 1465 tamen
1084 1399 1220 1464 nondum
1247 1423 1271 1458 ιο
1367 1390 1370 1397 ’

69 1501 163 1566 nobis
187 1503 254 1568 eius
277 1505 427 1584 temporis
445 1505 561 1570 fructus
577 1512 632 1584 cst
655 1526 715 1589 quo
731 1505 902 1570 seeundum
918 1503 1101 1588 prophetam
1116 1502 1219 1568 dicere

69 1607 185 1689 adepta
208 1607 274 1687 spei
305 1609 576 1674 consummatione
599 1610 770 1692 possimus:
804 1618 1055 1686 conuertere,
1089 1607 1220 1671 anima

70 1729 167 1786 mea,
199 1711 236 1774 in
275 1714 461 1795 requiem
495 1722 618 1778 tuam:
650 1714 744 1797 quia
773 1713 958 1778 dominus
987 1713 1088 1777 benc
1117 1711 1220 1780 fecit

70 1813 181 1878 mihi.
226 1817 320 1899 qnia
343 1816 499 1898 eripuit
522 1818 696 1882 animam
719 1838 843 1882 meam
860 1818 905 1882 dc
922 1823 1056 1895 morte,
1080 1815 1219 1882 oculos

69 1938 180 1983 meos
218 1940 236 1982 a
273 1919 481 2002 lacrimis,
520 1921 646 2002 pedes
685 1940 791 1985 meos
825 1942 843 1984 a
877 1920 1002 2001 lapsu.
1048 1919 1219 2002 placebo
1247 1948 1271 1986 a

69 2022 233 2087 domino
264 2023 302 2087 in
333 2026 505 2108 regione
532 2025 724 2090 uiuorum.
771 2030 879 2090 sanate
902 2025 986 2089 enim
1009 2025 1093 2089 omni
1116 2024 1220 2090 cordis

68 2126 253 2191 contritione
277 2134 314 2206 et,
338 2148 377 2194 ne
402 2136 550 2211 perpetuo
569 2149 693 2194 rursum
717 2130 834 2207 subeat,
858 2127 984 2213 alligata
1006 2127 1056 2193 his
1078 2128 1220 2193 omnibus

69 2228 278 2295 humanarum
303 2232 485 2312 passionum
507 2233 739 2298 infirmitatibus
762 2232 883 2297 liberati
907 2231 1096 2313 placebimus
1113 2234 1171 2297 deo
1186 2231 1220 2296 in

68 2334 198 2417 regione
228 2335 379 2415 uiuorum,
417 2338 523 2402 anima
553 2345 658 2402 nostra
679 2338 711 2401 in
733 2337 875 2420 requiem
897 2356 994 2411 suam,
1019 2357 1056 2401 er
1079 2356 1142 2419 qua
1163 2355 1220 2416 per

70 2440 350 2522 transgressionem
383 2441 476 2521 primi
501 2442 638 2526 parentis
661 2441 709 2506 sui
733 2443 810 2505 Adae
834 2441 929 2506 eiecta
952 2453 1008 2518 cst,
1034 2445 1218 2506 reuertente.
1245 2466 1271 2503 ao

112 2630 141 2694 5.
166 2629 229 2694 Sed
260 2636 330 2713 post
360 2632 616 2712 pradicationem
647 2632 746 2696 sanati
780 2631 884 2696 cordia
906 2630 1000 2695 etiarn
1023 2631 1054 2694 id
1078 2629 1117 2694 ad
1140 2650 1217 2711 prae·

69 2733 191 2797 conium
216 2734 330 2800 dininae
354 2735 502 2801 bonitatis
527 2736 681 2800 adiectum
704 2740 765 2799 est:
797 2754 1016 2800 numerans
1040 2733 1218 2799 multitu·

68 2837 205 2902 dinem
239 2837 457 2905 stellarum
492 2845 530 2905 et
564 2839 750 2904 omnibns
780 2837 844 2904 his
875 2838 1219 2908 nominauoaans.

67 2941 91 3004 si
126 2939 194 3006 laus
229 2941 287 3007 deo
321 2943 360 3009 ob
395 2944 577 3008 aedificatam
613 2942 810 3025 corporaliter
843 2941 1038 3008 Hierusalem
1071 2942 1216 3016 defertur.

63 3045 143 3128 qnid
168 3044 220 3111 hic
242 3066 390 3113 numerus
415 3047 576 3112 stellarum
599 3055 630 3113 et
652 3047 777 3112 nomina
800 3055 958 3130 tamquam
973 3047 1012 3110 ad
1027 3047 1215 3127 praecipuam
1242 3071 1269 3111 ra

62 3149 165 3213 diuini
182 3151 284 3233 operis
302 3149 513 3216 laudationem
529 3151 756 3232 praeferuntur?
799 3157 851 3215 aut
866 3151 1017 3234 numquid
1033 3148 1215 3215 laudabilius

58 3254 125 3318 dcc
161 3260 209 3318 est
239 3274 424 3320 numerasse
448 3263 479 3321 et
501 3274 696 3334 nuncupasse
726 3253 831 3319 stellas
862 3274 952 3338 quarn
984 3274 1116 3332 creasse,
1146 3274 1215 3320 curn

58 3358 182 3422 creatio
213 3366 245 3423 et
274 3378 439 3423 numerum
471 3359 580 3425 feccrit
602 3365 632 3424 et
654 3359 781 3423 nomina
812 3358 981 3439 inposuerit
1004 3369 1032 3422 et
1057 3358 1214 3423 uocabulis

55 3461 194 3525 nomina
224 3482 453 3546 numerumque
486 3462 691 3528 discreuerit‘l
734 3463 789 3527 sed
812 3469 1015 3527 numerantur
1036 3461 1087 3526 hic
1110 3461 1214 3539 stellae,

56 3583 144 3647 quas
170 3564 333 3630 Abraham
366 3567 520 3632 contuitus
552 3566 584 3630 in
619 3565 692 3632 caelo
726 3574 784 3646 est,
817 3585 895 3649 quas
919 3565 1007 3631 Isaac
1040 3566 1158 3647 accepit
1179 3567 1211 3631 in
1241 3592 1267 3631 cc

55 3669 196 3746 semine,
221 3689 297 3752 quas
320 3669 432 3735 Paulus
457 3671 606 3736 discernit
620 3670 651 3734 in
668 3668 773 3755 gloria.
820 3670 902 3753 quod
917 3677 1020 3734 autem
1036 3670 1212 3735 nominibus

110 3845 127 3896 6
146 3842 214 3895 Luc.
233 3842 331 3910 IV,'18
349 3862 406 3913 seq.
444 3847 476 3899 12
495 3846 538 3899 Pa.
557 3844 650 3913 CXIV,
669 3847 685 3897 7
703 3862 743 3914 sq.

42 3971 49 3979 “
109 3983 315 4038 cataroae
368 3985 432 4038 arn
451 3984 646 4052 enigmataelt
700 3986 732 4037 14
750 3984 819 4038 mihi
840 3984 880 4037 ue
896 3984 949 4037 ror
967 3985 1007 4037 ro
1025 3985 1059 4053 cs.
1078 3984 1142 4036 aaa.
1161 3982 1212 4049 ru,

62 4068 175 4123 Modo.
230 4074 261 4125 18
279 4071 434 4126 libcrataR
486 4073 520 4125 25
539 4076 568 4124 et
585 4071 697 4124 nomina
710 4070 752 4136 R(
753 4070 779 4124 G
785 4071 809 4137 t)
821 4074 849 4124 et
859 4071 986 4124 omnibns
1004 4070 1048 4123 his
1066 4070 1216 4123 nominaE

59 4159 101 4209 26
127 4157 325 4226 praeferuntur
349 4158 376 4211 R
393 4157 573 4226 proferuntur
592 4159 619 4210 E
635 4159 670 4228 cf.
690 4176 719 4228 p.
737 4156 801 4223 ala,
825 4155 843 4211 9
895 4160 927 4211 31
956 4157 1096 4211 *secernit
1115 4156 1140 4209 G
1158 4156 1213 4210 dis·

61 4244 155 4280 munit
181 4244 231 4280 PF
