2790 4844
184 238 226 302 30
522 241 639 293 sancti
664 240 798 292 Hilarii
824 239 988 307 episcopi

184 428 304 511 lignum
343 428 429 493 dabit
465 427 582 493 fructus
621 449 700 493 suos.
749 429 935 510 ubicumque
976 435 1077 493 autem
1110 428 1148 491 de
1184 426 1336 492 fructibus

185 533 329 597 arborum
364 533 480 616 aliquid
516 533 637 597 diuinus
673 553 774 598 sermo
809 531 973 615 signifieat,
1008 531 1110 597 facere
1145 532 1246 612 potius
1282 551 1336 596 eas

186 637 327 714 fructum,
352 658 443 721 quam
467 638 541 702 dere
565 644 727 718 memorat,
752 658 821 701 cum
852 637 908 700 ait:
941 657 1016 700 non
1046 642 1184 717 potest
1214 636 1338 700 arbor

186 741 287 804 bona
317 740 440 805 malos
475 741 634 804 fructus
669 741 815 817 lacere,
851 748 881 804 et
913 760 983 804 curn
1015 741 1185 804 seeundum
1208 738 1338 803 Esaiam

187 845 324 927 querella
347 845 386 910 de
408 845 499 909 uinea
518 851 579 909 est:
604 846 828 926 expectaui,
851 845 958 928 inquit,
981 851 1022 908 ut
1045 843 1206 908 faceret
1229 864 1336 920 uuas,

187 949 288 1013 feeit
330 955 464 1013 autem
505 949 655 1030 spinas.
704 949 823 1031 lignum
857 955 959 1013 autern
999 948 1057 1012 hoc
1095 948 1181 1011 dabit
1218 946 1337 1012 smctus

186 1072 266 1132 suos,
290 1053 415 1117 arbitrio
440 1053 533 1116 dandi
557 1058 587 1116 et
608 1053 727 1117 ratione
744 1055 947 1117 moderatum.
992 1073 1063 1116 nam
1087 1051 1126 1116 in
1150 1058 1337 1131 ternpore

187 1177 255 1220 suo
280 1157 373 1221 dabit.
398 1163 428 1220 et
452 1178 512 1240 quo
535 1158 661 1221 tandem
687 1155 850 1238 tempore?
873 1176 985 1236 nempe
1010 1177 1054 1233 eo,
1078 1158 1117 1221 de
1141 1177 1200 1239 qno
1227 1156 1339 1220 beatus

186 1259 1338 1341 apostolusait1utnotnmfaceretnobissacramentnmuolun·

187 1364 1338 1449 tatissurasecundumplacitumquodproposuitinipso

187 1470 224 1532 in
242 1469 526 1549 dispensatione
543 1469 796 1550 plenitudinis
813 1476 1024 1549 temporum.
1049 1468 1107 1532 hoc
1120 1487 1194 1551 ergo
1212 1468 1337 1548 dispen-

187 1573 314 1637 sationis
327 1587 374 1636 est
386 1579 514 1653 tempus
536 1592 595 1656 quo
608 1580 638 1638 et
649 1574 821 1654 accipiendi
834 1579 863 1637 et
875 1573 970 1636 dandi
983 1573 1171 1653 oportunitas
1184 1579 1339 1653 tempera-

188 1683 322 1753 tur‚cum
333 1697 422 1740 suum
433 1677 630 1758 erittempus,
642 1677 955 1761 utacoipiantquibus
966 1677 1059 1740 dabit.
1076 1676 1340 1758 temporisautern

189 1800 275 1843 mora
298 1782 329 1844 in
352 1780 544 1860 plenitudine
569 1776 742 1861 temporum
758 1783 882 1862 pendet.
928 1780 1119 1862 dispensatio
1143 1781 1225 1846 enirn
1243 1781 1341 1844 dandi

150 1919 162 1953 a
189 1883 307 1948 fructus
341 1884 522 1965 plenitudini
556 1891 726 1966 tempomm
751 1892 934 1950 reseruntur.
981 1891 1011 1949 et
1041 1885 1092 1969 qui
1128 1885 1256 1949 tandem
1287 1884 1339 1948 hic

191 1988 424 2068 dispendendus
448 1991 507 2053 erit
530 1988 669 2055 fruetus?
712 2009 825 2070 nempe
849 1988 909 2067 ille,
934 1989 972 2054 de
995 2010 1055 2072 quo
1072 1991 1154 2053 idem
1181 1987 1340 2070 apostolus

190 2093 338 2170 meminit,
356 2093 478 2158 diceus:
503 2104 540 2158 et
563 2093 890 2168 transformabit,
915 2093 1022 2177 inquit,
1046 2113 1191 2174 eorpus
1215 2092 1340 2157 hnmi-

192 2196 330 2260 litatis
365 2206 512 2261 nostran
544 2199 748 2262 conforme
783 2199 944 2278 corpori
977 2197 1117 2281 gloria
1148 2218 1234 2262 suae.
1281 2197 1340 2261 hos

192 2320 266 2384 erge
289 2302 379 2365 nobis
403 2302 519 2366 fructus
543 2321 614 2366 suos
638 2302 733 2379 dabit,
765 2322 841 2385 qnos
865 2303 926 2366 iam
950 2303 981 2365 in
1005 2323 1049 2381 eo,
1085 2322 1178 2386 quem
1202 2302 1263 2366 sibi
1285 2303 1339 2366 ad-

138 2437 149 2473 a
190 2405 324 2485 sumpsit
348 2406 452 2488 etqui
476 2405 723 2489 siguificatnrin
747 2405 842 2489 ligno,
866 2405 991 2470 homine
1021 2407 1157 2490 perfecit,
1189 2426 1282 2489 quern
1307 2407 1338 2469 in

191 2508 419 2572 inmortalitatis
442 2529 505 2573 sum
529 2516 671 2574 naturam
695 2510 841 2591 absorpta
863 2509 1049 2574 mortalitate
1073 2510 1247 2575 transfudit.
1283 2511 1340 2575 erit

190 2631 265 2695 ergo
288 2620 321 2677 nt
344 2611 402 2677 hoo
426 2613 544 2696 lignum
569 2615 676 2678 beatus
699 2613 750 2678 ille
773 2616 827 2692 uir,
852 2635 922 2678 cum
947 2616 1070 2697 quando
1094 2616 1160 2695 ipse
1184 2615 1214 2677 in
1240 2613 1339 2698 gloria

191 2717 239 2781 dei
264 2718 387 2782 domino
412 2737 466 2783 suo
491 2718 657 2782 conformis
680 2719 841 2783 adstiterit.

233 2877 249 2926 a
268 2874 445 2950 narravit,
467 2878 506 2927 rs.
542 2877 559 2928 5
577 2875 650 2929 aar.
668 2876 701 2942 u,
720 2879 745 2930 a.
780 2879 797 2930 a
816 2876 916 2944 aptes.
935 2877 955 2943 r,
974 2879 999 2928 e.
1037 2878 1069 2930 rr
1087 2876 1206 2944 Philipp.
1226 2876 1274 2942 nr,
1296 2877 1338 2929 ar.

236 3083 304 3135 lde
317 3083 443 3152 frugibus
459 3086 484 3137 Γ
533 3083 673 3137 2diuinu
686 3100 776 3189 sermo
789 3083 896 3151 aliquid
914 3084 936 3135 V
985 3083 1339 3138 3sruot1'11lfructumea

191 3205 297 3257 fructus
322 3224 355 3256 m.
376 3206 391 3256 1
416 3207 440 3258 Γ
455 3206 592 3258 fructosa
645 3209 723 3272 potes
751 3221 817 3257 corr.
843 3206 914 3257 m.2
939 3206 963 3257 Γ
1029 3205 1171 3258 structus
1199 3206 1287 3259 malos
1312 3207 1340 3257 E

191 3291 292 3344 eseiam
311 3292 333 3342 Γ
391 3292 630 3359 dquaerellal'lt
683 3291 717 3342 de
736 3291 817 3344 uinea
836 3296 877 3344 est
896 3292 940 3353 (ea
959 3297 1001 3345 est
1018 3294 1046 3343 ia
1064 3289 1163 3356 reali?
1198 3291 1292 3360 inquit
1310 3311 1339 3344 ex

192 3377 289 3444 inquid
300 3379 324 3429 rt
377 3383 408 3430 ut
420 3379 524 3431 laceret
543 3395 610 3430 uuas
624 3378 691 3430 fecit
710 3378 773 3431 aute
793 3397 822 3430 ex
841 3385 872 3430 ut
884 3378 974 3431 facere
993 3378 1060 3430 duan
1080 3378 1143 3431 aute
1156 3396 1223 3430 corr.
1236 3378 1300 3431 aa?
1318 3380 1340 3430 Γ

191 3464 332 3532 dlignum
346 3464 434 3531 igitur
451 3465 473 3515 Γ
489 3465 596 3531 lignum
609 3480 700 3532 ergca
753 3463 837 3517 dauid
853 3465 877 3516 Γ
927 3466 1098 3532 9apostulna
1115 3465 1138 3517 Γ
1189 3467 1339 3517 atomlta

191 3550 336 3603 lateralia
399 3554 430 3602 10
448 3550 599 3603 secundnm
618 3551 821 3618 beneplacitum
834 3553 887 3603 RE
945 3554 975 3603 ll
995 3551 1024 3603 in
1043 3551 1276 3619 dispensationem
1288 3553 1343 3605 RE

194 3639 226 3689 12
238 3638 412 3704 oportunitas
430 3638 476 3690 l'R
488 3638 681 3706 opportunitas
693 3639 720 3689 Ε
756 3640 788 3692 13
800 3655 863 3690 cum
877 3655 956 3690 sunm
969 3639 1041 3690 enim
1057 3633 1109 3691 erit
1127 3639 1149 3690 Γ
1191 3639 1303 3692 dabitur
1320 3640 1344 3692 Γ

1198 3719 1208 3746 Ι

192 3760 351 3810 autem'ora
378 3760 402 3811 R
466 3761 499 3812 14
525 3759 628 3826 pendet
647 3787 679 3794 -
698 3764 854 3827 temporum
881 3778 928 3811 om.
957 3760 977 3810 Γ
1039 3761 1069 3810 15
1097 3765 1124 3812 et.
1152 3760 1341 3827 quitandelt

194 3846 226 3898 16
253 3844 457 3912 dispendendns
492 3847 557 3898 Vna
585 3844 633 3913 (cf.
653 3846 733 3897 I’rurl.
758 3847 785 3897 ia
813 3848 908 3912 Syrum.
936 3846 956 3907 Ι,
984 3846 1054 3908 oct)
1109 3846 1342 3914 dispensanduse

194 3932 226 3983 17
241 3936 269 3983 et
288 3932 496 3985 transformauit
522 3934 586 3985 Vlia
642 3931 820 3985 18n1·r'a=-lt
868 3933 1008 3986 conforme
1029 3934 1050 3983 Γ
1067 3933 1270 3986 conformatum
1288 3936 1345 3987 RE

193 4018 315 4085 corporis
334 4020 356 4070 Γ
406 4020 540 4072 claritatis
559 4037 624 4072 suae
644 4020 697 4071 RE
748 4021 782 4072 20
801 4019 829 4071 in
849 4019 925 4086 ligno
944 4018 1017 4071 hune
1036 4018 1146 4086 perficit
1166 4020 1188 4071 Γ
1238 4022 1273 4074 21
1293 4022 1343 4075 ab·

193 4145 268 4191 sorta
294 4140 339 4192 i'rt
408 4143 443 4193 22
471 4143 580 4208 quando
608 4160 638 4192 er
665 4138 699 4193 cir
718 4140 827 4207 quando
846 4142 871 4192 ll
924 4141 952 4193 in
976 4141 1093 4208 gloriam
1112 4144 1137 4194 ll
1207 4144 1242 4195 23
1261 4118 1344 4225 dom⁰

193 4243 259 4278 corr.
274 4246 305 4278 ra.
321 4233 339 4277 2
360 4228 389 4280 Γ.
