2790 4844
352 278 533 328 tractatus
552 275 586 327 iu
604 275 774 343 psalmum
795 275 940 330 CXXXIV.
1154 276 1216 342 709

118 467 168 532 23.
194 465 315 532 Dehinc
339 466 495 548 sequitur:
526 471 562 530 et
592 463 829 530 memoriale
860 473 966 530 tuum
990 466 1028 531 in
1052 486 1216 550 genera·

72 574 187 637 tione
221 577 260 636 et
291 570 611 655 generationem.
657 589 727 648 non,
762 569 842 634 sicut
872 590 964 652 saepe,
995 592 1013 635 a
1042 570 1155 636 saeculo
1185 572 1215 636 in

69 675 220 742 saculum
263 694 365 758 neque
404 694 422 739 a
455 673 707 757 generationibus
744 674 774 739 iu
813 675 1042 759 generationes,
1080 675 1135 740 sed
1176 677 1215 740 in

69 779 342 865 generatione
373 783 412 842 et
434 778 758 862 generationem.
803 784 834 845 et
857 777 915 843 hoc
938 799 997 842 non
1022 778 1216 856 denomino,

70 886 130 950 sed
153 885 192 949 de
215 881 394 949 memoriali.
440 881 621 947 memoriale
645 884 727 947 enirn
751 887 799 947 est
822 883 973 947 memoria
1006 902 1132 963 operum
1158 884 1215 953 dei.
1254 908 1267 945 a

72 1009 145 1072 qna
167 987 245 1052 libro
268 987 347 1072 legis
369 987 573 1052 continentur.
620 992 651 1050 et
673 987 746 1069 quia
768 986 817 1052 lex
840 993 870 1052 et
894 986 1074 1052 memoriale
1104 987 1153 1053 dei
1184 988 1214 1052 iu

69 1092 273 1176 generatione
296 1091 407 1171 prima,
439 1090 614 1155 ludaeorum
645 1090 771 1161 scilicet,
802 1110 899 1174 usque
929 1089 959 1154 in
990 1089 1214 1172 plenitudinem

70 1207 246 1277 temporum
270 1196 392 1275 mansit
416 1194 505 1260 sicuti
528 1193 610 1275 plebi
634 1195 775 1259 Sodomae
799 1202 830 1260 et
853 1195 1011 1260 Gomorra
1046 1216 1143 1279 usque
1175 1197 1214 1261 ad

69 1301 297 1382 plenitudinem
321 1299 438 1380 peceati
468 1318 559 1380 poena
582 1298 675 1363 dilata
698 1305 753 1372 est,
787 1301 832 1364 ita
865 1319 1042 1364 mensuram
1076 1300 1214 1365 omnium

69 1405 264 1486 impietatum
290 1403 484 1484 cumprime
513 1403 670 1487 generatio
701 1403 864 1484 explesset,
895 1403 1072 1468 memoriale
1103 1404 1152 1468 dei
1183 1410 1215 1470 et
1242 1430 1267 1466 a

69 1510 212 1574 omnium
246 1528 374 1592 operum
409 1528 534 1572 suoram
566 1509 712 1572 memoria
750 1508 781 1573 in
819 1508 1050 1593 generationem
1084 1507 1214 1573 alteram

67 1613 202 1691 transiit,
225 1613 255 1676 iu
273 1612 464 1676 Christianos
479 1631 624 1694 nauaque,
641 1631 709 1676 cum
727 1613 839 1696 quibus
854 1612 947 1677 hodie
963 1612 1042 1697 legis
1056 1612 1214 1677 ueneratio

68 1723 120 1782 eet
144 1724 174 1781 et
196 1715 366 1797 prophetia
389 1728 420 1781 et
442 1734 556 1780 nomen
579 1716 706 1780 domini.

116 1820 167 1886 24.
191 1821 303 1886 'lenuit
325 1827 427 1884 autem
450 1819 533 1884 huuc
563 1820 696 1885 eundem
728 1821 759 1885 iu
787 1821 1050 1905 consequentibus
1072 1820 1213 1886 ordinem

69 1927 196 1991 dicens:
220 1925 312 2008 quia
335 1923 538 1989 iudicabit
561 1924 746 1989 dominus
769 1923 957 2005 populum
980 1945 1091 1989 sunm
1115 1936 1152 1988 et
1175 1925 1212 1988 in
1242 1948 1266 1992 ra

68 2030 206 2094 seruis
230 2029 316 2093 suis
337 2026 629 2093 consolabitur.
675 2026 779 2092 differt
807 2028 934 2093 iudicari
958 2037 989 2093 et
1012 2027 1160 2093 consolari
1185 2034 1214 2093 et

70 2131 181 2197 differt
200 2131 331 2213 populus
353 2139 384 2197 et
406 2152 523 2196 seruus.
569 2132 599 2195 in
616 2132 716 2196 seruis
732 2139 833 2196 autem
851 2130 1025 2209 consolatio,
1048 2132 1079 2196 in
1101 2131 1214 2212 populo

67 2257 147 2302 uero
181 2236 330 2302 iudicium
363 2242 420 2300 est.
464 2233 609 2316 populum
644 2235 694 2300 dei
727 2233 847 2301 Israhel
881 2236 1053 2301 secundum
1086 2256 1212 2301 caruem

70 2345 280 2421 nuncupatum
305 2359 382 2417 esse,
403 2339 471 2423 quis
495 2339 616 2404 nescit?
661 2339 777 2404 dictum
801 2348 903 2405 autem
926 2341 965 2404 alr
988 2339 1126 2421 apostolo
1149 2345 1212 2405 est:

68 2445 200 2528 quiin
226 2443 624 2528 legepeccauerunt,
659 2463 728 2524 per
752 2443 885 2527 legem
908 2444 1211 2509 iudicabuntur.
1239 2466 1264 2503 eo

67 2548 276 2615 iudicabit
304 2567 379 2630 ergo
411 2547 508 2611 deus
530 2547 720 2628 populum
755 2567 882 2625 suum;
916 2551 972 2614 sed
1006 2549 1044 2612 in
1079 2548 1212 2613 seruis

67 2654 155 2719 suis
190 2649 484 2727 consolabitur,
519 2670 633 2732 nempe
662 2650 729 2720 illis.
761 2651 800 2716 de
834 2651 947 2734 quibus
980 2651 1124 2716 domiuus
1154 2651 1212 2716 ait:

68 2758 137 2840 qui
161 2755 299 2821 credit
320 2755 358 2820 iu
382 2774 449 2832 me,
472 2775 547 2819 non
571 2755 834 2834 iudicabitur,
864 2756 932 2821 aed
967 2755 1145 2820 transiet
1168 2755 1213 2822 de

66 2868 197 2925 morte
220 2861 259 2924 in
282 2859 422 2925 uitem:
457 2859 525 2942 qui
560 2866 690 2924 autem
725 2880 798 2924 uon
834 2859 977 2937 credit,
1008 2860 1084 2925 iam
1114 2859 1212 2925 iudi·

67 2971 184 3030 catus
221 2970 287 3030 est
331 2963 537 3029 consolabitur
560 2969 663 3029 autem
692 2964 836 3028 dominus
865 2964 1000 3029 iudicato
1030 2963 1150 3028 Israhel
1180 2964 1210 3028 iu
1239 2982 1264 3020 π

66 3070 170 3134 seruis
194 3068 267 3133 suis.
313 3069 345 3132 iu
369 3067 511 3133 omnibus
535 3067 616 3132 enim
639 3066 783 3133 fidelibus
807 3073 897 3132 terra
919 3066 1060 3133 solatium
1086 3066 1213 3132 habebit

66 3193 104 3238 ex
129 3175 252 3238 damno.

110 3278 164 3343 25.
187 3274 346 3340 Valuisset
369 3275 453 3340 enim
477 3273 622 3355 populum
647 3293 744 3352 suurn,
771 3294 864 3359 quem
888 3276 919 3339 in
943 3276 1082 3357 patribus
1105 3295 1212 3341 eorum

63 3379 233 3447 Abraham
258 3386 289 3444 et
311 3379 398 3444 Isaac
422 3385 453 3445 et
476 3378 567 3444 Iacob
591 3377 737 3463 elegerat,
772 3399 832 3443 nou
866 3379 1010 3445 iudicari:
1044 3380 1082 3444 ob
1117 3397 1212 3462 quem

62 3490 141 3567 post
162 3483 302 3550 diuersas
324 3482 433 3567 plagas
457 3483 638 3568 Aegyptum
662 3481 832 3560 addixerat,
856 3484 894 3548 ob
911 3503 1005 3566 quem
1020 3485 1049 3547 iu
1067 3483 1211 3548 columna
1239 3502 1263 3539 ³0

58 3590 152 3674 iguis
175 3600 205 3653 et
228 3588 318 3652 uubis
342 3587 509 3663 adstiterat,
543 3587 582 3651 ob
617 3607 711 3670 quem
746 3608 831 3652 mare
867 3587 1022 3664 diuiserat,
1057 3607 1211 3670 aquame

106 3748 147 3801 20
164 3744 242 3800 Rom.
261 3745 296 3810 ΙΙ,
315 3746 356 3799 la.
392 3746 427 3798 23
445 3743 502 3799 loh.
521 3744 553 3811 V,
572 3746 620 3811 243
639 3744 673 3798 ci.
692 3745 740 3812 111,
760 3747 800 3798 18.

108 3886 123 3938 l
147 3881 176 3935 iu
194 3882 372 3950 generatione
390 3886 419 3936 et
435 3881 614 3952 generatione
633 3882 673 3935 Pb
691 3881 719 3936 in
747 3882 927 3952 generatione
944 3887 973 3936 et
990 3884 1168 3952 generatione
1188 3886 1215 3937 Τ

52 3975 90 4027 in
110 3968 323 4039 generationem
340 3973 369 4024 et
388 3968 596 4038 generationem
615 3987 627 4023 e
645 3979 668 4022 et
685 3970 722 4022 ric
744 3970 816 4037 iasa,
843 3969 877 4038 cs.
905 3970 1096 4040 explicationem
1114 3972 1210 4026 Bened.

52 4062 93 4115 13
113 4059 149 4110 et
164 4055 287 4144 profetica
296 4054 541 4124 Vl'etprophetia
554 4056 581 4108 Ε
626 4056 880 4110 etnomeudomini
900 4056 928 4108 Ε
943 4062 1009 4110 nom
1026 4053 1081 4110 dm
1095 4059 1175 4111 Pom.
1188 4057 1214 4111 Τ

47 4166 93 4220 22
114 4158 161 4215 illi
179 4160 207 4213 P
255 4160 291 4214 23
308 4158 344 4213 de
363 4160 388 4212 P
404 4177 434 4212 ea
451 4176 468 4214 a
485 4177 552 4214 corr.
571 4159 596 4212 Τ
647 4160 682 4214 aa
701 4159 802 4213 israhel
826 4178 898 4230 supr.
922 4179 971 4214 aar.
991 4160 1017 4214 P
1067 4162 1101 4215 26
1120 4165 1212 4216 terrae

51 4250 100 4305 To
120 4253 201 4301 terra
219 4246 257 4300 Pe
292 4248 326 4302 81
344 4246 486 4301 adstiterit
505 4247 536 4300 P.
