2790 4844
149 215 212 280 450
486 215 603 268 sancti
627 214 761 267 Hilarii
789 213 952 283 episcopi

148 406 294 491 progredi
326 406 497 470 secundum
520 404 560 478 id,
585 405 667 487 quod
702 404 817 469 dictum
851 411 912 468 est:
947 405 994 469 de
1028 405 1152 470 corde
1184 402 1267 468 euin

150 516 297 575 exeunt
320 509 602 592 cogitationes
625 507 743 586 malae,
768 509 906 585 cuades,
940 507 1134 587 lasciuire,
1167 505 1268 574 forni-

150 614 345 695 cationes,
380 614 497 690 furtu
533 611 754 688 falsitates,
788 610 1058 694 blasphemiae
1093 612 1269 679 ethorun

150 718 313 783 similia.
359 716 418 783 hoc
442 718 536 802 igitur
569 716 786 782 inmaculatum
817 716 884 782 fieri
914 718 1107 798 deprecatur,
1136 717 1215 782 unde
1239 720 1270 779 tot

111 845 125 882 s
150 828 367 906 saporumque
382 822 524 886 uitiorum
541 823 626 905 quasi
644 843 681 886 ex
700 822 833 905 quodam
850 820 954 886 fomite
969 821 1057 886 initia
1068 829 1271 906 suggeramus

150 925 370 992 inmaculatum
394 932 496 991 antem
528 925 587 990 hoc
617 925 706 989 modo
737 925 839 989 sciens
868 925 945 1002 fieri,
967 925 994 989 si
1017 926 1047 989 in
1077 925 1271 991 iustificatione

149 1030 199 1095 dei
228 1036 366 1094 maneat:
390 1028 636 1094 iustificationum
659 1035 764 1093 antem
787 1027 870 1095 hunc
893 1029 1023 1094 fructum
1047 1027 1270 1115 esseintellegit

148 1155 188 1200 ne
212 1135 243 1198 in
267 1133 317 1198 his
341 1152 471 1198 manens
494 1132 707 1199 confundatur.
752 1132 891 1198 confusio
921 1133 1004 1198 enim
1038 1153 1076 1198 er
1098 1141 1271 1215 peccatorum

150 1238 341 1303 conscientia
364 1244 465 1302 estet
488 1258 524 1301 ex
548 1236 711 1318 opprobrio
734 1236 924 1302 delictorum.
968 1236 1021 1302 ubi
1045 1257 1120 1322 ergo
1154 1235 1270 1303 confusio

98 1365 122 1401 ιο
150 1362 209 1406 nou
235 1343 302 1420 erit,
325 1361 384 1407 nec
407 1348 569 1422 peceatum
593 1342 660 1407 erit.
706 1347 864 1422 peccatum
886 1362 959 1406 nero
990 1340 1041 1406 ubi
1071 1360 1133 1406 non
1163 1341 1224 1418 erit,
1246 1338 1268 1402 in

150 1446 420 1512 iustificationibus
444 1446 493 1512 dei
517 1447 700 1511 manebitur.
745 1445 975 1512 iustificationes
997 1455 1100 1512 antem
1122 1446 1172 1512 dei
1191 1447 1268 1511 inma-

150 1549 285 1615 culatum
308 1572 360 1616 cor
381 1570 451 1616 esse
472 1550 670 1632 praestabunt.

661 1721 779 1805 cult.

195 1862 617 1928 Defecitinsalutare
634 1862 1049 1940 tuumauimamen,et
1072 1863 1109 1927 in
1126 1860 1265 1926 uerbum

87 1988 124 2024 ¹u
152 1973 256 2031 tuum
281 1987 399 2048 spero
422 1965 602 2050 etreliqua.

196 2089 224 2153 1.
250 2088 377 2153 Naturae
400 2087 544 2153 humanae
567 2096 623 2166 cst,
639 2097 679 2161 ut,
694 2107 764 2153 cum
780 2088 820 2154 id.
837 2089 917 2171 quod
934 2088 1099 2157 desiderat.
1114 2108 1172 2152 non
1187 2086 1264 2167 potest

151 2192 300 2270 obtinere,
335 2212 390 2273 per
424 2192 570 2258 desiderii
607 2193 710 2277 iugem
748 2192 948 2273 cupiditatem
986 2193 1081 2256 animi
1118 2188 1263 2258 defectione

151 2303 300 2362 teneatur.
346 2304 376 2361 et
399 2296 457 2362 hoc
488 2316 580 2361 nosse
614 2319 650 2362 en
685 2296 761 2377 ipsis
795 2295 977 2360 adfectionis
1009 2303 1123 2362 nostre
1157 2292 1263 2359 modius

151 2407 328 2482 promptum
363 2409 418 2478 est,
451 2401 482 2465 in
518 2410 662 2484 quantam
697 2399 792 2465 enimi
825 2400 1029 2466 defectionem
1064 2420 1176 2472 eornm,
1206 2407 1263 2480 q11⁰s

100 2523 125 2561 ω
151 2504 372 2582 desideramus,
415 2505 625 2585 expectatione
661 2504 848 2588 redigamur.
905 2503 1055 2585 propheta
1092 2505 1199 2589 itaque,
1227 2490 1262 2560 dli

151 2609 252 2674 omnis
275 2610 315 2674 ad
338 2611 430 2674 deum
455 2608 626 2689 expectatio
650 2615 705 2685 est,
728 2608 777 2673 eui
800 2627 890 2673 omne
913 2608 944 2672 in
960 2609 1116 2674 mandatis
1131 2609 1191 2674 eius
1204 2596 1262 2668 dai·

152 2714 274 2778 derium
297 2720 352 2790 est
375 2712 509 2797 loquitur
531 2720 561 2777 et
584 2713 672 2777 dicit:
707 2712 863 2777 defecit
897 2713 934 2776 in
970 2712 1152 2778 salutare
1182 2716 1260 2775 tuan

151 2819 285 2882 anima
308 2837 401 2892 mea,
425 2824 463 2881 et
484 2817 523 2880 in
548 2817 709 2881 uerbum
735 2824 842 2882 tunm
861 2836 989 2898 spero.
1035 2803 1259 2882 nonhabetdie

152 2940 221 3004 quae
246 2921 436 2986 desiderium
458 2940 548 2986 suum
571 2927 727 3002 occupent,
751 2930 781 2986 et
804 2921 902 2985 sancti
932 2921 1085 3002 cupiditas
1115 2940 1172 2986 uon
1198 2911 1260 2980 uadl

196 3107 209 3157 l
230 3104 327 3158 Matth.
346 3103 404 3171 XV,
423 3106 464 3157 19.

194 3251 477 3321 2fornigationest'¹
529 3251 722 3305 Bblasfemiae
740 3252 761 3304 V
770 3251 938 3320 blaspemiae
952 3253 976 3305 C
1025 3255 1093 3307 dut
1105 3252 1138 3306 de
1153 3251 1175 3303 V
1215 3231 1263 3326 Vll

151 3337 396 3393 iustificationibus
412 3339 462 3409 pE
512 3340 528 3390 7
556 3331 585 3392 di
609 3343 718 3392 maneat
736 3337 964 3392 iustificationum
982 3341 1042 3392 cdd.
1067 3357 1100 3391 tu.
1125 3337 1144 3392 2
1165 3337 1187 3388 V
1204 3327 1276 3413 iu⁸²¹2

151 3423 285 3479 ficationd
304 3444 333 3478 ec
351 3424 545 3479 iustificatione
563 3443 630 3479 corr.
642 3443 676 3478 m.
692 3427 705 3477 1
715 3426 740 3478 R
793 3425 932 3494 intellegit
950 3443 981 3478 ex
998 3424 1170 3496 intellegenti
1186 3400 1265 3475 mil

151 3564 260 3618 8enim
288 3581 321 3618 ea
349 3567 371 3618 0
421 3569 484 3619 9et
511 3583 558 3617 cm.
592 3565 617 3617 V
674 3522 809 3634 oppobrio
838 3582 905 3618 corr.
931 3582 965 3616 m.
992 3563 1011 3616 2
1044 3565 1069 3618 V
1092 3557 1226 3633 obprobrio
1247 3531 1288 3599 Β

151 3649 276 3718 Explicit
294 3650 390 3705 littera
414 3651 521 3704 decime
547 3649 645 3719 incipit
664 3651 759 3705 littera
776 3650 923 3705 undecima
940 3649 1067 3705 feliciter.
1086 3648 1210 3706 sanlitori
1222 3631 1297 3696 ult,

151 3735 256 3804 legenti
285 3737 412 3791 doctrina
436 3737 459 3789 l'
475 3737 551 3790 Finit
569 3739 594 3789 R
613 3737 688 3791 Finit
715 3737 775 3791 loth
794 3737 836 3791 lit.
855 3737 879 3790 X
898 3736 981 3806 incip.
1004 3736 1062 3791 Kal
1083 3738 1124 3792 lit.
1143 3737 1180 3792 Xl
1198 3704 1303 3790 alifi

152 3820 215 3893 uia
232 3842 257 3894 x
275 3841 352 3910 incip
370 3841 457 3895 narr
478 3841 552 3911 mp
605 3843 638 3895 13
656 3840 712 3894 aar
727 3843 752 3893 c
769 3840 826 3894 nat
850 3841 874 3894 V
923 3842 956 3895 ιτ
981 3842 1110 3911 optinere
1130 3845 1152 3897 c
1200 3835 1286 3895 aeret

152 3926 256 3980 tionem
281 3928 305 3977 V
358 3930 389 3982 19
406 3933 565 3996 promptum
584 3925 810 3996 exproptumtiu
829 3945 894 3981 corr.
916 3946 948 3979 m.
969 3927 1034 3980 21⁷
1082 3931 1118 3984 20
1135 3929 1272 3999 redigimus

152 4032 183 4067 a
208 4015 370 4082 redegamus
397 4034 430 4068 m.
457 4014 478 4067 2
510 4016 535 4068 V
601 4015 645 4068 cui
673 4016 702 4067 in
729 4019 794 4068 ones
821 4014 856 4068 ad
883 4013 931 4068 dm
957 4016 1116 4084 expectatio
1143 4021 1186 4072 est
1208 4011 1278 4069 l'cui

152 4102 309 4169 expectatio
328 4102 417 4156 omnis
436 4101 470 4155 ad
489 4102 572 4155 deum
590 4107 632 4155 est
646 4100 682 4171 pb
700 4101 789 4155 omnis
817 4101 974 4170 expectatio
1001 4101 1036 4155 sd
1063 4102 1149 4158 deum
1169 4101 1281 4170 estleia

153 4187 208 4247 cui)
230 4189 253 4240 0
301 4190 337 4242 22
354 4188 383 4241 iu
402 4189 517 4242 salutari
535 4195 583 4242 tuo
603 4190 630 4241 C.
