2790 4844
419 257 599 306 tractatus
617 253 651 305 in
669 254 840 321 psalmum
860 252 981 307 CXVIII.
1206 253 1269 318 417

122 463 234 509 coram
257 444 383 526 regibus
407 450 438 507 et
460 444 663 524 potestatibus
686 442 855 523 praedicari,
878 463 979 527 neque
1002 464 1058 509 nos
1077 451 1272 511 terrenarum

126 555 315 628 potestatum
351 548 397 611 las
431 554 478 613 est
510 548 576 613 iure
613 548 731 624 terreri,
769 548 933 631 quominus
971 549 1053 613 omni
1092 550 1271 615 contusione

126 652 245 716 reiecta
268 653 420 716 constanti
443 658 474 716 et
497 649 619 732 publica
641 649 703 716 lide
726 651 827 726 deum,
850 653 903 736 qui
926 659 1075 736 negantes
1102 659 1271 737 negaturus

126 756 177 833 eit
201 775 262 819 non
286 774 444 840 negemus.
492 763 644 836 potestat
670 775 773 822 sermo
803 755 842 820 ad
873 776 925 821 eos
948 756 1067 835 referri,
1097 757 1272 840 dequibus

127 859 285 939 apostolus
322 850 379 924 ait':
417 860 493 924 iam
531 860 619 925 sine
657 860 774 924 nobis
812 861 1009 944 regnatis,
1048 873 1085 926 et
1117 861 1270 926 utinam
1311 888 1323 924 a

127 964 331 1047 regnetis:
362 965 472 1041 idest,
496 971 655 1047 tamquam
680 964 710 1027 in
734 972 900 1043 conspectu
925 971 1112 1043 sanctorum,
1136 967 1189 1048 qui
1212 965 1270 1030 uti·

127 1088 188 1151 que
211 1067 390 1151 frequenter
412 1087 505 1151 reges
529 1074 617 1133 terrae
641 1075 712 1132 sunt
735 1070 910 1149 nuncupati,
934 1067 1086 1150 propheta
1108 1070 1160 1134 dei
1183 1070 1269 1135 testi-

127 1173 232 1237 monia
255 1173 295 1237 sit
324 1173 441 1238 loontns
475 1192 576 1256 neque
599 1172 743 1238 confusus
767 1173 806 1237 sit
829 1192 884 1253 per
906 1174 1157 1254 pradicationem
1180 1193 1269 1239 suam

128 1278 276 1342 doctrinae
299 1276 431 1342 celestis
449 1277 588 1342 instituta
603 1278 751 1356 prebere.
796 1278 923 1362 gemina
938 1286 1043 1344 autem
1058 1277 1271 1362 intellegentia

126 1380 311 1447 electionem
326 1380 546 1465 intellegentiae
562 1401 600 1446 ex
616 1401 649 1446 se
666 1388 799 1465 praestat,
815 1391 856 1459 ut,
869 1383 942 1464 quia
956 1388 1121 1466 atrumque
1134 1403 1172 1447 ex
1184 1384 1269 1448 teeti-
1298 1406 1322 1443 ιο

126 1486 239 1550 monile
259 1485 483 1566 scripturarum
501 1483 639 1569 intellegi
659 1494 834 1567 promptum
855 1494 909 1563 eet,
930 1493 1156 1570 aututmmque
1172 1487 1267 1572 signi-

126 1588 252 1655 ficatum
270 1590 469 1663 existimetur,
489 1597 540 1654 aut
559 1591 640 1673 quod
656 1591 757 1674 magis
777 1591 931 1655 uidebitur
951 1589 1111 1671 probabile
1129 1590 1268 1675 eligatur.

171 1694 221 1758 11.
245 1692 294 1758 Et
328 1693 557 1758 meditabar
590 1696 628 1758 in
664 1695 868 1759 mandatis
903 1696 993 1772 tuis,
1028 1716 1111 1778 quae
1143 1693 1269 1760 dilexi

125 1797 399 1863 uehementer.
444 1819 505 1862 non
529 1797 628 1862 solum
651 1799 746 1880 igitur
768 1797 850 1882 loqui
875 1819 931 1863 nos
954 1799 985 1862 iu
1009 1798 1195 1864 testimoniis
1218 1798 1267 1864 dei

126 1902 279 1979 conuenit
302 1902 358 1966 sed
381 1900 460 1986 legis
484 1904 631 1968 mandata
653 1903 756 1967 omnia
779 1903 887 1967 diurna
910 1902 1108 1967 meditatione
1126 1902 1268 1968 retinere.
1297 1924 1322 1960 ²⁶

126 2024 227 2088 neque
252 2013 372 2069 tantum
395 2007 555 2072 meditatio
577 2006 660 2071 utilis
684 2014 741 2083 est,
764 2007 824 2072 nisi
848 2006 895 2072 lex
918 2009 992 2089 ipsa,
1016 2027 1085 2090 quae
1113 2007 1145 2070 in
1169 2006 1268 2071 medi·

129 2111 240 2174 tatione
263 2119 319 2188 est,
349 2109 503 2194 diligatur,
535 2131 635 2194 neque
659 2110 789 2195 diligere
812 2112 968 2177 communi
992 2111 1158 2177 dilectione
1181 2110 1267 2176 suffi-

131 2212 194 2292 ciet,
218 2214 278 2279 nisi
301 2214 393 2279 etiam
416 2213 620 2281 uehementer
642 2215 683 2293 id,
706 2216 789 2299 quod
813 2215 959 2300 diligitur,
983 2214 1138 2300 diligatur.
1174 2220 1267 2298 atque

133 2313 195 2381 ideo
218 2316 301 2383 hunc
324 2338 447 2383 omnem
470 2319 616 2399 perlecta
639 2320 766 2384 rationis
789 2320 928 2384 ordinem
944 2339 1046 2384 sermo
1069 2317 1268 2400 propheticus

130 2423 277 2493 percurrit
300 2423 421 2488 dicens:
457 2433 495 2488 et
517 2424 748 2488 meditabar
771 2424 808 2487 in
831 2424 1037 2488 mandatis
1071 2424 1160 2501 tuis,
1184 2442 1268 2506 quae
1296 2449 1321 2486 20

130 2517 253 2591 dilexi
277 2526 554 2593 uehementer.

171 2630 219 2694 12.
243 2630 306 2696 Sed
329 2649 429 2714 neque
451 2631 610 2697 meditatio
645 2631 723 2716 legis
757 2652 858 2715 neque
891 2633 960 2712 ipsa
994 2630 1115 2696 dileetio
1138 2631 1268 2711 inpensa

118 2731 266 2811 sufficiet,
294 2735 353 2799 nisi
387 2734 521 2800 fructum
544 2755 672 2816 operum
706 2742 737 2800 et
770 2735 934 2800 uoluntatis
967 2734 1136 2800 efficientia
1158 2753 1267 2800 conse-

114 2840 244 2906 tuam.
291 2859 392 2923 neque
415 2839 447 2903 in
470 2838 531 2904 hoc
553 2838 704 2919 propheta
726 2840 876 2917 cessauit3
911 2841 953 2904 ait
986 2827 1086 2904 enim:
1123 2845 1161 2904 et
1191 2837 1268 2903 tuli

105 2941 265 3007 manue
299 2963 407 3008 meas
444 2943 491 3007 ad
525 2945 714 3009 mandata
748 2949 822 3019 tua,
858 2963 941 3027 quae
975 2942 1104 3008 dilexi
1139 2942 1266 3007 ualde.
1294 2966 1320 3007 ac

157 3081 187 3134 ὃ
205 3082 216 3135 Ι
235 3083 296 3136 Cor.
314 3087 339 3148 4,
359 3086 383 3138 8.

163 3206 376 3262 lterrenorum
401 3209 426 3261 V
474 3209 634 3263 liceminne
664 3209 687 3262 Ο
736 3211 904 3275 3negantee
931 3223 960 3261 ee
986 3209 1001 3260 b
1053 3209 1070 3261 4
1094 3208 1270 3275 negnmneC

89 3273 103 3322 ⁶
136 3299 191 3347 Gt
206 3295 346 3364 apostolus
371 3296 433 3367 VCp
477 3298 547 3366 sort.
566 3296 704 3366 regnastis
757 3302 785 3350 et
803 3313 852 3349 om.
873 3296 910 3365 Cp
963 3294 1118 3363 regnaretis
1141 3294 1266 3364 VCsort.

89 3375 193 3434 '⁹010
215 3383 248 3449 cs.
271 3383 336 3436 aab.
361 3383 379 3434 J
383 3383 412 3448 V,
436 3382 474 3436 85
527 3387 544 3439 8
568 3400 633 3438 suae
658 3384 684 3435 R
736 3386 753 3437 9
779 3383 891 3451 gemina
913 3388 1006 3436 autem
1030 3381 1266 3449 intellegentia÷

92 3443 206 3519 (erm.
224 3469 252 3532 e)
271 3469 391 3523 lectione
408 3469 616 3539 intellegentiae
635 3471 660 3522 R
677 3470 864 3538 geminantem
887 3469 1080 3537 intellegentia
1098 3467 1263 3521 electionem

93 3530 358 3654 iuteltegentiec
383 3557 522 3626 geminam
549 3563 642 3610 autem
669 3556 877 3625 intellegentiae
904 3555 1052 3610 lectionem
1077 3555 1101 3608 V
1126 3554 1263 3623 geminam

103 3669 217 3728 altem
234 3677 318 3731 lectio
336 3678 550 3747 intelligentiam
566 3679 616 3748 pE
667 3680 699 3732 ll
714 3687 774 3748 post
792 3677 918 3746 intellegi
938 3696 980 3730 un.
999 3679 1045 3730 litt.
1060 3695 1125 3729 erce.
1139 3677 1165 3729 R
1217 3681 1266 3731 aut

109 3743 141 3796 5¹⁸
168 3776 230 3830 raa,
247 3762 345 3833 utrEq3
363 3783 435 3836 capr.
454 3783 502 3818 scr.
521 3765 547 3818 R
601 3767 634 3818 12
652 3770 700 3818 aut
726 3781 790 3818 cum
816 3765 905 3833 magis
933 3765 1008 3827 lenm
1035 3765 1094 3817 edd.
1120 3781 1153 3815 m.
1180 3762 1213 3828 2)
1243 3763 1266 3814 V

118 3825 436 3920 eligutur-exlegaturld
490 3854 522 3907 18
540 3852 696 3906 meditabor
721 3851 748 3918 V,
766 3853 812 3903 sed
828 3852 863 3920 cs.
882 3853 927 3904 lin.
946 3849 985 3903 20
1039 3852 1071 3904 15
1090 3849 1221 3905 diuturna
1240 3851 1268 3902 Ε

128 3936 240 4008 ‘stipere
268 3955 293 4007 R
319 3972 485 4025 percensere
507 3958 559 4027 pE
610 3959 642 4010 16
660 3960 740 4009 tantu
764 3955 788 4008 V
812 3939 941 4036 tantl't'R
994 3956 1026 4008 17
1046 3953 1175 4038 diligitur
1198 3953 1219 4018 (i
1237 3955 1264 4005 in

136 4054 217 4122 sua-3)
234 4059 260 4112 R
278 4059 370 4112 onas]
419 4060 454 4116 20
471 4060 694 4128 percucurritV
744 4063 777 4114 21
797 4059 882 4112 dilexi
899 4059 1046 4129 ualdeCpe
1099 4059 1264 4112 221οά116-

144 4146 184 4199 lue
200 4170 229 4181 -
247 4146 328 4200 ualde
347 4163 395 4199 om.
416 4149 439 4199 t'
454 4148 502 4202 eed
520 4164 610 4216 neque
628 4147 668 4200 ait
686 4147 760 4199 enim
780 4163 828 4198 om.
843 4164 878 4216 pe
930 4147 964 4199 23
991 4145 1098 4198 fructus
1124 4146 1145 4198 V
1179 4145 1214 4198 24
1236 4149 1264 4198 et

143 4231 203 4283 oen
220 4250 315 4287 manne
330 4234 381 4303 pE
430 4237 465 4289 25
483 4236 564 4290 ualde
582 4252 631 4288 om.
646 4252 688 4304 pe.

180 4349 248 4392 xxn.
262 4351 336 4394 ntur.
350 4353 407 4394 mee
420 4363 472 4403 pm
485 4354 505 4395 1.
1075 4337 1110 4390 27
