2790 4844
314 277 494 326 tractatus
514 273 548 325 in
567 274 739 342 psalmum
759 274 868 332 exau,
1099 273 1162 339 809
1220 321 1222 325 .

78 465 176 530 iecit
199 443 375 544 spiritus
406 482 525 527 meus.
572 483 675 527 moras
698 464 834 544 corporis
858 465 904 528 sui
928 464 1079 545 propheta
1102 485 1161 528 non

81 577 132 633 tur
155 575 184 632 et
215 568 385 632 secundum
421 566 496 632 iliud
532 567 676 646 apostoli:
712 566 889 632 dissolui
924 588 982 632 me
1016 568 1162 633 meiius

101 680 248 738 etcum
273 670 439 736 Christo
474 691 564 736 esse
599 680 630 736 et
653 670 743 736 iilud:
779 673 903 736 miser
933 692 1005 756 ego
1037 672 1161 748 homo,

78 778 110 842 is
132 797 191 841 me
214 776 416 841 liberabit
439 778 485 841 de
509 795 679 856 corpore
701 775 1005 842 mortishnius?
1027 776 1161 842 etiilud:

77 882 113 946 ia
150 882 187 945 in
226 880 300 945 hoc
334 881 467 975 ueteri
499 879 769 944 tabernaculo
807 882 1162 964 congemescimns
1202 909 1215 943 c

78 985 311 1050 siderantes
342 983 585 1063 superindui
616 984 708 1048 tredia
743 990 774 1049 et
806 984 873 1065 ipse
906 985 937 1049 in
962 984 1019 1049 boc
1054 987 1162 1050 mortis

78 1109 148 1170 ¹nore
170 1089 292 1170 patitur,
323 1091 378 1153 sed
402 1087 598 1153 uelocitatem
630 1088 742 1166 anxilii,
773 1091 855 1172 quod
886 1089 925 1152 ob
956 1089 1161 1155 defectionem

78 1193 143 1258 itus
167 1190 357 1274 deprecatur,
375 1212 447 1256 cum
463 1192 564 1276 gratia
580 1191 677 1256 diuini
693 1192 723 1255 in
741 1211 775 1256 se
791 1193 928 1258 muneris
939 1200 1024 1274 optat
1035 1193 1161 1274 expleri.

78 1300 93 1364 1
117 1297 200 1362 enim
224 1297 283 1361 sibi
306 1296 444 1376 proderit
467 1296 644 1360 exauditum
661 1315 730 1361 esse
745 1295 900 1373 uelociter,
923 1297 984 1361 nisi
1002 1305 1160 1381 tamquam

79 1400 119 1466 iis
142 1407 173 1464 et
196 1402 254 1466 deo
277 1400 403 1481 placens
427 1407 457 1463 et
479 1400 578 1464 beatis
594 1398 670 1464 locis
687 1400 845 1482 quietums
861 1402 991 1466 excedat
1010 1403 1161 1482 corpore?
1190 1426 1213 1462 ιο

82 1504 155 1569 .Et
176 1505 291 1570 idcirco
314 1504 371 1568 ait:
396 1523 470 1567 non
494 1511 658 1568 auertas
682 1504 833 1569 faeiem
857 1511 962 1569 tuam
985 1526 1003 1570 a
1026 1525 1099 1570 me:
1124 1514 1160 1571 et

78 1607 171 1673 iilis
195 1629 263 1673 ero
288 1608 642 1674 descendentibus
665 1609 704 1673 in
728 1608 867 1673 lacum.
892 1608 1159 1690 lacumpoenclem

78 1733 187 1777 romm
210 1712 313 1777 locum
338 1713 490 1793 scriptura
512 1720 746 1790 commemorat,
769 1719 804 1777 ut
825 1715 855 1777 in
881 1712 929 1779 his
952 1713 1080 1794 psalmis
1103 1714 1160 1779 ait:

97 1817 265 1890 domine,
296 1816 544 1881 abstraxisti
575 1817 621 1881 ab
652 1817 787 1882 insero
819 1817 991 1881 animam
1027 1837 1160 1896 meam,

78 1921 197 1985 uasti
228 1941 286 1985 me
317 1940 336 1985 c
366 1921 722 1986 descendentibus
751 1922 790 1986 in
820 1921 956 1986 lecum.
1002 1941 1078 2005 ergo
1101 1923 1160 1988 nisi
1189 1945 1213 1980 a

78 2045 114 2090 es
145 2025 204 2102 dei,
234 2025 286 2107 qui
317 2025 421 2107 utique
446 2024 588 2090 Christus
620 2031 675 2104 est,
707 2025 759 2109 qni
789 2027 895 2111 imago
925 2027 975 2091 dei
999 2026 1161 2092 inuisibilis

106 2128 274 2210 unicuique
311 2137 417 2192 saneto
455 2128 597 2205 adfuerit,
636 2129 694 2193 crit
726 2127 787 2193 illis
820 2128 940 2211 similis,
976 2130 1027 2212 qui
1063 2149 1162 2214 poenae

78 2234 130 2298 rni
154 2233 292 2312 deputati
316 2251 353 2295 ex
377 2233 441 2297 nita
465 2231 523 2296 hac
546 2232 613 2297 sine
637 2253 692 2312 spe
711 2229 828 2316 'quietis
852 2234 1049 2298 excesserint.

80 2338 110 2402 0.
135 2337 198 2402 Sed
232 2338 270 2403 de
305 2359 359 2419 spe
394 2358 450 2403 sua
482 2337 634 2418 propheta
670 2358 732 2401 non
767 2338 899 2422 ambigit
937 2359 1037 2423 neque
1076 2345 1161 2404 extra

78 2440 207 2525 agelioee
230 2443 402 2508 securitatis
432 2440 579 2506 fiduciam
613 2448 666 2515 est,
698 2454 837 2522 tempore
867 2443 993 2526 quidem
1017 2443 1083 2523 ipsc
1107 2463 1161 2507 an·
1188 2461 1213 2497 a

78 2567 118 2623 nr,
135 2549 189 2612 sed
204 2547 234 2610 in
248 2547 356 2628 spiritu
369 2546 526 2628 apostolici
539 2547 644 2630 gaudii
657 2547 821 2638 particeps,
834 2547 889 2630 qui
900 2547 1158 2611 resurrectionem

78 2651 135 2714 riui
150 2658 331 2715 contuentes
348 2651 552 2715 eternitatem
568 2653 756 2715 caducorum
773 2670 934 2731 corpcmm
952 2652 1159 2716 crediderunt.

78 2754 156 2819 enim
179 2755 381 2837 consequenti
405 2755 462 2819 ait:
498 2754 677 2819 auditam
700 2754 765 2820 fac
790 2754 886 2818 mihi
911 2774 1023 2820 mane
1046 2755 1161 2820 mise-

84 2859 241 2924 ordiam
258 2864 379 2923 tuam:
400 2858 547 2941 qniain
566 2860 977 2939 tesperauidomine.
1002 2860 1160 2924 matutinae

78 2983 121 3027 tm
146 2962 236 3026 huius
256 2963 475 3027 misericordiae
495 2962 643 3046 gaudium
667 2962 741 3028 locis
760 2962 902 3044 plurimis
922 2965 1158 3041 demonstratur,
1187 2979 1212 3016 π

81 3072 147 3130 tum
172 3087 243 3131 cum
266 3067 322 3131 eit:
347 3068 394 3131 ad
416 3085 631 3146 uesperam
654 3066 936 3132 demorabitur
961 3065 1099 3135 fletus.
1123 3072 1161 3131 et

94 3275 166 3329 ean.
191 3274 211 3342 1,
236 3276 278 3328 so.
313 3274 575 3342 onom.v11,24.
612 3274 674 3327 sn
698 3274 759 3328 cor.
784 3275 808 3342 s,
832 3278 856 3329 a.
896 3277 929 3329 14
946 3275 990 3329 es.
1015 3276 1111 3343 xxia
1135 3278 1160 3330 4.

78 3362 110 3416 a,
128 3363 228 3427 xxix,
247 3366 272 3417 c.

92 3570 137 3607 mc
166 3570 251 3622 onap
304 3555 390 3621 bego
418 3570 465 3605 om.
494 3552 520 3605 R
571 3552 738 3606 dlibercuit
766 3553 792 3605 R
844 3553 1115 3621 deongemcecimus
1135 3554 1160 3605 1.)

78 3642 147 3694 Stclz
175 3640 205 3693 L.
228 3638 295 3705 366,
323 3641 384 3693 Sim
411 3640 488 3692 Aret.
516 3639 538 3705 I,
567 3636 624 3692 492
651 3638 883 3706 congemiscimus
908 3639 957 3711 pE
1025 3641 1042 3692 6
1068 3639 1161 3692 taedia

78 3744 117 3794 ree
136 3728 161 3781 R
179 3727 302 3781 taedium
320 3730 349 3780 et
367 3725 426 3794 ipse
445 3744 458 3777 e
476 3725 599 3780 taedium
624 3725 683 3794 ipse
700 3726 734 3794 pb
788 3729 822 3780 10
839 3726 956 3780 excedet
984 3726 1065 3779 GRE
1086 3743 1161 3780 rece·

78 3832 98 3885 p
151 3830 268 3883 corpore
289 3813 347 3866 Ge
365 3830 480 3880 corpore
500 3812 572 3882 RpE
625 3812 657 3865 14
675 3812 710 3865 cb
734 3811 823 3865 iniero
844 3811 896 3864 GR
913 3813 949 3866 eb
975 3811 1107 3883 iniericp
1126 3814 1161 3867 eb

78 3918 121 3955 rno
140 3901 169 3953 E
222 3902 253 3954 15
272 3899 389 3954 seruasti
410 3899 465 3952 GE
480 3899 593 3953 selucsti
612 3899 656 3968 Rp
709 3898 995 3953 adesceadentibsG
1012 3916 1029 3952 a
1046 3899 1161 3954 descen·

78 4005 95 4042 rs
106 4006 127 4058 p
183 3989 216 4043 18
224 4004 259 4042 ex
268 3988 328 4041 aito
336 3988 428 4057 compsi
442 3991 471 4041 et
480 3986 674 4040 uitheuite
684 3985 787 4055 prcf.
794 3987 883 4057 praef.
937 3987 972 4039 23
982 3987 1161 4054 consequenti

78 4075 133 4129 >in
151 4074 385 4142 consequentibus
404 4074 433 4127 E
483 4073 526 4126 iac
544 4072 613 4126 mihi
633 4073 676 4144 Gp
695 4072 772 4140 (mihi
799 4072 843 4125 fec
862 4072 888 4125 R
940 4075 974 4126 24
992 4071 1047 4126 dne
1068 4072 1093 4126 G
1112 4091 1160 4126 cnr.

78 4162 87 4213 t
136 4164 172 4217 25
187 4167 280 4216 eutem
292 4162 375 4214 Gom.
385 4161 458 4231 RpE
507 4162 542 4213 26
558 4161 603 4214 uel
620 4166 679 4214 tum
695 4177 759 4213 eum
771 4160 814 4230 (ἕρ
829 4159 908 4213 uelut
924 4156 1161 4225 (atas-lberam

78 4249 130 4303 elnt
138 4253 201 4303 tum
211 4264 273 4302 cum
286 4249 312 4300 Ε
363 4264 509 4316 uesperam
521 4246 590 4316 Ges.
602 4247 675 4300 Neue
685 4248 815 4300 For-ment.
826 4246 849 4313 Ι,
858 4245 918 4299 572
926 4263 1075 4315 uesperum
1083 4248 1160 4318 BpE.
