2790 4844
152 249 214 312 652
494 251 610 303 sancti
634 250 767 303 Hilarii
793 251 953 319 episcopi

153 447 186 504 ut
219 460 278 503 nen
314 439 361 517 sit,
396 439 536 504 aboletur
562 446 734 504 -natura
769 441 892 524 quidem
928 441 977 505 dei
1008 441 1039 504 in
1071 439 1124 506 his
1155 442 1297 506 omnibus

153 550 256 640 est-
273 564 382 627 neque,
399 550 431 607 ut
447 542 519 608 alibi
536 545 625 621 adsit,
649 545 772 609 decedit
790 544 921 609 aliunde.
966 545 1023 609 sed
1039 545 1146 610 anima
1162 545 1295 611 humana

151 648 183 711 in
207 647 266 712 liae
290 667 399 712 sensus
423 647 469 711 sui
493 647 664 712 mobilitate
687 648 726 711 ad
750 649 917 732 imaginem
935 649 984 713 dei
1002 648 1124 730 opificis
1148 649 1197 714 sui
1222 651 1295 715 lacta

152 759 206 829 est,
230 752 302 816 dum
328 760 468 816 naturam
494 751 547 828 dei
568 751 725 816 mobilitas
748 752 861 817 anima
884 751 1029 836 perennis
1051 752 1200 832 imitatur,
1224 753 1295 818 nihil

113 884 125 920 a
152 857 182 921 in
208 877 242 921 se
266 856 386 920 habens
409 853 576 936 corporale,
601 856 677 920 nihil
700 864 864 934 terrenum,
888 856 965 921 nihil
981 877 1085 940 graue,
1112 857 1191 924 nihil
1208 860 1295 924 cadu-

152 981 233 1025 cum.
280 967 309 1025 et
332 960 492 1024 audiamus
508 960 609 1025 adhue
629 960 757 1025 Paulum
774 961 816 1025 ita
832 961 1009 1025 docentem:
1033 962 1294 1042 expoliantes

151 1078 333 1130 ueterem
369 1063 569 1129 hominem
604 1084 687 1130 cum
723 1066 855 1148 gestis
889 1064 976 1130 eius
1010 1071 1047 1129 et
1075 1065 1294 1132 induentes

153 1189 304 1244 nouum,
340 1168 404 1252 qui
438 1175 659 1233 renouatur
692 1169 729 1232 iu
762 1168 1042 1254 cognitionem
1074 1172 1293 1236 seeundum

152 1273 368 1358 imaginem
394 1273 608 1338 creatoris.
652 1275 804 1358 numquid
820 1273 937 1357 aliquid
953 1272 1111 1354 corporale
1132 1275 1294 1350 induimus,

100 1405 124 1441 ιο
153 1397 223 1442 cum
255 1378 285 1442 in
317 1377 506 1461 agnitionem
537 1376 748 1443 renouamur?
792 1376 878 1445 nihil.
909 1384 943 1441 ut
976 1378 1094 1457 opinor.
1141 1378 1294 1444 induimus

151 1489 254 1547 autem
285 1481 477 1564 agnitionem
508 1483 567 1558 dei,
602 1481 695 1546 fidem
732 1481 922 1551 aeternitatis.
952 1482 1138 1547 innocentiae
1169 1483 1293 1548 sinceri·

151 1593 254 1662 tatem,
275 1585 417 1649 bonitatis
434 1606 543 1650 mores,
591 1585 656 1650 haee
673 1585 754 1651 enirn
770 1585 881 1650 anima
898 1586 999 1669 magis
1019 1594 1090 1650 suut
1114 1587 1294 1652 indumenta

152 1711 245 1773 quam
262 1690 408 1770 corporis,
425 1709 495 1772 quae
509 1690 614 1754 omnia
629 1690 687 1754 deo
702 1690 827 1770 propria
843 1697 927 1757 sunt.
971 1688 1039 1755 baec
1053 1690 1085 1754 in
1102 1692 1294 1776 agnitionem

151 1795 221 1858 noui
257 1794 421 1871 induimus,
455 1801 487 1858 ut
520 1795 551 1858 in
583 1795 664 1858 omni
698 1794 869 1860 ministerio
903 1795 1013 1859 animae
1047 1800 1164 1859 nostrae
1199 1796 1295 1861 simus

101 1921 125 1958 a
153 1898 323 1963 seeundum
346 1897 513 1981 imaginem
538 1897 686 1963 crealoris
703 1898 846 1963 bonitatis
870 1906 901 1964 et
923 1898 1096 1964 sanctitatis
1113 1904 1145 1964 et
1160 1900 1295 1964 caritatis

151 2001 307 2085 agnitione
330 2001 467 2081 perlecti.
513 2001 579 2065 hae
602 2008 727 2085 propter
750 2022 840 2067 aures
864 2004 924 2079 dei,
948 2022 987 2067 ne
1010 2003 1179 2083 corporalis
1196 2003 1296 2068 existi·

152 2112 298 2181 meretur,
322 2111 450 2170 tractata
473 2106 618 2171 breuibus
641 2113 721 2170 sunt.

196 2211 222 2274 I.
247 2209 287 2274 El
310 2229 500 2293 quamquam
524 2208 592 2274 haec
614 2210 657 2274 ita
679 2230 721 2286 se,
744 2221 778 2274 ut
801 2211 882 2275 dicta
905 2217 984 2286 sunt,
1008 2209 1155 2288 habeant,
1191 2219 1296 2276 tamen

151 2315 351 2378 meminimus
382 2333 451 2378 esse
480 2312 584 2394 plures
614 2313 767 2397 spiritales
797 2314 933 2392 uirtutes
965 2313 1076 2396 quibus
1112 2313 1296 2399 angelorum

98 2437 124 2476 ιο
151 2424 199 2482 est
232 2437 352 2494 nomen,
387 2416 435 2481 uel
470 2417 610 2482 eeclesiis
645 2418 855 2498 presidentes.
902 2426 975 2483 sunt
1005 2418 1089 2483 euim
1121 2421 1297 2484 secundum

151 2520 325 2586 Iohannem
364 2521 488 2586 Asianis
527 2521 667 2586 ecclesiis
704 2521 815 2605 angeli.
861 2528 932 2586 sunt
962 2528 992 2586 et
1022 2522 1133 2605 Moyse
1165 2529 1297 2588 testante

151 2626 319 2690 secundnm
344 2644 505 2689 numerum
529 2625 708 2707 angelorum
739 2625 818 2690 fines
849 2626 989 2706 gentium
1013 2627 1092 2690 Adae
1128 2625 1203 2692 filiis
1228 2647 1299 2692 con-

150 2729 255 2793 stituti.
301 2735 372 2793 sunt
394 2735 424 2793 et
443 2729 568 2794 domina
591 2730 720 2795 docente
743 2729 922 2810 pusillorum
946 2728 1049 2813 angeli
1070 2730 1188 2796 cotidie
1205 2731 1297 2796 deum

150 2833 300 2898 uidentes.
346 2839 419 2897 suut
433 2834 602 2898 secundum
627 2832 765 2914 Raphael
782 2833 822 2897 ad
837 2833 965 2898 I'obiam
989 2833 1170 2917 loquentem
1195 2835 1299 2920 angeli

194 2953 331 3009 ecoloss.
351 2956 397 3023 ΙΙΙ,
416 2958 433 3009 9
451 2973 491 3024 sq.
528 2959 559 3009 2Ι
581 2959 665 3025 Apoc.
686 2957 706 3024 1,
724 2957 767 3011 20.
803 2959 837 3010 22
857 2956 936 3010 Deut.
955 2957 1104 3023 xxxiia.
1143 2959 1179 3011 23
1198 2957 1299 3012 hialth.

64 3098 72 3117 Ι
150 3043 249 3108 XVIII,
270 3045 309 3096 10.
346 3044 381 3094 24
399 3042 466 3097 ΤοΙ).
486 3043 545 3109 XII,
566 3045 606 3096 15.

195 3151 207 3200 l
229 3147 284 3200 siut
308 3147 330 3200 V
382 3146 410 3199 in
431 3145 474 3200 his
499 3146 626 3200 omnibus
650 3147 697 3201 VR
718 3147 747 3200 in
765 3146 809 3236 his
827 3146 953 3201 omnibus
971 3148 996 3199 T
1013 3147 1299 3204 inzzzomnib:

150 3270 176 3321 P
226 3271 242 3321 2
270 3268 396 3322 decaedit
424 3267 460 3320 ΙΙι
488 3268 593 3321 decidit
620 3287 649 3321 ex
672 3268 803 3322 decicidit
821 3266 893 3321 aa?
917 3269 940 3320 V
990 3268 1083 3321 anima
1100 3267 1229 3324 humana
1255 3272 1301 3326 VR

149 3356 257 3409 animus
275 3355 411 3408 humanus
431 3356 494 3408 Vl'e
546 3357 563 3409 8
582 3356 610 3407 in
629 3355 699 3408 hanc
718 3356 742 3409 V
791 3356 946 3410 mobilitate
964 3383 998 3392 —
1016 3353 1125 3423 opificis
1146 3358 1190 3412 sui
1210 3376 1262 3412 oni¹
1280 3359 1304 3425 V

149 3435 179 3494 di
206 3440 312 3510 opificis
341 3443 366 3494 a
392 3441 499 3510 opificis
524 3441 603 3494 PI'E
653 3443 727 3495 sacta
751 3442 799 3496 VR
822 3442 910 3496 lactus
929 3442 992 3494 PTe
1044 3442 1237 3511 4perhennis
1257 3448 1301 3500 Ila

149 3528 287 3582 bhabens
308 3530 344 3581 Te
362 3547 393 3582 ea
410 3546 457 3580 veen
476 3529 561 3582 Ile'lur.
589 3527 673 3582 hahet
699 3529 772 3581 l'IlP
821 3533 963 3582 terrenum
981 3528 1052 3581 nihil
1071 3547 1120 3582 om.
1148 3531 1171 3582 Γ
1226 3533 1302 3588 dita

149 3614 294 3670 docentem
318 3616 366 3668 Vll
391 3615 444 3669 hoc
471 3616 510 3669 ita
537 3615 681 3670 docentem
711 3616 738 3668 E
762 3616 906 3669 docentem
925 3616 976 3667 Vr
1027 3618 1244 3686 hcorporalem
1268 3619 1302 3674 V¹

149 3703 221 3757 rain
231 3703 405 3771 agnitionali
440 3702 654 3757 renouamusl⁷¹
693 3701 816 3756 llfidem
833 3703 994 3756 Viduari
1031 3704 1303 3761 labanitatishl’s

149 3793 178 3840 et
195 3790 327 3843 bonitalis
347 3790 375 3842 E
427 3791 460 3843 14
478 3789 541 3843 noui
559 3789 655 3857 ¹VPTh
682 3787 757 3854 (noui
770 3788 937 3843 :renouati
955 3790 990 3858 cf.
1010 3791 1071 3843 uda.
1091 3790 1207 3860 Benedl
1235 3795 1303 3849 noui

148 3873 269 3928 hominis
288 3877 326 3929 Re
353 3875 482 3943 (hominis
501 3877 570 3945 sort.
599 3894 629 3930 es
654 3879 768 3946 sequenti
794 3878 869 3930 omni
888 3875 981 3943 orlata)
1037 3879 1070 3931 15
1089 3880 1257 3936 mactilatia
1275 3887 1303 3938 et

155 3962 321 4016 VPTorn.R
375 3966 407 4017 16
425 3964 550 4031 perfecto
565 3962 600 4015 ΙΙι
654 3964 822 4017 lltractaR
876 3965 908 4017 19
919 3962 1039 4018 uirtutes
1050 3964 1127 4017 RPT
1137 3985 1171 4020 ex
1181 3969 1304 4024 uirtutes

150 4047 206 4100 sint
233 4068 266 4102 m.
288 4049 308 4100 2
335 4051 360 4102 V
408 4053 444 4105 20
462 4050 506 4103 uel
531 4051 605 4104 VRI'
629 4051 656 4104 in
684 4069 766 4120 marg.
791 4053 851 4103 odd.
872 4051 897 4103 Τ
949 4050 1057 4104 eclesiis
1082 4051 1107 4103 1⁷
1122 4054 1257 4111 aeclesiis
1277 4060 1302 4111 ia

148 4137 235 4187 rnall
287 4138 319 4189 21
341 4137 499 4190 eclaeaiisll
552 4140 587 4191 23
606 4145 669 4190 sunt
687 4142 716 4191 et
735 4137 845 4190 domino
871 4138 943 4190 VPT
960 4142 988 4191 et
1006 4137 1160 4193 dominoR
1217 4161 1304 4215 ange-

150 4221 190 4273 los
216 4222 239 4274 l'
289 4225 323 4276 24
341 4222 426 4277 rasael
452 4223 473 4274 l'
491 4223 596 4277 rafahel
615 4225 640 4277 R
657 4224 789 4293 raphahel
809 4226 839 4278 Τ.
