2790 4844
155 275 216 340 796
496 277 610 329 sancti
634 277 767 329 Hilarii
791 276 956 345 episcopi

154 488 268 533 eorum.
314 475 381 532 orat
402 466 554 550 propbeta
584 467 701 543 eadem,
733 486 801 549 qua
824 466 983 549 superiora
1015 476 1100 545 suut
1135 488 1178 533 ne
1210 468 1296 533 oleum

50 566 54 574 ’
155 573 325 655 peccatoris
349 579 440 651 caput
462 590 550 636 suum
574 571 744 654 inpinguet.
789 568 849 635 hoc
865 569 1019 653 propheta
1035 579 1117 635 orat.
1166 576 1297 653 sedpec

153 688 274 741 catores
297 696 335 740 ue
360 675 417 739 hac
441 676 568 758 quidem
591 674 749 755 prophetae
777 675 913 739 orat-ioue
936 681 1105 752 terrentur,
1132 683 1167 740 ut
1189 676 1227 740 ab
1248 676 1296 750 bia,

154 799 222 862 quae
246 780 304 844 sibi
328 779 437 860 placita
461 785 538 855 suut,
569 779 726 844 desistant.
771 798 864 843 nemo
894 779 975 842 euim
1009 780 1041 842 iu
1067 782 1210 859 peccatis
1238 781 1294 847 uisi

101 908 114 945 a
155 884 226 968 quia
248 883 297 948 his
322 883 498 958 delectatur,
532 890 725 964 perseuerat:
760 893 791 947 et
825 902 950 947 causam
983 882 1016 947 iu
1053 903 1244 968 unaquaque
1268 904 1294 948 ra

154 988 358 1068 permanendi
388 987 552 1067 uoluptatis
586 986 751 1052 oblectatio
785 987 1004 1050 subministrat.
1052 1008 1131 1071 ergo
1157 990 1228 1071 quia
1248 990 1293 1052 ad-

154 1091 214 1156 bue
237 1099 343 1157 orante
367 1113 403 1157 eo
425 1092 457 1155 in
482 1091 683 1171 beneplacitis
714 1111 817 1156 eorum
850 1097 928 1166 suut,
958 1091 990 1154 id
1023 1099 1080 1168 est,
1118 1093 1194 1175 quia
1223 1092 1293 1176 quod

155 1201 249 1272 eraut,
272 1215 334 1260 nou
358 1196 533 1260 demutatur
555 1215 611 1275 per
633 1214 685 1258 eos
708 1193 863 1275 uoluptate
892 1195 1044 1275 peccandi
1068 1202 1100 1260 et
1126 1207 1293 1276 peccatores

155 1319 224 1365 esse
247 1300 423 1382 persistunt,
454 1319 511 1364 nec
541 1299 638 1363 oratio
668 1298 733 1363 eius
763 1298 857 1363 finem
881 1298 1007 1379 accipit:
1033 1299 1108 1382 quia
1133 1301 1247 1365 tamdiu
1266 1301 1293 1363 iu

7 1438 12 1447 ·
102 1428 125 1463 ιο
154 1404 354 1484 beneplacitis
377 1405 504 1468 istorum
529 1404 594 1468 eius
618 1405 713 1468 oratio
737 1409 792 1481 est
815 1403 962 1485 quamdiu
983 1401 1046 1467 illis
1071 1404 1292 1485 beneplacitum

152 1509 273 1572 sitnon
297 1528 435 1588 peccare.

197 1612 246 1676 11.
270 1612 389 1677 idcireo
417 1611 576 1676 absorti
606 1617 700 1675 suut
729 1611 958 1676 continuati
990 1618 1116 1690 petrae
1138 1613 1290 1676 iudicas

152 1736 293 1780 eorum.
340 1723 458 1797 petram
490 1735 550 1779 nou
582 1716 725 1780 nouimus
755 1715 815 1779 uisi
838 1712 996 1779 Christum
1021 1722 1052 1780 et
1075 1717 1151 1799 quia
1183 1717 1290 1781 dictam

151 1826 198 1884 est
221 1821 259 1883 de
283 1840 334 1884 eo:
358 1826 472 1899 petra
495 1826 628 1884 autem
662 1827 749 1884 erat
772 1817 969 1883 Christus.
1015 1838 1079 1902 quo
1102 1821 1288 1891 aduenieuta

100 1945 124 1984 n
152 1943 220 1988 cum
247 1944 280 1988 se
303 1922 334 1986 hi
359 1931 553 2003 peccatorum
586 1922 675 1988 electi
705 1930 736 1986 et
765 1923 883 1987 iudices
907 1922 964 2002 ipsi
988 1924 1220 1999 continuabunt,
1241 1924 1288 1987 ab

151 2027 363 2092 sorbebuutur.
409 2048 493 2092 mors
523 2029 605 2092 euim
629 2035 701 2092 tune
724 2033 754 2091 et
777 2028 930 2110 corruptio
953 2034 983 2091 et
1005 2035 1169 2107 peceatum
1193 2028 1286 2092 absor-

153 2132 283 2203 bebitur,
306 2136 339 2194 ut
362 2133 510 2212 scriptum
535 2143 595 2196 ost:
628 2132 822 2212 absorpta
853 2139 911 2196 ast
942 2150 1047 2194 mors
1072 2131 1109 2194 iu
1135 2140 1284 2196 couten-

152 2236 309 2300 tionem.
356 2236 420 2299 ubi
455 2243 516 2299 est
547 2256 650 2299 mors
684 2234 851 2300 auruleus
874 2233 989 2299 tuus?
1033 2235 1100 2299 ubi
1125 2242 1283 2299 estoou·

151 2341 304 2406 tentio?
339 2339 507 2405 aculeus
532 2341 636 2404 euim
661 2340 1051 2419 mortispeccatum.
1090 2339 1281 2403 absorbentur
1324 2411 1326 2415 ¹

99 2463 124 2500 πο
151 2455 250 2508 autem
276 2444 443 2508 continuati
474 2448 570 2524 petrae
600 2442 709 2507 horum
741 2443 858 2508 iudices
888 2462 958 2508 oum
988 2441 1041 2506 illo
1073 2463 1128 2507 suo
1148 2442 1277 2524 principa

151 2549 189 2611 de
214 2568 272 2630 quo
296 2547 410 2611 dictum
442 2555 503 2611 est:
539 2554 577 2611 et
611 2556 703 2612 tuuc
739 2545 996 2612 reuelabitnr
1030 2545 1103 2611 ille
1138 2546 1272 2626 impius

151 2669 262 2733 quem
289 2651 472 2715 domiuus
496 2651 609 2716 lesus
632 2651 870 2717 interficiet
893 2651 1043 2733 spiritu
1068 2652 1149 2714 oris
1172 2649 1224 2714 sui
1244 2654 1270 2708 et

150 2756 366 2820 euacuabit
394 2776 476 2820 eum
509 2755 728 2836 prasentia
770 2757 970 2820 aduentus
1008 2756 1078 2819 sui.
1123 2775 1177 2835 per
1208 2751 1265 2815 bam

150 2879 223 2943 ergo
258 2860 408 2925 aduentus
443 2860 559 2924 domiui
597 2861 794 2942 praeseutiam
832 2858 1061 2924 euacuabuntur
1094 2856 1217 2936 absorpti
1243 2861 1262 2913 et

97 2981 122 3020 πο
151 2963 285 3045 absorpti
308 2964 419 3028 iudicio
448 2971 633 3029 sauctorum.
679 2964 817 3047 sequitur
846 2963 945 3028 enirn:
976 2963 1144 3027 audient
1167 2957 1258 3025 uerba

151 3087 243 3144 mea,
277 3068 370 3151 quia
401 3088 446 3148 po
459 3075 632 3132 luerunt.
677 3074 839 3149 potueruut
854 3066 903 3133 uel
923 3067 1091 3132 absorbere
1114 3066 1160 3131 uel
1179 3056 1254 3127 audiri.

149 3171 181 3236 in
216 3171 382 3252 praeseutia
415 3173 498 3235 euim
537 3172 653 3236 domiui
691 3173 894 3238 absorbentur
930 3171 1118 3253 prophetica
1153 3159 1253 3233 uertens
1316 3163 1326 3205 -'·

150 3276 321 3359 arguitione
345 3282 375 3340 et
398 3277 501 3357 impiae
524 3296 587 3340 suae
610 3275 750 3341 falsitatis
772 3277 942 3360 obprobrio.
1324 3260 1326 3264 ¹

194 3414 337 3468 ldiCor.
358 3417 397 3482 10,
416 3418 440 3468 4.
479 3415 795 3484 lllcor.15,54sq.
830 3419 863 3469 21
883 3414 1022 3469 IIThesa.
1040 3417 1065 3483 2,
1083 3418 1108 3470 8.

194 3539 206 3588 l
227 3537 322 3589 eadem
334 3536 441 3591 Eidem
453 3535 490 3602 (m
501 3538 528 3589 iu
537 3555 589 3590 ros.
600 3535 741 3603 baffia)
796 3537 1116 3605 tplacitasuutsibiE
1162 3529 1252 3589 nisim‘
1322 3580 1326 3584 .

149 3623 385 3677 bsummiuistrat
404 3625 429 3677 R
482 3623 619 3691 quiadhbc
647 3619 713 3677 corr.
741 3642 773 3676 m.
793 3624 809 3676 1
829 3625 854 3677 R
906 3624 1087 3692 suotuptnte
1114 3602 1252 3700 peccandi
1316 3614 1326 3698 .-

149 3709 292 3763 uoluutate
318 3711 451 3779 peccandi
479 3711 534 3762 RE
592 3713 624 3764 10
642 3711 759 3764 istorum
788 3711 813 3763 G
841 3727 935 3763 eorum
962 3710 1018 3762 RE
1075 3708 1198 3778 quamdiu
1217 3695 1254 3787 illl
1309 3698 1320 3715 ⁸

147 3786 352 3864 beneplacitum
364 3797 464 3850 sitnon
474 3815 606 3866 pecuare*
618 3798 643 3850 G
656 3797 702 3862 (cs.
714 3800 834 3866 Draeper
845 3799 901 3850 bist.
916 3798 987 3864 Syat.
1001 3797 1040 3858 II,
1058 3798 1123 3863 617,
1142 3793 1255 3850 Pusam

154 3882 239 3934 Victor
264 3884 311 3935 Vir.
336 3903 363 3954 p.
385 3884 427 3949 Iti,
451 3883 484 3950 ὁ)
513 3885 642 3951 quamdiu
671 3885 727 3937 illis
753 3883 960 3952 beneplacitum
986 3882 1071 3937 suerit
1095 3874 1258 3972 pecearalt‘1

148 3987 226 4048 corr.)
247 3988 271 4039 R
290 3988 421 4055 quamdiu
449 3989 652 4057 beneplacitum
671 3988 727 4041 illis
746 3988 831 4041 fuerit
848 4003 964 4056 peccare
983 3988 1012 4039 E
1064 3990 1098 4042 12
1125 3968 1262 4066 absorptil
1324 4025 1326 4028 .

150 4075 182 4125 ta
200 4073 254 4126 uisi
272 4080 357 4142 xpum
378 4075 403 4127 G
456 4081 484 4129 et
512 4077 576 4143 quia
597 4076 622 4128 G
640 4075 706 4143 quia
725 4076 779 4128 RE
832 4077 864 4129 15
882 4091 946 4127 cum
965 4092 993 4128 se
1012 4074 1055 4128 his
1074 4073 1109 4142 (l)
1130 4075 1155 4128 G
1176 4076 1264 4126 sumtl

148 4157 199 4211 bie
246 4160 465 4215 absorbebuntu*
477 4162 502 4214 G
511 4162 694 4216 absorbentur
704 4162 758 4214 RE
802 4163 834 4214 16
852 4147 1268 4216 absorbebitanabsorbeturll

151 4248 398 4300 mersitonam*
451 4251 481 4302 19
497 4247 922 4316 peccatumeecoatumestE
972 4239 1271 4302 272udiriRaudireE·
