2790 4844
355 270 535 319 tractatus
553 265 588 318 in
606 248 778 332 psalmum
797 263 968 317 CXXXVIII.
1175 261 1236 325 767

91 457 188 522 aliter
209 457 378 541 significari
411 458 449 522 ab
484 456 535 521 his
557 455 697 538 potuerit.
741 455 774 518 id
803 461 914 530 antem,
946 456 1028 536 quod
1058 473 1160 536 graece
1191 461 1239 519 θεῖ

92 554 353 644 ἄκατὲργαστον,
384 560 540 644 significat
572 561 613 636 id,
638 559 719 642 quod
742 559 809 623 sine
832 559 1011 642 operatione
1033 565 1172 623 maneat:
1206 566 1240 621 nt

94 665 139 730 sit
169 667 202 729 id
233 667 342 745 ipsum,
378 685 448 730 curn
483 665 600 728 sactum
635 669 739 728 tamen
774 683 834 727 non
868 664 917 727 sit.
963 662 1239 743 inperfectum

93 775 203 834 antem
237 771 398 834 nobiscnm
429 769 461 832 id
485 771 684 845 demonstrat,
717 767 800 850 quod
834 773 972 847 creptum
1006 787 1064 831 nec
1097 786 1240 831 consum·

90 886 217 939 matum
239 888 295 940 θεῖ.
342 875 397 939 sed
420 874 446 938 si
469 873 599 938 interius
620 872 708 936 uerbi
733 871 990 935 huiusuirtutem
1005 878 1239 951 pertractemus,
1280 894 1293 931 a

92 985 201 1059 potest
234 999 294 1044 non
317 999 393 1043 sane
415 999 433 1040 a
455 978 623 1060 graecitatis
642 977 839 1058 ,proprietate
869 995 938 1040 esse
969 975 1135 1040 diuersum.
1180 977 1239 1041 deo

90 1092 200 1148 autern
231 1081 287 1146 soli
321 1082 481 1162 proprium
514 1088 617 1161 potest
650 1100 727 1148 esse.
762 1086 796 1145 nt
817 1081 858 1144 sit
880 1086 912 1144 et
933 1080 1066 1144 infectus
1089 1080 1143 1144 sit:
1168 1079 1240 1163 quia

93 1188 183 1269 quod
206 1193 263 1263 est,
287 1206 347 1251 non
372 1185 468 1251 habet
489 1186 708 1250 necessitatem
730 1193 765 1249 ut
786 1185 855 1263 fiat;
878 1186 960 1267 quod
984 1190 1088 1249 autem
1110 1183 1155 1261 fir,
1177 1203 1239 1248 non

93 1297 154 1369 est,
181 1296 347 1374 antequam
370 1290 433 1355 fiat.
479 1292 535 1355 sed
559 1291 611 1373 qui
634 1304 769 1354 aeternns
800 1301 854 1366 ost,
877 1296 983 1353 manet
1016 1308 1119 1371 neque
1141 1288 1240 1352 factus

92 1403 153 1460 est.
200 1395 258 1460 hoc
282 1415 356 1479 ergo
386 1394 592 1474 inperfectum
623 1403 662 1467 et,
685 1400 719 1457 nt
748 1394 788 1457 ad
817 1391 1040 1477 intellegentie
1069 1393 1239 1474 proiectum
1267 1416 1293 1453 ιο

91 1500 204 1565 dicere
227 1501 406 1574 audeamus
428 1500 621 1582 inoperatum
645 1498 695 1562 dei
718 1496 799 1561 oculi
822 1497 888 1561 eius
911 1497 1062 1562 uiderunt.

143 1654 194 1719 33.
219 1654 503 1736 inperfectum
537 1653 749 1719 eniminum
785 1653 980 1718 uiderunt
1015 1652 1123 1719 oculi
1154 1654 1240 1718 mei.

93 1761 153 1824 sed
179 1759 233 1842 qni
256 1760 381 1823 tandem
405 1757 508 1823 oculi?
552 1757 703 1840 numquid
734 1756 887 1838 spiritales
917 1756 970 1834 iili,
1005 1759 1117 1840 quibus
1148 1761 1241 1824 deum

93 1871 220 1943 patrem
254 1862 338 1928 solus
372 1863 550 1946 unigenitus
583 1860 692 1926 uidet?
737 1863 792 1926 sed
815 1861 865 1926 isti
888 1882 948 1925 non
973 1869 1069 1944 egent
1090 1862 1148 1937 his,
1173 1883 1241 1947 qna

96 1973 260 2031 secuntur:
277 1977 315 2031 et
333 1967 372 2031 in
394 1965 509 2040 libro,
525 1955 634 2049 inquit,
650 1972 715 2030 tuo
739 1986 877 2030 omnes
900 1966 1151 2031 scribentur:
1176 1968 1241 2031 die
1268 1992 1293 2027 πθ

97 2070 379 2152 replebuntur,
414 2078 453 2136 θῖ
486 2091 598 2135 nemo
633 2071 672 2133 in
695 2069 768 2134 his.
814 2070 985 2150 profectum
1008 2070 1241 2137 indemutabilis

100 2172 153 2239 illa
181 2175 336 2258 unigeniti
366 2175 416 2240 dei
446 2180 555 2239 natura
584 2195 645 2238 non
681 2174 803 2254 expetit.
850 2175 955 2258 etqui
980 2175 1107 2239 tandem
1131 2176 1159 2239 ei
1183 2176 1243 2239 erit

106 2279 268 2357 proiectus,
302 2292 336 2343 ut
368 2299 478 2344 omnes
512 2279 592 2343 oculi
626 2279 691 2343 eius
724 2279 757 2342 in
790 2278 869 2344 libro
903 2280 1087 2353 scribantur,
1124 2286 1157 2343 ut
1191 2281 1241 2344 die

109 2383 286 2462 repleantur,
321 2384 407 2448 utin
431 2383 482 2448 his
504 2404 595 2447 nemo
618 2383 681 2447 sit?
725 2383 785 2448 hoc
808 2389 905 2446 totum
928 2382 1187 2448 contumeliosum
1210 2390 1242 2448 et

111 2483 251 2565 inpudens
275 2493 323 2552 est
345 2488 471 2568 opinari.
1268 2510 1293 2545 20

152 2641 196 2706 34.
221 2643 283 2708 Sed
315 2646 579 2728 quemadmodum
614 2645 676 2708 ossi
707 2644 781 2719 eius,
816 2644 847 2707 in
878 2664 939 2727 qno
970 2643 1108 2708 ecclesiae
1132 2665 1242 2726 corpus

119 2748 284 2825 ostenditur,
307 2768 376 2831 quae
392 2747 512 2812 occulta
527 2756 624 2826 erant,
647 2768 709 2811 non
728 2746 848 2812 occulta
863 2754 943 2825 sunt,
967 2749 1009 2812 ita
1030 2757 1061 2813 et
1082 2748 1160 2813 oculi
1177 2750 1242 2814 eius

116 2844 176 2926 hoc,
190 2855 272 2934 quod
295 2851 501 2932 inperfectum
518 2852 568 2917 dei
584 2859 639 2928 est,
654 2853 807 2916 uiderunt.
852 2873 886 2916 os
902 2864 1006 2916 autem
1022 2855 1062 2916 ad
1079 2853 1242 2918 ecclesiam

112 2951 219 3031 referri,
243 2977 311 3039 quae
335 2976 446 3038 corpus
469 2965 517 3021 est
540 2955 664 3031 Christi,
688 2957 828 3036 superins
849 2958 1076 3022 admonuimus.
1121 2958 1152 3021 iu
1176 2978 1243 3023 cor·

108 3070 180 3128 pore
209 3080 282 3124 nero
316 3059 420 3125 oculos
455 3060 633 3140 principalis
668 3080 737 3125 esse
772 3060 864 3124 officii
896 3081 931 3124 ac
972 3062 1091 3126 uirtutis
1126 3062 1243 3126 nemini
1270 3084 1295 3121 aa

106 3153 232 3228 dubium
256 3174 312 3229 θεῖ.
358 3173 389 3229 θῖ
412 3165 483 3248 qnia
506 3163 583 3228 ocnli
615 3165 749 3245 potiores
779 3165 890 3229 ceteris
921 3167 1072 3230 membris
1102 3178 1181 3243 sunt,
1211 3167 1243 3229 in

105 3250 157 3322 his
179 3267 330 3347 apostolos
353 3268 523 3352 significari
546 3289 606 3332 non
631 3269 857 3350 ambigendum
880 3277 935 3345 est,
958 3290 1013 3348 per
1037 3290 1113 3352 quos
1137 3269 1244 3335 lumen

107 3363 244 3435 ecclesie
267 3378 360 3455 atque
394 3374 608 3453 operationum
631 3373 735 3436 diuina
757 3373 907 3456 mysteria
929 3374 1114 3453 praebentur.
1160 3375 1243 3457 quod

106 3458 245 3540 doninus
261 3477 429 3542 manifeste
440 3478 472 3541 in
489 3477 660 3560 euangeliis
676 3477 818 3541 ostendit.
851 3497 988 3560 namque
1004 3497 1072 3541 cum
1089 3477 1244 3558 apostolos

150 3607 294 3681 lgraecee
313 3615 339 3667 R
391 3615 622 3670 dconsurnatum
644 3617 695 3669 GR
747 3618 830 3669 dest
851 3617 876 3668 G
900 3617 936 3670 sit
955 3618 1009 3668 RE
1061 3622 1155 3670 onon
1176 3619 1243 3671 satis

114 3699 261 3755 trecium
281 3703 306 3755 R
360 3705 376 3755 8
399 3721 453 3755 non
476 3704 561 3756 habet
584 3704 777 3757 necessitatem
799 3706 896 3757 Gnou
920 3704 1003 3757 habet
1026 3704 1200 3758 necessitatis
1218 3705 1244 3759 R

118 3786 164 3830 ¹¹0ss
190 3793 228 3840 est
253 3789 428 3843 necessitatis
447 3790 475 3841 Ε
525 3792 542 3842 9
569 3792 616 3843 sed
643 3791 708 3858 quia
737 3792 762 3839 (ι’
786 3789 820 3855 (Ρ)
844 3792 870 3843 R
925 3794 956 3844 10
983 3791 1035 3844 hoo
1062 3797 1104 3844 est
1131 3808 1198 3859 ergo
1219 3795 1244 3845 G

122 3863 148 3913 15
159 3876 496 3943 secuntanseqnnturR
548 3877 644 3944 inquid
660 3881 684 3929 G
738 3879 895 3931 scribentur
908 3879 958 3930 dn
1013 3881 1044 3930 16
1057 3879 1244 3946 profetam

126 3951 151 4003 ¹8
165 3964 191 4011 ut
206 3961 247 4015 die
259 3965 305 4015 roz
323 3970 352 4016 et
370 3963 439 4016 dieo
491 3966 526 4018 20
543 3964 694 4032 inprudens
707 3966 732 4018 R
784 3968 819 4017 22
836 3982 890 4017 non
910 3965 1019 4018 occulta
1037 3970 1101 4017 sunt
1119 3965 1170 4017 GR
1188 3983 1244 4018 non

127 4044 325 4103 mutassent
344 4051 372 4102 E
422 4051 461 4104 ita
480 4051 503 4104 do
522 4051 595 4104 oculi
613 4053 639 4103 R
657 4057 685 4104 θῖ
703 4052 776 4105 oculi
795 4073 813 4102 α
832 4053 871 4105 ita
889 4052 993 4104 oculis
1046 4055 1079 4106 25
1098 4053 1191 4105 *culos
1220 4056 1244 4105 (ι’

128 4129 227 4188 oculisR
277 4139 311 4191 26
330 4137 422 4190 sintR
475 4141 509 4192 28
527 4144 610 4206 atque
628 4141 819 4207 operationum
837 4141 930 4206 scripsi
947 4140 981 4208 cf.
1002 4140 1064 4191 Abh-
1084 4141 1101 4191 Ι
1107 4140 1134 4205 V,
1153 4140 1191 4193 o‘d
1209 4141 1244 4193 ad

126 4222 270 4287 operationis
287 4224 360 4275 Res*
378 4225 566 4292 operationem
587 4226 612 4276 G
630 4232 658 4278 et
676 4226 844 4294 operationis
864 4227 896 4277 E.
