2790 4844
194 205 256 270 244
532 207 648 259 sancti
674 206 808 259 hilarii
833 207 995 275 episcopi

193 398 325 461 exitus
357 396 557 470 matutini,
589 409 626 459 et
656 416 830 476 uespere
862 387 1100 462 delectabis.
1146 398 1336 464 uisitasti

193 508 338 566 terram
357 501 632 566 etinehriasti
658 520 751 576 eam,
768 499 1336 585 multiplicastilocupletare

193 625 285 670 eam.
330 604 482 669 flumen
507 605 569 668 dei
593 603 797 684 repletum
821 615 881 670 est
905 607 1335 688 aqus‚pat·asticihum

192 709 365 781 illorum,
400 709 588 793 quoniam
624 710 681 773 ita
716 716 777 773 est
814 711 1060 797 praeparatio
1095 717 1167 775 tue.
1212 711 1252 774 ab
1286 710 1336 775 his

153 815 285 899 sigitur
308 814 407 896 signis
438 819 538 877 motus
561 820 645 877 ortus
668 824 724 878 est.
769 821 816 878 est
846 815 929 891 enirn
961 834 1109 898 maguum
1140 817 1170 879 in
1202 815 1335 898 siugulis

192 919 364 1002 quibusque
388 936 494 985 eorum
518 917 652 1001 signnm.
699 936 772 980 nam
788 926 858 997 post
872 920 1112 1001 praeparationes
1135 919 1286 983 montium
1305 920 1334 982 iu

191 1022 327 1088 oeoinctu
351 1023 495 1105 potentie
519 1033 548 1086 et
570 1021 741 1086 conturbati
767 1022 859 1085 meris
882 1020 1013 1086 fundum
1037 1028 1068 1087 et
1097 1024 1229 1087 sonitum
1262 1022 1335 1088 fluc-

193 1136 275 1191 tuum
302 1126 367 1194 eius
391 1144 574 1207 progressus
608 1123 747 1189 ecclesie
770 1124 801 1188 in
825 1127 1008 1189 matutinum
1032 1141 1062 1190 et
1085 1126 1333 1207 uespertinorum

193 1230 379 1314 hymnorum
414 1228 631 1293 delectationes
665 1230 836 1293 maximum
866 1230 1086 1294 misericordiae
1124 1231 1172 1295 dei
1207 1231 1334 1314 signum

140 1359 164 1396 10
193 1342 247 1401 est.
292 1335 413 1399 diesin
437 1333 625 1398 orationibus
650 1332 892 1411 deiinchoatun
924 1335 990 1399 dics
1021 1333 1148 1418 hymnis
1177 1335 1336 1400 dei-clau·

192 1440 280 1513 ditur,
305 1438 474 1503 secundum
499 1437 579 1519 quod
604 1437 720 1501 dictum
746 1443 808 1501 est:
832 1438 971 1501 suauis
1000 1439 1034 1502 ei
1065 1439 1119 1503 sit
1149 1437 1336 1503 laudatio

192 1564 276 1609 inea
307 1550 337 1607 et
367 1561 505 1605 rursum:
537 1540 715 1606 eleuatio
746 1561 925 1605 ruanuum
965 1562 1140 1607 mearum
1170 1543 1336 1607 sacrifi-

191 1648 294 1712 cium
319 1646 609 1728 uespertinum.

236 1751 286 1815 13.
310 1750 457 1816 Succedit
478 1750 571 1832 igitur
594 1756 626 1815 et
648 1748 708 1813 hoc
731 1770 864 1832 sequens
886 1751 1026 1833 signum:
1049 1751 1235 1815 nisitusti
1261 1759 1338 1817 ter·

140 1877 165 1914 rs
192 1874 271 1920 rem
305 1865 342 1918 et
371 1854 596 1918 inebriasti
628 1873 719 1930 eant,
755 1854 1047 1934 multiplicasti
1076 1853 1337 1938 locupletare

192 1979 285 2024 eam.
332 1965 413 2023 terra
443 1956 519 2035 hec,
543 1978 603 2040 que
632 1959 755 2035 utimur,
787 1978 847 2021 nou
879 1957 1086 2041 locupletetur,
1113 1959 1166 2023 sed
1192 1979 1228 2023 cx
1253 1959 1339 2025 fruc·

192 2072 276 2128 tuum
308 2082 431 2127 suorum
462 2062 601 2126 ubertate
631 2060 803 2141 locupletet.
871 2082 931 2126 uon
961 2082 1036 2146 ergo
1070 2065 1101 2127 iu
1131 2083 1198 2128 cem
1230 2083 1339 2129 sermo

191 2166 358 2244 conueniet,
396 2186 464 2248 quen
503 2173 533 2230 et
570 2165 774 2246 locupletandi
809 2186 841 2231 se
878 2175 965 2230 caret
1002 2187 1094 2231 sensu
1125 2176 1155 2231 et
1184 2169 1273 2232 cuins
1304 2169 1340 2234 id

191 2278 246 2348 est,
284 2281 317 2334 ut
354 2269 527 2351 locupletet,
565 2269 709 2334 officium.
762 2270 897 2334 uisitauit
943 2283 1046 2336 autem
1086 2273 1162 2336 deus
1206 2277 1338 2350 terratia,

139 2394 164 2433 so
192 2375 222 2439 id
246 2382 292 2439 est
316 2374 441 2438 humani
465 2374 589 2457 generis
613 2374 818 2452 latinitatem
846 2394 943 2456 eaque
965 2375 1087 2439 uisitata
1116 2396 1134 2438 a
1164 2376 1222 2440 deo
1255 2376 1339 2442 mul-

192 2478 337 2560 tiplicatis
374 2479 544 2562 gratiamur
582 2478 762 2542 muneribus
800 2478 922 2542 ditescit
953 2478 1089 2561 apostolo
1120 2480 1261 2545 dicente:
1298 2484 1337 2545 in

190 2581 375 2654 omuibus
400 2582 524 2646 ditet-i
548 2582 650 2646 estis
674 2582 711 2644 in
736 2582 832 2662 ipso,
856 2584 894 2645 iu
920 2583 1025 2646 oruni
1050 2584 1173 2648 uerbo
1196 2593 1237 2648 et
1261 2587 1338 2650 sci·

191 2688 308 2751 entia.
355 2685 403 2750 his
434 2686 515 2749 enim
547 2685 633 2749 honis
663 2685 818 2765 replemur
848 2699 878 2767 et
909 2686 975 2750 siue
1006 2688 1176 2752 cessatione
1208 2690 1337 2768 potandi

237 2825 475 2890 11Ps.clll‚34.
515 2825 607 2877 rens.
628 2824 749 2890 oxus.
786 2825 818 2879 ar
838 2827 850 2878 1
870 2826 930 2879 cor.
953 2829 975 2894 1,
994 2829 1018 2881 5.
1090 2800 1093 2804 ⁴

236 2970 246 3018 l
277 2965 427 3018 delectabis
452 2964 475 3015 V
490 2965 524 3032 cs.
544 2965 663 3017 Solrrrtier
684 2963 720 3030 ΙΙ,
741 2962 796 3017 126
814 2964 1007 3018 delectationis
1026 2965 1120 3028 (tionis
1138 2968 1165 3018 ia
1183 2985 1238 3019 ras.
1256 2968 1278 3020 3
1297 2969 1336 3033 ll)

191 3106 242 3156 ΗΡ
258 3103 455 3158 delectationes
477 3104 504 3154 E
554 3102 785 3156 sinaeus-insti
799 3103 824 3154 P
875 3051 1045 3184 locupletare}²
1060 3103 1087 3156 h
1138 3106 1256 3172 aequis
1275 3109 1300 3159 Ιι.
1319 3108 1336 3160 l.

735 3193 769 3227 θιῑ

192 3242 293 3307 Rlsed
310 3243 373 3312 infr.
392 3251 415 3295 et
432 3244 485 3311 ipse
513 3244 593 3309 aquai
647 3244 664 3294 4
688 3240 728 3293 ita
782 3240 807 3292 P
855 3252 913 3311 pust
921 3243 1096 3311 praeparatio
1105 3240 1178 3294 3-4
1189 3245 1237 3296 litt.
1249 3245 1335 3305 (nisll

189 3331 291 3383 errauit
344 3331 359 3382 7
376 3328 535 3382 conturbati
554 3328 637 3381 maris
655 3327 771 3380 fundum
795 3328 820 3380 V
835 3347 865 3381 ex
882 3347 929 3380 usu
948 3329 1034 3382 Hilar.
1053 3327 1115 3400 (pro
1133 3330 1336 3384 conturbatum

190 3417 273 3470 rueris
291 3416 417 3481 fundum)
437 3414 594 3468 conturbali
612 3414 697 3466 maris
715 3413 793 3466 fundi
804 3415 856 3468 BP
863 3415 1104 3469 conturbationem
1116 3416 1202 3469 maris
1215 3416 1297 3471 fundi
1311 3419 1338 3470 h·

190 3506 309 3557 sonitum
335 3504 427 3571 scripsi
449 3501 540 3554 sonitu
560 3501 612 3554 ΗΡ
627 3500 734 3554 sonitus
754 3502 782 3552 E
831 3505 1009 3571 8processns
1030 3502 1055 3554 P
1104 3502 1133 3555 in
1161 3504 1334 3558 matutinum

190 3589 338 3684 lmasuumi
366 3623 401 3690 a)
420 3624 483 3676 ere
509 3623 709 3676 matutinorum
728 3624 743 3673 t
804 3625 821 3675 o
848 3623 1040 3676 darentasiense
1061 3624 1086 3675 r>
1101 3623 1292 3680 deieratione
1312 3629 1336 3680 rr

193 3716 224 3768 l0
242 3712 388 3764 inchoatur
407 3708 489 3775 (ΗΡ
505 3710 683 3762 ἰηοοΞαῐιιι·
702 3706 780 3770 (erus.
799 3707 828 3772 l)
848 3709 874 3760 h
925 3708 1036 3777 hymnis
1056 3708 1070 3774 (
1078 3708 1152 3774 Vllie
1172 3709 1202 3761 in
1222 3711 1336 3780 hymnis

191 3852 229 3903 l’b
284 3854 311 3903 ll
334 3857 375 3902 cst
394 3848 503 3914 (V)PE
528 3849 542 3902 ὃ
570 3850 629 3900 add.
659 3868 689 3900 ut.
715 3847 735 3900 3
759 3847 785 3901 R
839 3849 871 3900 15
889 3793 1059 3928 locupletas}
1087 3847 1113 3900 R
1138 3865 1188 3901 ortt.
1217 3852 1241 3903 l.
1271 3853 1290 3905 l.
1315 3853 1337 3906 Γ

192 3958 222 4008 16
241 3956 427 4022 locupletatur
449 3972 483 4034 et
510 3953 712 4021 locupletamur
739 3970 771 4004 m.
790 3952 807 4004 1
826 3951 852 4004 R
906 3954 938 4005 18
957 3951 1001 4005 ide
1019 3956 1062 4004 est
1088 3953 1116 4004 in
1142 3970 1197 4007 ros.
1216 3973 1251 4009 m.
1271 3955 1293 4010 3
1313 3959 1336 4011 ll

192 4097 222 4147 19
241 4098 304 4146 auto
324 4093 406 4159 (lyl’
422 4041 465 4146 aur
492 4091 515 4140 R
568 4038 725 4144 cohumari
750 4091 775 4143 R
828 4090 967 4171 eaquaeP
1007 4091 1042 4142 22
1059 4090 1119 4158 ipso
1137 4108 1210 4161 supr.
1230 4112 1283 4148 scr.
1304 4116 1334 4148 nr.

190 4178 209 4230 2
232 4180 257 4231 V
307 4179 381 4232 omni
401 4177 460 4244 (ram.
479 4176 518 4242 in)
542 4178 570 4230 V.
