2790 4844
422 498 606 548 tractatus
625 494 660 548 in
678 495 851 563 psalmum
871 494 928 548 LII.
1188 494 1250 560 138

98 682 315 748 dominatuum
324 681 376 748 uel
388 689 575 764 potestatum
587 682 638 748 uel
650 681 796 748 thronum
808 683 1013 750 uelnirtntum
1022 685 1121 751 uirtus
1130 685 1249 763 auertit,

99 787 157 852 scd
186 786 247 866 ille,
285 787 339 870 qui
370 795 497 871 accepto
529 786 608 852 libro
643 787 675 850 iu
707 806 871 872 synagoga
907 807 978 853 oum
1009 788 1070 854 ista
1107 787 1251 874 legisset:

99 891 277 972 spiritus
302 891 454 956 domini
478 911 689 972 superma,
714 896 881 972 propter
911 893 1016 976 quod
1046 893 1163 958 unxit
1195 912 1252 959 me

98 996 329 1076 praedicare
352 995 1253 1076 captiuisremissionemetceeisuisionem.

99 1099 581 1166 dimittereconsractos
612 1099 983 1176 inremissionem,
1021 1101 1250 1182 praedicare
1291 1128 1304 1165 r
1363 1090 1365 1094 ⁸

98 1223 244 1269 annum
270 1202 423 1268 domini
447 1210 669 1285 acceptum,
692 1203 788 1270 iidem
811 1209 1251 1273 etauctoremconsummatae

97 1306 284 1393 significans
314 1305 485 1389 prophetie
516 1308 572 1373 ait:
611 1308 707 1391 quia
736 1306 859 1374 hodie
889 1308 1048 1389 inpleta
1078 1314 1139 1375 est
1166 1329 1252 1390 pro·

99 1412 243 1493 plretia
273 1410 356 1476 haeo
378 1412 417 1475 in
446 1412 616 1478 auribus
650 1412 817 1477 uestris.
864 1411 933 1478 haee
955 1413 1050 1498 igitur
1073 1412 1178 1495 populi
1201 1414 1251 1480 dai

98 1537 212 1582 auersa
234 1515 401 1596 captiuitas
431 1524 485 1594 est,
516 1535 589 1582 cnm
612 1515 691 1581 oculi
712 1514 933 1601 intellegentiae
963 1519 1149 1598 panduntur,
1180 1536 1250 1584 cum

97 1620 265 1700 praefracta
295 1620 432 1701 peccatis
462 1620 556 1686 corda
586 1621 617 1684 in
648 1620 790 1704 requiem
819 1619 1010 1699 relaxantur,
1049 1641 1119 1688 cum
1151 1640 1250 1687 annus
1279 1647 1304 1684 ιο

99 1724 217 1789 domini
249 1723 450 1804 acceptabilis
473 1725 641 1803 nuntiatur,
671 1745 733 1809 quo
764 1725 951 1806 paenitentiae
980 1732 1093 1791 nostrae
1124 1726 1181 1791 deo
1204 1732 1252 1792 ast

99 1834 229 1909 accepta
250 1826 416 1910 consessio,
442 1847 514 1894 cum
539 1827 614 1893 nihil
636 1829 863 1911 praeteritomm
887 1837 1047 1910 reputatur
1069 1831 1110 1896 ad
1125 1829 1252 1909 crimen,

97 1952 174 1999 eum
197 1952 281 1998 noua
302 1932 408 1997 omnia
430 1940 510 2009 sunt,
546 1952 627 1998 nona
650 1932 778 1999 libertas
808 1940 862 2011 est,
893 1935 964 1999 noui
994 1932 1058 2013 filii,
1083 1940 1114 2000 et
1136 1941 1252 2000 aterna

97 2037 210 2103 letitie
231 2044 287 2102 ast.

145 2141 196 2207 21.
221 2139 436 2206 Exultabit
466 2141 587 2207 Iacob
627 2147 665 2207 et
702 2140 914 2207 tentabitur
950 2139 1129 2208 Israhel:
1167 2141 1249 2208 idam
1281 2165 1305 2201 ιε

99 2265 240 2329 namque
264 2246 331 2327 ipse
356 2243 532 2325 patriarcha
554 2253 720 2329 utrumque
744 2265 856 2312 nomen
880 2247 1005 2311 sortitus
1021 2266 1058 2311 ex
1073 2246 1182 2311 merito
1195 2252 1249 2311 est.

98 2371 186 2428 nam,
216 2350 290 2432 quia
321 2369 415 2414 manu
446 2348 563 2415 calcem
600 2349 705 2416 fratris
735 2350 938 2416 continuisset
967 2350 998 2414 in
1028 2356 1125 2434 partu,
1157 2350 1250 2416 Iacob

97 2462 299 2534 nuncupatus
323 2461 378 2531 ast,
402 2453 656 2534 subplantaturus
679 2454 825 2535 deinceps
849 2461 879 2520 et
900 2456 1031 2521 emendo
1046 2454 1251 2539 primogenita

98 2570 132 2623 et
149 2558 379 2632 benedictiones
394 2558 584 2639 occupando.
627 2564 656 2623 et
675 2558 935 2639 interpretationis
958 2558 1104 2624 uirtutem
1119 2557 1251 2624 Genesis

99 2651 253 2742 exposuit,
280 2661 371 2727 lacob
395 2682 476 2739 euru,
500 2663 575 2746 quia
597 2661 811 2743 subplantator
834 2662 939 2727 fratris
955 2662 1005 2743 sit,
1028 2668 1249 2747 nuncupatum.
1279 2684 1303 2720 20

100 2787 162 2847 per
185 2766 376 2851 agnitionem
399 2773 504 2832 eutem
526 2765 661 2832 confessi
685 2766 735 2831 dei
757 2772 833 2842 tuni,
857 2785 929 2832 cum
953 2787 986 2833 se
1008 2767 1047 2831 ab
1063 2786 1100 2831 ao
1116 2765 1250 2846 homine,

99 2870 240 2936 cuiusin
262 2869 344 2935 lucta
360 2871 586 2946 dominabatur,
603 2870 744 2936 benedici
760 2871 898 2952 poposcit
922 2908 961 2915 —
979 2870 1053 2954 quia
1068 2870 1170 2947 deum,
1194 2869 1248 2934 ad·

99 2993 231 3040 nemum
255 2994 351 3058 quem
374 2975 500 3058 generis
524 2975 572 3040 sui
595 2973 728 3055 populus
751 2974 924 3041 secundum
955 2974 1067 3039 suturae
1097 2973 1250 3054 passionis

100 3086 334 3145 sacramentum
359 3078 391 3142 in
413 3077 494 3144 luel-a
518 3079 622 3144 carnis
644 3077 785 3156 inualuit,
816 3078 888 3144 fidei
918 3077 1015 3144 oculis
1039 3077 1251 3157 conspexisset

149 3194 167 3247 8
184 3191 250 3245 Luc.
268 3190 314 3258 IV,
336 3194 375 3246 18.
412 3195 428 3246 7
447 3191 517 3247 Ibid.
535 3194 577 3247 al.

151 3289 164 3341 l
184 3287 374 3342 dominatuum
392 3305 423 3341 ex
440 3288 622 3342 dominalinm
641 3307 673 3341 m.
693 3287 710 3340 l
735 3288 937 3373 Vdominattiu'u
954 3285 1073 3354 (alterum
1092 3306 1111 3342 u
1129 3285 1206 3354 eros.)
1225 3286 1252 3340 1t

99 3381 291 3445 potestatuum
317 3374 341 3428 V
391 3374 521 3429 thronum
550 3376 575 3428 R
601 3380 733 3429 tronuum
765 3376 788 3427 l'
811 3375 933 3429 thronud
961 3375 987 3428 P
1011 3373 1174 3429 trhonorum
1193 3370 1249 3440 (aial

101 3465 129 3516 Τ
157 3462 192 3529 cs.
220 3462 292 3515 Senti.
319 3460 392 3515 1888
413 3481 441 3533 p.
466 3462 538 3570 llllre
593 3463 750 3544 uirtutunm
768 3481 835 3516 resurr.
862 3481 895 3515 m.
924 3462 940 3515 I
973 3462 997 3515 V
1062 3464 1080 3516 4
1107 3467 1135 3516 et
1161 3459 1251 3515 caeeis

100 3584 239 3637 sirionem
249 3584 332 3636 omit
376 3583 521 3638 bdirnitte
537 3583 710 3637 corr.m.2V
751 3584 780 3636 in
790 3584 950 3638 remissione
963 3583 986 3635 V
1027 3581 1251 3637 (tauctoritatem

102 3670 157 3723 1⁷!
156 3670 171 3723 l
223 3672 239 3722 7
255 3668 416 3740 significans
427 3689 457 3724 ar
466 3669 624 3740 significare
634 3670 698 3725 m?
717 3671 742 3724 V
751 3669 961 3740 significationis
971 3670 1022 3722 PT
1038 3670 1072 3736 cf.
1083 3669 1165 3723 elaad.
1172 3686 1200 3739 p.
1213 3667 1252 3723 80

100 3755 239 3828 prolatiae
252 3758 291 3811 ait
304 3776 335 3811 er
347 3756 468 3826 prolatet
478 3757 540 3811 aa?
555 3758 580 3810 V
628 3760 646 3813 8
663 3757 715 3812 hoo
734 3758 821 3827 igitur
834 3758 898 3810 l’l'b
950 3755 1068 3825 populus
1086 3749 1117 3809 di
1135 3755 1251 3810 aduersa

107 3879 135 3931 V
186 3879 413 3948 9intallegantia
441 3879 504 3933 PTc
558 3880 591 3935 10
608 3878 781 3962 praeferente
807 3897 873 3932 corr.
904 3897 936 3931 m.
968 3878 982 3930 I
1012 3878 1036 3930 V
1060 3835 1201 3947 praestricta
1228 3878 1254 3931 P

660 3986 694 4022 err

103 4037 137 4091 11
158 4034 232 4103 quod
245 4036 329 4089 totius
343 4035 573 4103 paenitentiaedb
590 4035 614 4087 l'
680 4041 793 4104 accepta
814 4035 1038 4105 l'Paceaptaest
1052 4035 1080 4088 E
1133 4032 1165 4089 12
1178 4033 1252 4103 quod

101 4120 175 4177 nibil
193 4121 216 4173 l'
267 4123 299 4176 13
317 4122 434 4176 sintl'i'
488 4122 520 4176 lb
538 4122 677 4178 exultabit
689 4114 736 4176 ani
749 4122 868 4176 iacobV
919 4122 1044 4178 laidem
1062 4122 1136 4177 enim
1154 4121 1255 4191 ipseV

101 4218 289 4276 uentumque
305 4209 329 4261 l'
361 4209 492 4263 sortitum
506 4209 532 4261 l'
575 4210 606 4264 17
616 4226 736 4278 namque
745 4209 850 4277 qniaV
891 4207 1100 4264 fratrisoaloam
1115 4209 1140 4261 V
1181 4209 1214 4264 18
1223 4217 1251 4263 at

99 4294 231 4351 timendo
262 4295 284 4347 l'
351 4298 384 4351 19
410 4295 610 4351 benedictionis
638 4296 663 4351 V
722 4296 977 4365 interpraetationis
1005 4296 1030 4349 R
1058 4295 1250 4364 interpraetati

100 4381 226 4438 nominis
243 4382 265 4434 l’
314 4384 348 4437 21
368 4381 485 4437 confessi
495 4401 525 4437 er
534 4382 669 4437 consessio
679 4401 711 4437 m.
725 4382 739 4435 l
755 4383 779 4437 V
828 4388 895 4437 tuuo
913 4399 977 4437 cnm
993 4383 1016 4435 l'
1066 4383 1101 4437 19
1118 4382 1250 4438 aduersus

106 4470 160 4523 ΥΡ
212 4466 248 4522 24
266 4469 294 4523 iu
312 4469 389 4523 lucta
407 4486 487 4523 carus
513 4470 542 4523 l'.
