2790 4844
155 225 219 290 330
496 224 614 277 sancti
638 223 772 277 Hilarii
797 223 959 292 episcopi

154 415 374 496 prophetarum
408 434 502 479 uoces
535 413 574 476 nb
609 411 746 508 ecclesie
781 412 856 476 uiris
879 414 918 476 ad
951 411 1171 477 reuelationem
1205 413 1288 478 diuin:

154 519 273 584 consilii
296 523 474 593 tractantur,
498 537 567 581 cum
592 518 631 581 ad
656 518 856 581 adsumendae
881 517 981 581 earnis
1002 516 1097 581 fidem
1119 517 1288 601 unigenitus

154 625 230 688 deus
253 623 284 687 in
308 621 443 686 hominia
467 621 570 701 specie
594 627 625 684 et
647 620 686 684 ab
708 619 867 684 Abraham
892 622 1035 685 adoratus
1058 630 1184 686 etcum
1207 621 1288 687 lacol

154 727 343 792 conluctatus
374 725 553 801 ostenditur,
589 744 660 790 cum
692 747 728 789 ex
760 725 837 789 luda
866 725 1011 806 princeps
1049 725 1179 790 ueniens
1216 726 1288 791 idea

114 862 126 899 a
155 831 325 912 expectatio
348 830 486 914 gentium
511 829 676 906 nuntiatur,
700 849 768 893 cum
792 829 824 892 in
849 828 1008 893 Abrabam
1040 829 1160 895 semine
1191 850 1288 895 omnes

152 935 260 1015 patriae
284 935 422 1017 gentium
445 933 669 998 benedicendae
694 939 772 1010 sunt,
796 953 865 997 cum
891 953 929 997 cr
954 933 1052 998 Dauid
1081 939 1168 999 atero
1192 942 1288 1000 aetem

153 1039 241 1121 regui
273 1037 415 1102 dominus
447 1037 638 1118 preadicatur,
677 1057 748 1101 cum
786 1038 958 1102 secundum
989 1037 1111 1102 Esaiam
1156 1039 1288 1103 dominu

153 1150 354 1225 tamquam
384 1141 472 1205 auia
496 1141 542 1204 ad
566 1141 814 1206 occisionem
843 1141 987 1206 ductus
1011 1162 1069 1206 nea
1093 1142 1237 1208 maxillas
1259 1143 1288 1207 al

152 1245 249 1327 alapis
282 1266 340 1310 neo
373 1245 484 1309 faciam
519 1244 670 1309 auertite
693 1245 799 1326 sputis,
833 1265 904 1310 cum
935 1247 1104 1311 secundum
1128 1246 1288 1311 Ieremiou

100 1381 125 1418 ιο
153 1348 218 1414 bio
263 1352 361 1415 deus
407 1355 547 1414 noster
592 1355 668 1427 est,
714 1350 781 1433 qui
828 1349 1067 1430 disciplinis
1112 1352 1288 1417 omnibus

152 1452 312 1518 Israhel
360 1453 513 1518 dilecto
559 1474 627 1518 suo
671 1455 843 1518 traditis
889 1464 1032 1535 postea
1083 1454 1122 1518 ia
1169 1456 1288 1520 terrie

151 1558 264 1622 uisus
299 1558 352 1622 sit
386 1567 424 1622 et
458 1558 568 1621 inter
603 1557 790 1622 homines
825 1565 1097 1623 conuersatus
1133 1559 1196 1638 sit,
1228 1578 1288 1624 cur

153 1661 286 1745 denique
311 1664 350 1727 de
373 1663 508 1726 aduentu
531 1663 597 1725 eius
613 1661 747 1725 omnium
763 1661 985 1743 prophetarum
1003 1663 1084 1728 dicta
1100 1663 1272 1728 conueniuu

152 1764 219 1831 baec
240 1765 343 1849 itaque
368 1767 516 1830 doctrinae
540 1785 658 1839 mensa,
690 1765 740 1830 uel
772 1765 823 1831 hic
845 1766 949 1831 uitalis
979 1767 1039 1832 cibi
1070 1787 1174 1831 sermo
1198 1774 1230 1832 et
1250 1766 1288 1831 la

100 1899 125 1936 1⁶
152 1889 250 1953 quous
281 1876 311 1934 et
341 1870 439 1950 captio
470 1879 501 1933 et
524 1870 684 1935 retributio
716 1878 746 1934 et
775 1869 954 1935 scandalum
986 1882 1040 1947 ost,
1072 1891 1141 1936 cum
1165 1891 1184 1934 a
1208 1871 1288 1936 nol»

153 1975 229 2038 deus
259 1971 352 2038 Iacob
383 1993 460 2051 esse,
493 1974 544 2056 qui
579 1974 618 2037 ab
654 1973 703 2038 his
734 1977 773 2038 sit
802 1975 972 2052 crucifixus,
1002 1975 1183 2040 ostenditur.
1229 1974 1288 2039 bn

152 2077 235 2141 enirn
259 2089 307 2142 est
329 2077 489 2142 retributio
524 2084 616 2142 tautae
650 2078 826 2158 impietatis,
861 2087 901 2153 ut,
937 2080 1018 2162 quod
1049 2078 1139 2144 nobis
1170 2088 1217 2143 est
1245 2079 1288 2143 ῖΙ

151 2181 257 2258 uirtus,
289 2180 338 2246 hia
368 2181 550 2246 scandalum
582 2183 631 2247 sit.
676 2202 748 2246 nam
772 2203 840 2247 cum
871 2182 1038 2266 inlaqueati
1061 2183 1204 2267 captique
1234 2182 1286 2247 si

152 2285 284 2366 scriptia,
308 2285 527 2369 intellegentiae
562 2293 664 2351 tamen
700 2293 805 2351 carent
838 2307 948 2366 senam
984 2294 1014 2351 et
1042 2288 1112 2352 ideo
1143 2288 1288 2352 obscur-.-

100 2417 124 2455 ao
152 2395 223 2452 sunt
244 2388 349 2466 naulis,
372 2410 419 2455 ne
453 2390 628 2466 uideant,
652 2390 683 2454 id
715 2398 763 2455 est
785 2411 825 2455 na
848 2390 954 2455 lumea
977 2389 1198 2475 intellegentia
1221 2410 1288 2455 oo

152 2498 316 2572 tuerentur,
340 2496 412 2577 quia
434 2496 601 2559 seeundum
627 2494 823 2578 euangelium
846 2495 951 2559 omni
986 2495 1156 2560 habenti
1188 2493 1288 2559 dat

152 2608 222 2674 tur,
247 2598 313 2681 qui
337 2608 466 2663 autem
491 2617 566 2662 nou
591 2597 721 2675 habet
753 2599 872 2663 etiam
905 2600 1008 2683 quod
1043 2598 1168 2664 babet
1190 2620 1233 2664 au
1256 2597 1288 2660 1

152 2804 255 2869 lumen
278 2806 460 2886 acciperent,
492 2812 521 2871 et
544 2806 612 2870 ideo
644 2806 832 2892 euangelica
862 2806 1012 2873 libertatis
1043 2808 1201 2873 scientiam
1232 2822 1288 2868 nt

98 2937 124 2976 aa
151 2909 254 2989 adepti
277 2916 425 2990 perpetuo
448 2909 549 2973 adbuc
573 2909 651 2994 legis
675 2930 767 2975 onere
790 2910 1008 2991 deprimuntur,
1031 2918 1065 2976 ut
1080 2912 1189 2989 lerant,
1211 2924 1288 2994 qua

151 3012 302 3078 sustinere
325 3033 387 3077 non
410 3021 546 3093 possunt.
591 3014 621 3078 id
645 3015 728 3079 enim
758 3015 790 3078 in
820 3014 1012 3080 incuruando
1036 3016 1129 3081 dorso
1152 3036 1206 3097 per
1228 3026 1288 3076 eor

151 3116 303 3196 poralium
326 3136 453 3198 opomm
477 3117 613 3198 speeiem
636 3118 800 3201 siguificat.

194 3269 209 3318 7
225 3266 297 3318 Esai.
307 3266 379 3333 Llll,
390 3268 413 3318 7.
451 3269 483 3321 10
492 3267 601 3320 Baruclr
611 3267 659 3334 ΙΙΙ,
668 3270 702 3322 36
713 3285 753 3335 sq.
790 3269 821 3319 21
834 3267 931 3321 Mattb.
942 3267 1026 3335 XXV,
1036 3269 1084 3334 aa;
1098 3267 1185 3321 Mare.
1194 3263 1235 3331 IV,
1242 3257 1280 3314 ab·

196 3431 303 3483 Iuocie
328 3432 352 3481 V
402 3432 517 3484 eclesiae
551 3433 573 3484 V
625 3434 699 3486 ueris
730 3434 754 3485 V
803 3434 902 3486 2aum
929 3379 1149 3487 ad⁸dsumendae
1182 3433 1204 3485 l'
1224 3440 1277 3483 aum

150 3569 328 3623 assumendae
357 3571 381 3622 R
434 3570 524 3622 carnis
552 3589 581 3623 ea
608 3571 684 3623 oanis
712 3590 744 3623 m.
774 3570 793 3623 2
822 3572 847 3625 V
896 3573 960 3626 aiu
986 3519 1102 3653 homini
1126 3571 1237 3641 speciem
1256 3558 1282 3623 l'

150 3653 179 3691 ab

176 3706 287 3759 abraam
323 3707 345 3759 V
395 3709 411 3758 4
438 3707 466 3760 id
493 3716 535 3760 est.
558 3708 714 3775 expectatio
742 3708 768 3760 P
827 3711 843 3763 7
870 3710 1020 3762 secundum
1048 3710 1121 3764 eseia
1149 3711 1233 3766 eseiae
1260 3712 1277 3766 l'

150 3794 300 3846 secundum
337 3793 432 3846 isaiam
463 3793 546 3846 isaiae
574 3794 599 3845 T
668 3797 684 3846 9
711 3794 871 3849 hieremiam
897 3792 960 3848 P¹T
1031 3799 1063 3850 la
1093 3797 1223 3851 aduatum
1252 3800 1280 3853 1¹¹

149 3879 303 3948 profetiarri
327 3881 350 3932 V
402 3883 435 3934 14
453 3897 576 3933 mensam
595 3881 620 3932 P
670 3881 765 3936 uitalia
793 3883 846 3936 sibi
865 3883 891 3934 P
943 3883 974 3936 17
993 3883 1068 3936 euim
1095 3886 1157 3938 odd.
1177 3904 1209 3938 m.
1228 3885 1245 3940 2
1266 3891 1286 3943 V

151 4021 183 4071 18
202 4017 354 4085 inlaqueati
381 4038 412 4071 ea
438 4019 553 4087 inlegati
581 4038 613 4072 m.
642 4020 661 4072 2
694 4021 718 4072 V
777 4024 812 4077 20
829 3979 1044 4102 intelligentiam
1070 4040 1139 4077 corr.
1167 4044 1200 4078 m.
1224 4028 1243 4080 2
1268 4033 1288 4085 V

149 4123 183 4175 26
202 4122 398 4190 depraemutur
415 4123 447 4174 1⁷¹
500 4125 534 4176 26
552 4123 581 4176 iu
599 4124 1064 4180 inouruandoeaincuruandom.2
1080 4129 1105 4183 V
1156 4132 1192 4183 27
1210 4131 1288 4206 signi.

150 4206 214 4260 ficut
232 4211 292 4262 odd.
311 4228 343 4262 m.
363 4213 383 4261 ἑ)
408 4210 431 4262 V
446 4209 620 4278 signfficatur
638 4211 670 4262 E.
