2790 4844
364 272 543 350 tractatus
563 297 597 348 in
616 298 786 364 psalmum
807 295 928 349 CXXIII.
1157 290 1217 356 591

69 508 148 567 opus
173 493 220 552 est
244 488 293 552 dei
317 486 538 564 misericordia,
563 494 592 549 et
623 487 727 549 omnia
750 485 848 562 nobis,
872 490 1032 566 tamquam
1057 503 1094 547 ex
1117 490 1221 547 nostro

69 592 142 668 sint,
165 593 369 656 uindicemus.
416 590 568 673 numquid
600 589 688 653 tortis
719 588 832 653 fortem
856 607 890 652 se
913 586 1103 670 gloriabitur,
1127 606 1218 669 quem

11 683 14 694 λ
69 697 209 775 corporis
232 696 384 780 aegritudo
408 693 522 759 efficiet
544 693 728 758 infirmum?
773 692 925 775 numquid
945 691 1032 757 diues
1055 692 1086 754 io
1111 691 1220 770 opibus

68 800 262 881 gloriabitur,
287 799 335 864 cui
359 797 427 862 haec
451 799 556 862 omnia
579 797 658 862 forte
681 796 739 872 sur,
763 799 878 876 prado,
901 809 1049 879 tyrannus
1066 793 1219 875 abripiet?
1324 814 1327 822 ·

68 905 224 986 numquid
260 903 404 967 nobilitas
428 901 618 986 gloriabitur,
650 900 759 965 effecta
783 919 1016 983 nonnumquam
1039 897 1164 963 infirma
1187 908 1218 963 et
1260 925 1272 960 s

69 1007 257 1072 miserabilis
296 1006 455 1071 seruitus?
501 1006 651 1088 numquid
690 1005 814 1085 sapiens
849 1003 1039 1088 gloriabitur,
1075 1003 1218 1078 incertae,

68 1112 147 1193 quid
181 1111 212 1175 in
248 1118 405 1175 momenta
443 1110 502 1174 sibi
540 1109 684 1174 accidat?
738 1110 793 1174 sed
829 1109 854 1173 si
889 1108 965 1190 quid
1002 1106 1114 1171 horum
1152 1107 1218 1171 siue

68 1214 221 1280 molestiae
244 1214 372 1279 alicuius
397 1212 644 1294 interpellatione
666 1215 788 1289 utimur,
812 1212 961 1281 laetamur.
985 1211 1151 1284 efferiruur.
1189 1219 1219 1276 et

68 1319 95 1382 si
121 1339 158 1384 ex
181 1318 285 1402 aliqua
308 1319 432 1383 tristitia
456 1319 488 1382 in
512 1319 660 1402 gaudium
691 1325 891 1393 reuertamur,
923 1315 1015 1380 huius
1049 1315 1144 1396 ipsius
1168 1316 1218 1379 uir

68 1423 174 1503 adepti
211 1423 316 1501 gaudii
351 1423 516 1503 incapaces
549 1421 629 1486 ultra
663 1441 789 1486 sensum
828 1419 971 1485 humana
1005 1419 1218 1484 ‘inbecillitatis
1246 1444 1270 1479 ιο

67 1525 254 1602 extollimur,
287 1527 476 1591 inmemores
501 1526 574 1591 dicti
590 1525 697 1590 huius:
722 1545 798 1589 non
823 1523 1029 1609 glorietur
1051 1524 1218 1604 sapiens

67 1632 107 1694 in
133 1631 343 1712 saplentia
366 1651 444 1707 suo,
475 1650 604 1713 neque
634 1630 758 1695 sortis
789 1630 827 1693 in
859 1629 1108 1693 fortitudine
1139 1648 1218 1704 sua,

66 1755 201 1818 neque
226 1734 345 1800 diue's
379 1736 417 1799 in
454 1735 620 1800 diuitiis
652 1735 745 1810 suis,
776 1734 846 1798 sed
872 1734 910 1796 in
935 1753 978 1798 eo
1002 1731 1217 1816 glorietur,

67 1838 138 1921 qui
162 1839 376 1922 gloriatur,
406 1837 659 1921 intellegere
690 1858 732 1903 se
764 1843 801 1903 et
831 1856 1093 1921 cognoscere,
1125 1837 1218 1919 quia

66 1963 143 2027 ego
167 1963 248 2007 sum
274 1944 468 2008 dominus.
514 1962 589 2025 ergo
612 1962 668 2007 nos
695 1944 733 2006 de
757 1941 987 2006 consuetudinis
1010 1948 1122 2005 nostrae
1143 1939 1218 2004 uitio
1245 1963 1269 1998 rs

64 2045 238 2112 insolentes
266 2049 400 2129 quodam
432 2048 613 2127 praescripto
645 2046 848 2111 consessionis
879 2044 1029 2126 propheta
1063 2045 1216 2122 formauit,

65 2159 97 2216 et
122 2151 163 2214 ad
186 2150 335 2214 honorem
359 2153 416 2216 deo
451 2151 644 2215 reddendum
680 2157 710 2215 et
734 2151 766 2214 in
789 2171 825 2215 eo
856 2148 1053 2233 gloriandum
1077 2147 1217 2230 exemplo

64 2254 290 2320 admonitionis
314 2254 436 2319 edocuit
460 2255 582 2320 dicens:
617 2254 698 2319 nisi
729 2256 833 2337 quod
857 2254 1042 2318 domiuus
1066 2259 1156 2317 erat
1177 2253 1216 2317 iu

63 2358 197 2434 noble,
222 2359 333 2423 dicat
357 2378 460 2423 nunc
484 2357 656 2422 Israhel.

112 2461 143 2526 3.
168 2463 293 2527 Auditis
316 2463 411 2546 igitur
431 2461 626 2543 apropbota,
647 2483 715 2546 quae
732 2462 837 2527 dicere
852 2483 907 2526 nos
924 2469 1050 2541 oportet,
1074 2461 1215 2526 dicamus
1242 2480 1267 2519 πο

62 2577 185 2633 elnoe:
209 2567 288 2630 nisi
313 2569 417 2650 quod
441 2567 629 2632 dominus
653 2574 740 2631 erat
764 2567 802 2629 in
827 2565 952 2642 nobie,
976 2585 1063 2630 cum
1086 2565 1215 2629 insur-

60 2669 1217 2756 gerenthominusinnos,forsitanuiuosdegluttiesent

59 2795 149 2841 noe.
195 2775 333 2854 perpessi
358 2795 494 2858 namque
518 2774 679 2840 hominum
703 2775 930 2848 insectationes,
961 2794 1072 2858 regum
1104 2773 1217 2853 impias

57 2878 312 2955 constitutiones,
335 2878 566 2943 consiliatorum
588 2878 797 2944 inlecebrosus
821 2877 1050 2943 adhortationes
1081 2897 1151 2941 cunr
1184 2876 1214 2939 in

111 3055 146 3105 ll
167 3051 286 3106 Hieram.
305 3053 351 3119 IX,
370 3055 405 3106 23
424 3070 465 3120 sq.

109 3193 125 3246 l
149 3194 177 3243 et
204 3189 296 3243 omnia
323 3189 350 3243 P
374 3190 466 3243 omnia
493 3191 519 3243 a
547 3189 591 3254 (de
612 3192 637 3243 G
661 3193 684 3243 b.
703 3192 720 3244 l.
748 3209 799 3243 uon
826 3189 939 3256 constat)
968 3191 1051 3245 etiam
1079 3191 1172 3244 omnia
1190 3191 1218 3243 E

52 3284 76 3335 2
98 3293 205 3345 quaem
232 3277 257 3329 R
321 3276 428 3330 4forte
456 3277 501 3330 fur
530 3277 582 3330 GR
609 3277 654 3330 sur
681 3278 707 3330 P
769 3277 915 3331 bintirma
944 3279 969 3331 G
995 3277 1111 3345 indigna
1138 3278 1218 3330 RPE

52 3371 75 3420 6
96 3362 271 3432 gloriabitur
300 3364 352 3417 GR
378 3363 632 3433 glorizficabit-ur
653 3365 678 3416 P
727 3365 850 3418 incertus
871 3366 923 3418 GR
946 3365 1061 3418 incertis
1081 3365 1106 3417 P
1157 3365 1215 3418 'lsi

923 3461 973 3489 mul·

52 3524 112 3560 om.
127 3502 155 3554 G
208 3505 345 3557 8utemur
356 3503 381 3555 G
391 3500 425 3569 (l)
433 3501 468 3555 P¹
522 3504 658 3556 laetamur
667 3503 808 3557 efferimur
818 3505 843 3556 a
862 3505 963 3590 letaet
973 3503 1089 3557 ferimur
1099 3504 1125 3555 P
1133 3502 1181 3572 (cs.
1186 3522 1214 3573 p.

50 3607 132 3670 590,
145 3603 185 3658 23
197 3605 552 3673 laetansest)delectamur,
566 3606 745 3660 efferimurE
796 3608 872 3662 euix
887 3608 939 3659 GP
949 3607 1046 3661 uiaeIl
1099 3609 1131 3660 ll
1145 3607 1214 3661 dicti

50 3694 150 3751 huius
171 3691 223 3745 Ga
240 3692 322 3746 huius
340 3694 408 3747 dicti
427 3693 453 3747 P
507 3696 539 3746 14
558 3694 604 3761 qui
630 3694 768 3762 gloriatur
788 3695 840 3747 GP
856 3713 903 3747 om.
923 3695 949 3746 Il
1002 3693 1067 3762 quia
1088 3694 1113 3747 G
1131 3692 1170 3762 qd
1189 3695 1215 3747 R

51 3779 144 3853 quod
163 3779 189 3830 P
213 3779 343 3848 quoniam
361 3781 390 3832 Ε
441 3783 474 3834 17
493 3781 619 3849 exemplo
649 3781 701 3834 GR
729 3781 898 3849 exemplario
918 3782 944 3833 P
995 3782 1027 3835 18
1046 3781 1157 3834 edocuit
1185 3799 1215 3833 er

52 3867 197 3925 sedocuit
215 3867 240 3919 R
292 3869 324 3920 ‘21
344 3873 522 3936 assurgerent
541 3867 665 3920 homines
685 3867 713 3919 in
732 3885 781 3921 nos
803 3869 828 3920 G
846 3869 1023 3935 insurgerent
1042 3868 1166 3921 homines
1186 3868 1214 3921 in

52 3973 113 4012 nos
124 3951 320 4022 spcapcco,
330 3952 364 4005 15
405 3956 440 4007 22
449 3952 564 4006 forsitan
575 3955 768 4007 GRPforteE
819 3954 1214 4024 deglutiissentGPdeglutis·

52 4047 129 4098 sent
150 4040 174 4092 R
226 4040 262 4093 24
280 4038 492 4093 constitutiones
508 4040 560 4092 GP
576 4040 758 4110 cogitationes
772 4042 797 4093 a
850 4038 1041 4094 consiliatores
1061 4042 1214 4095 inlecebro-

53 4199 106 4236 sas
138 4177 350 4233 adhortationes
371 4178 396 4231 G
414 4177 594 4232 consiliator'ri
623 4179 775 4234 inlecebras
800 4125 1005 4235 adiortationes
1034 4182 1071 4248 P;
1099 4182 1124 4234 R
1152 4183 1214 4233 laec

53 4270 147 4324 uerba
165 4284 215 4320 om.
