2790 4844
206 226 266 293 176
543 227 659 281 saneti
685 228 819 281 Hilarii
844 228 1006 296 episcopi

203 418 326 483 iustitiae
350 439 452 482 sermo
476 420 647 483 communis
671 427 732 496 est;
764 421 818 483 sed
842 420 922 503 nequi
944 420 1047 485 iudicii
1071 420 1205 484 studium
1226 428 1259 485 et
1273 439 1345 484 onn-

204 525 331 587 suetudo
355 542 520 604 paucorum
545 530 601 587 est.
648 524 703 587 sed
725 523 816 603 plene
839 530 903 587 tum
926 544 997 588 uere
1013 524 1082 607 quis
1098 524 1180 607 loqui
1195 524 1343 588 iustitium

203 627 425 692 existimandus
448 639 504 703 est,
535 646 605 691 cum
628 627 774 692 iudicium
810 628 941 691 retineat
972 627 1119 703 ueritatis,
1152 628 1211 691 deo
1241 628 1281 692 ob
1310 628 1342 694 id

204 752 264 795 non
299 730 420 814 eloquin
453 731 593 807 humone,
629 731 685 796 sed
720 731 821 796 cordis
855 750 956 811 opero,
991 732 1022 795 id
1045 738 1093 795 est
1126 732 1345 814 cogitationum

204 836 375 900 molitiones
387 835 549 901 iudicante.
581 835 658 900 solet
669 842 771 900 cutem
783 836 927 919 iniquitas
940 835 997 900 sub
1008 835 1138 916 publicae
1149 837 1344 901 conscientie

203 938 1345 1027 pudorenonperagi;etideo‚lioetconplenaeruunusnonsintiniquitutem

203 1056 306 1109 tumen
330 1044 522 1128 iniquitatem
554 1044 611 1108 deo
636 1063 688 1107 cor
711 1051 855 1124 operatur
876 1045 908 1109 in
932 1052 1022 1109 terre.
1067 1042 1139 1109 hinc
1162 1042 1343 1109 adulterium

203 1148 266 1213 solo
297 1155 477 1228 conceptum
513 1149 606 1213 corde
640 1149 701 1212 inm
736 1148 850 1213 crimen
874 1156 930 1226 est,
961 1147 1034 1214 hine
1063 1151 1232 1214 secundum
1258 1148 1342 1213 Pauli

203 1253 396 1336 euangelium
422 1261 540 1317 secretu
564 1251 722 1316 hominum
747 1253 823 1317 deus
849 1253 970 1331 iudicat,
993 1251 1165 1318 uoluntates
1182 1251 1342 1317 hominum

203 1358 342 1422 deciam
368 1358 399 1420 in
423 1357 498 1437 ipsis
523 1356 665 1420 humanae
690 1357 857 1421 natiuitatis
888 1357 1021 1421 exordiis
1054 1363 1225 1421 contuente.
1271 1377 1340 1419 num

203 1482 271 1526 curn
295 1468 412 1525 nuturm
447 1461 580 1541 potentis
614 1461 710 1525 uirtus
744 1481 804 1524 non
840 1469 900 1525 tum
933 1462 1086 1525 uiscerum
1121 1460 1216 1524 fibras
1237 1480 1344 1544 ⁴quem

202 1567 355 1646 adpetitus
378 1567 491 1629 mentis
516 1567 654 1639 introeat,
678 1585 803 1630 necesso
828 1572 874 1630 est
898 1585 957 1628 non
980 1584 1035 1645 per
1065 1572 1166 1628 motus
1197 1584 1343 1629 sensuum

202 1669 409 1753 perspiciendi
432 1677 532 1733 sumat
555 1669 722 1745 exordium,
747 1670 802 1734 sed
826 1690 879 1749 per
910 1669 1066 1733 scientium
1101 1676 1217 1733 neturae
1248 1670 1342 1733 etiem

203 1773 319 1837 futuros
343 1780 443 1837 motus
466 1793 612 1838 sensuum
637 1774 802 1853 praesciens
827 1772 1049 1853 adprehendat.

247 1896 275 1959 3.
300 1894 340 1958 lit
361 1895 475 1960 idcirco
499 1896 537 1959 de
561 1894 619 1971 his,
644 1896 693 1979 qui
718 1895 884 1976 conplexus
900 1894 1043 1958 munibus
1058 1895 1236 1977 iniquitates
1251 1895 1345 1958 corde

203 1999 372 2080 perficiunt,
396 1999 539 2064 continuo
555 1998 700 2063 subiecit:
723 1998 895 2064 alienati
921 2009 1010 2063 sunt
1033 2006 1274 2079 peccatores
1298 1999 1345 2061 ub

204 2111 328 2179 utero,
360 2110 817 2178 erraueruutuuentre‚
852 2102 978 2167 locuti
1014 2110 1105 2166 sunt
1138 2101 1254 2166 falsu.
1301 2102 1349 2167 sic

203 2208 353 2272 alienatus
379 2206 459 2271 llscu
482 2208 520 2273 ab
537 2214 624 2270 utero
641 2214 695 2283 est,
719 2226 787 2271 cum
805 2207 904 2271 maior
919 2207 1029 2271 minori
1045 2207 1223 2282 seruiturus,
1249 2207 1346 2270 etium

203 2320 272 2376 ento
295 2331 387 2394 quum
412 2311 581 2388 exsisteret,
607 2312 768 2389 nuntiatur,
793 2312 851 2375 deo
874 2310 982 2375 futrum
1007 2331 1066 2374 non
1101 2310 1205 2375 nescio
1234 2310 1347 2374 uolun-

203 2417 282 2490 tatis,
305 2436 375 2481 cum
400 2423 430 2480 et
452 2416 603 2480 sermonis
621 2414 737 2480 fulcitus
761 2425 792 2481 et
814 2415 885 2480 uitur
909 2436 994 2480 error
1017 2436 1035 2479 ε
1057 2421 1163 2480 uentre
1187 2420 1250 2478 est:
1277 2415 1346 2496 ipso

202 2521 299 2603 potius
325 2521 380 2584 hoc
404 2520 518 2584 sciente
542 2539 633 2604 quam
660 2520 761 2604 aliquo
777 2522 817 2584 nd
834 2520 1048 2584 necessitatem
1066 2519 1169 2603 genito
1186 2524 1349 2583 naturum·

202 2645 261 2710 que
285 2625 410 2706 peccati.
457 2645 492 2689 nc
517 2625 684 2689 nouitium
709 2624 817 2689 referri
840 2630 946 2705 posset
968 2625 1006 2687 ud
1030 2623 1190 2706 originem,
1222 2624 1349 2705 prendu-

202 2741 275 2794 rntee
290 2731 322 2794 in
339 2728 388 2794 his
404 2730 444 2793 ud
461 2729 678 2793 oboediendum
704 2727 868 2792 uoluntatis
891 2728 1008 2792 crimen
1035 2726 1198 2807 exprobrat
1221 2728 1349 2792 dicens:

202 2835 315 2898 t'uror
358 2833 447 2896 illis
497 2834 711 2896 secundum
768 2831 1087 2896 similitudinem
1132 2833 1348 2911 serpentis

247 3029 259 3079 l
272 3024 319 3077 sed
329 3025 393 3091 quis
403 3024 498 3077 iudicii
510 3024 545 3075 l’u
556 3024 601 3075 sed
613 3023 707 3076 iudicii
719 3024 743 3074 Τ
786 3027 839 3075 ‘det
850 3023 931 3089 plene
942 3023 1004 3074 Vl'e
1053 3040 1116 3075 uere
1127 3040 1157 3074 ex
1166 3039 1234 3075 uero
1245 3041 1278 3074 m.
1290 3022 1310 3074 :2
1328 3024 1352 3075 V

202 3115 218 3165 3
229 3112 347 3164 retineat
356 3129 386 3164 a
395 3111 497 3163 retinet
508 3129 539 3162 m.
551 3108 570 3161 ⁸.)
590 3110 612 3162 V
659 3121 717 3179 post
727 3111 778 3163 deo
789 3112 888 3179 aliquid
896 3128 962 3162 erue.
973 3109 999 3161 R
1051 3112 1068 3161 4
1086 3107 1196 3175 eloquin
1209 3108 1309 3163 diuino
1320 3111 1346 3162 R

202 3200 218 3251 5
236 3198 392 3250 molitiones
402 3215 431 3250 cr
441 3197 593 3249 molitionis
610 3197 635 3248 Ρ
685 3197 775 3248 solent
793 3199 886 3248 eutem
904 3195 1066 3263 iniquitaten
1083 3195 1107 3247 V
1156 3198 1173 3249 6
1191 3196 1347 3264 conplexne

202 3304 232 3338 en
250 3285 399 3352 conplexus
418 3285 490 3336 m.'.)
516 3284 537 3336 V
588 3299 643 3335 non
662 3301 709 3334 orn.
732 3283 777 3334 VB
829 3283 885 3335 sint
904 3301 933 3334 ex
952 3283 1011 3334 sine
1031 3301 1062 3334 nu.
1083 3281 1145 3333 2V
1194 3282 1348 3349 iniquitate

211 3373 256 3424 VR
308 3372 434 3422 ‘ltemcn
451 3369 597 3437 iniquitute
615 3369 638 3420 V
687 3369 808 3421 fisclum
825 3369 849 3419 V
899 3369 1127 3434 9euucngelium
1153 3367 1200 3420 VR
1256 3386 1348 3423 seore-

202 3470 243 3564 tu¹
262 3511 287 3561 P
338 3510 439 3563 iudicat
454 3507 680 3561 uindicatum?
698 3509 721 3560 V
772 3507 928 3576 uoluptates
941 3508 966 3559 ll
1019 3506 1163 3560 hominum
1182 3507 1279 3560 lucram
1298 3511 1344 3562 rel.

203 3616 250 3650 nm.
269 3597 296 3648 P
311 3614 358 3649 om.
386 3596 408 3648 V
458 3599 491 3650 10
509 3596 563 3648 iem
582 3613 630 3647 om.
652 3595 728 3647 ΡΤΕ
777 3594 903 3647 humenis
923 3594 948 3646 R
1001 3592 1156 3646 natiuitatis
1185 3611 1216 3646 cu:
1242 3595 1344 3649 natiui-

201 3689 273 3737 tutes
303 3684 328 3736 V
382 3683 488 3737 exordii
516 3684 541 3735 R
594 3682 751 3736 contuitum
785 3681 808 3732 V
856 3698 920 3734 uem
947 3677 1049 3733 om.‘R
1110 3682 1139 3733 ll
1165 3682 1290 3748 potentis
1316 3701 1346 3735 es

202 3772 316 3840 potestis
343 3789 408 3823 curer.
436 3789 468 3823 m.
488 3771 504 3822 1
527 3771 551 3822 R
575 3775 672 3837 potens
698 3769 720 3821 V
771 3767 905 3821 uiscerum
931 3769 953 3819 V
986 3766 1109 3820 fimbrias
1128 3768 1154 3819 R
1211 3771 1243 3822 12
1260 3769 1345 3838 adpe-

202 3859 267 3911 titus
291 3858 315 3909 V
368 3860 399 3911 1ss
417 3857 561 3910 exordium
588 3875 617 3909 er
644 3855 793 3908 exordeum
811 3872 844 3906 m.
866 3853 880 3905 I
898 3854 924 3906 R
977 3872 1027 3923 per
1053 3859 1169 3907 naturae
1197 3856 1344 3909 scientium

211 3946 308 3999 VPTE
360 3947 393 3998 14
410 3943 617 4012 adpraehendent
641 3943 688 3994 VR
743 3944 774 3993 15
794 3941 949 4009 complexus
977 3938 1004 4006 (u
1033 3943 1058 3993 in
1087 3958 1139 3993 rus.
1168 3959 1185 3993 n
1212 3960 1244 3994 m.
1266 3942 1294 4007 ll
1322 3943 1346 3995 R

203 4032 357 4100 iniquitatis
378 4030 411 4083 Ρι
467 4032 498 4083 17
517 4030 556 4083 sic
575 4046 639 4083 esau
658 4029 791 4082 alienatus
818 4028 916 4080 VPTE
987 4030 1018 4081 19
1043 4029 1193 4081 nunciatur
1213 4029 1238 4080 Τ
1256 4029 1346 4082 nomi·

203 4124 285 4171 netur
304 4119 329 4171 R
382 4117 533 4171 uoluntatis
552 4135 582 4169 en
601 4117 742 4169 uoluntate
761 4133 792 4166 m.
812 4114 874 4167 nV
923 4115 958 4167 20
975 4114 1110 4167 sermonis
1129 4111 1191 4176 (iio
1203 4132 1258 4168 rus.
1271 4135 1305 4170 nu
1319 4118 1344 4178 n

205 4206 336 4257 Rsermo
355 4211 396 4257 est
423 4205 442 4256 l'
494 4209 536 4255 est
553 4220 570 4255 a
588 4209 685 4256 uentre
711 4200 734 4254 V
783 4200 890 4268 inipso
914 4200 938 4251 V
988 4203 1019 4253 21
1040 4201 1075 4254 ub
1099 4200 1296 4256 necenitutem
1316 4202 1346 4255 P.
