2790 4844
155 275 217 340 706
499 275 615 328 sancti
639 274 774 328 Hilarii
798 274 960 343 episcopi

155 466 272 531 locutus
285 484 406 550 quoque
418 474 465 530 est
476 471 636 548 tamquam
649 464 689 528 ad
701 464 857 528 uiuentem
869 462 1100 547 animalemque
1111 464 1307 549 Aegyptum,

154 578 264 634 utnon
289 568 433 634 hebetem
449 575 566 633 terram
583 568 811 651 inanimemque
827 568 995 651 regionem,
1019 569 1076 633 sed
1094 567 1220 633 incolas
1236 570 1306 639 eius.

154 693 231 758 quos
254 671 420 737 rationales
444 671 656 755 animalesque
679 672 889 749 constituerat,
912 670 1024 754 alloqui
1054 671 1304 738 existimaretur:

152 777 267 841 misit
289 777 407 861 signa
430 782 468 840 et
498 775 688 860 prodigia
720 776 758 839 in
789 775 920 839 medio
944 775 1010 852 tui,
1034 776 1244 860 Aegypta,
1268 776 1302 841 in

113 911 125 946 e
153 880 404 946 Pharaonem
428 893 465 945 et
487 881 527 944 in
550 899 686 945 omnes
711 899 854 944 seruos
881 879 977 943 eius.
1022 879 1060 943 in
1086 882 1226 945 medio
1249 882 1301 944 tui

153 982 322 1068 quidest?
368 986 583 1069 cognoscimus
616 1005 654 1050 ex
688 1004 732 1061 eo,
757 984 840 1066 quod
863 983 980 1048 dictum
1011 993 1074 1048 ast:
1111 985 1299 1050 domiuus

153 1089 249 1153 deus
273 1095 414 1169 autem,
437 1108 505 1154 rex
529 1092 676 1165 noster,
700 1107 767 1152 rex
792 1095 883 1152 aute
906 1086 1066 1167 secula,
1103 1097 1297 1170 operatus

152 1199 213 1257 est
246 1192 418 1257 salutem
452 1192 491 1256 in
526 1193 656 1257 medio
689 1191 800 1256 orbis
832 1197 958 1256 terrea.
1005 1191 1034 1255 in
1066 1192 1174 1257 medio
1198 1193 1292 1276 itaque

152 1297 236 1360 orbis
259 1302 348 1361 terrae
372 1297 445 1375 loco,
469 1296 501 1360 in
524 1316 586 1380 quo
609 1297 753 1361 dominus
776 1293 905 1360 salutern
929 1294 1020 1360 uobis
1039 1316 1177 1376 operans
1192 1301 1292 1378 pessus

101 1430 125 1466 10
152 1407 207 1478 est,
230 1401 320 1484 signe
343 1406 373 1466 et
395 1401 538 1484 prodigia
560 1401 650 1478 misit,
674 1402 747 1464 dum
772 1399 872 1465 crucis
902 1419 966 1465 sue
1001 1398 1089 1465 hon's
1112 1400 1159 1465 sol
1184 1399 1288 1484 effugit.

152 1505 255 1569 tremit
293 1509 390 1582 terra,
429 1525 502 1569 saxa
539 1510 740 1584 rumpuntur,
779 1502 920 1583 aepulare
956 1504 1146 1583 panduntur,
1186 1503 1286 1569 mortui

152 1614 312 1694 exurgunt.
342 1607 409 1672 haec
433 1609 464 1672 in
486 1608 589 1674 medio
605 1609 656 1686 tui,
673 1607 826 1691 Aegypte,
850 1607 940 1691 signa
963 1607 1046 1672 facta
1069 1613 1154 1673 sunt.
1178 1607 1284 1672 Pharao

153 1718 230 1791 tuus,
254 1713 285 1776 id
309 1719 356 1777 est
379 1711 519 1777 diabolus
551 1712 639 1795 aquis
662 1718 788 1776 necatur
811 1711 965 1791 baptizato
989 1711 1110 1792 populo,
1135 1712 1202 1793 ipse
1223 1729 1280 1775 cum

152 1816 283 1880 exercitu
308 1836 362 1881 suo
385 1817 526 1894 obrutus3
572 1835 726 1897 percusse
749 1815 862 1880 deinde
884 1822 993 1900 gentes
1023 1814 1139 1881 multae.
1171 1813 1280 1881 extincti

102 1949 126 1984 η
152 1919 269 1984 scilicet
291 1920 533 1985 innumerabiles
548 1920 579 1984 in
596 1919 685 1985 nobis
700 1920 842 1984 uitiomm
860 1919 1019 1985 incolatus.
1064 1940 1158 2004 reges
1173 1936 1278 2004 quoque

151 2022 246 2088 fortes
269 2024 430 2107 perempti,
455 2024 549 2089 fortes
572 2023 672 2105 plane.

194 2127 245 2191 20.
271 2127 1275 2213 SaonregemAmorraeorum,et0g‚regemBassa.

151 2236 188 2296 et
218 2232 350 2296 omnia
380 2252 506 2316 regna
536 2231 725 2296 (lbanean
756 2233 918 2297 occidit.
963 2233 1093 2315 etquid
1116 2224 1275 2297 istudest‘l

151 2342 194 2400 tot
216 2355 313 2419 regna
336 2356 447 2402 euersa
470 2341 549 2412 sunt,
572 2343 615 2400 tot
630 2356 722 2420 reges
738 2336 862 2400 extincti
879 2341 966 2401 sunt:
991 2343 1022 2401 et
1043 2334 1155 2400 horum
1170 2339 1273 2399 tentum

99 2467 123 2505 20
151 2437 185 2502 fit
209 2438 380 2504 memoria?
425 2439 610 2525 etquidem
633 2443 803 2505 secundum
828 2445 986 2523 gestorum
1010 2439 1105 2504 fidem
1127 2453 1272 2519 paucomn

150 2545 299 2607 memoria
322 2564 359 2609 ex
382 2543 532 2624 plurinm;
567 2545 622 2609 sed
656 2542 689 2607 bi
724 2550 843 2608 tantum
867 2551 1087 2620 memorantur,
1116 2545 1148 2608 in
1170 2542 1271 2626 quibus,

150 2649 291 2730 quemuis
315 2648 439 2731 quidem
463 2669 514 2713 res
530 2655 620 2732 gesta
634 2653 881 2733 cognosceretur,
906 2654 1011 2712 tamen
1028 2668 1084 2728 per
1099 2645 1270 2713 condiciones

150 2750 343 2834 uirtutasqua
367 2752 526 2816 nominum
551 2751 698 2832 spiritalis
721 2752 751 2816 in
777 2750 826 2815 his
858 2759 940 2816 esset
968 2752 1108 2818 condicio
1143 2752 1269 2817 subtexta

150 2873 221 2918 nam
245 2854 326 2920 Seon
348 2855 547 2920 Infructuosae
571 2856 689 2920 arboris
718 2856 931 2935 interpretatio
962 2857 1075 2920 estl—
1098 2858 1177 2940 quod
1205 2851 1268 2917 enin

98 2987 122 3023 aa
151 2958 309 3023 nobiscum
340 2959 431 3024 arbor
454 2960 649 3030 infructuosa,
684 2960 715 3023 id
751 2959 894 3024 hebreice
917 2958 998 3024 Seon
1034 2964 1219 3044 nuncupatur
1237 2987 1266 2998 ν

150 3063 331 3128 Amorraeus
353 3084 427 3128 uero
451 3063 672 3128 exacerbantis.
719 3064 775 3127 lias
799 3084 874 3147 ergo
906 3063 962 3129 sub
994 3062 1104 3128 borum
1133 3062 1266 3128 nominum

150 3166 374 3250 significatione
418 3168 623 3233 infructuosas
668 3169 699 3231 in
739 3168 828 3232 nobis
867 3167 1123 3233 exacerbantibus
1162 3167 1267 3232 uirbrtes

150 3269 274 3347 deleuit,
308 3271 514 3336 infructuosos
548 3270 664 3336 scilicet
700 3272 864 3356 principes,
898 3271 951 3355 qui
991 3291 1057 3350 nos,
1092 3272 1145 3355 qui
1168 3273 1268 3338 exacer-

151 3374 301 3439 babemus
324 3376 355 3439 in
379 3376 544 3451 dominum,
568 3375 756 3454 obtinebant,
787 3381 817 3440 et
839 3375 877 3440 ob
900 3375 933 3440 id
966 3377 1140 3442 secundum
1174 3375 1270 3440 dicun

149 3478 365 3562 euangelicum
399 3478 541 3559 exemplo
578 3478 777 3545 infructuose
814 3479 932 3544 arboris
965 3480 1094 3546 excisos.
1139 3479 1187 3565 Og
1216 3493 1273 3543 uero

191 3603 208 3654 6
226 3601 269 3654 Pa.
288 3601 412 3668 LXXIII,
432 3603 472 3655 12.

193 3688 373 3742 lauimalem
401 3705 471 3755 quae
500 3689 524 3741 G
594 3691 612 3741 2
639 3689 766 3743 hebetem
794 3688 821 3740 P
844 3687 992 3742 hebentem
1012 3689 1037 3740 Τ
1064 3689 1215 3745 habentem
1238 3685 1281 3742 GE

147 3773 180 3838 cs.
198 3775 280 3830 Aaou.
304 3796 332 3848 p.
357 3775 393 3829 41
446 3777 651 3846 inanimemque
680 3778 757 3831 GPT
782 3777 987 3846 inanimemque
1012 3779 1041 3831 E
1094 3781 1129 3835 12
1147 3781 1179 3836 ἰιι
1204 3779 1285 3836 medio

148 3867 266 3930 aegypto
286 3863 312 3915 P
356 3865 396 3917 ·13
415 3864 443 3917 id
462 3863 640 3918 ezrabolus
670 3862 694 3912 P
753 3867 787 3919 21
807 3864 900 3933 pluriu
927 3864 977 3917 PT
998 3861 1125 3929 (sabaudi
1151 3865 1285 3929 memorial

147 3948 274 4015 pluribus
293 3951 321 4001 Ε
372 3950 420 4004 aad
439 3950 514 4004 hiiT
531 3951 552 4004 s’
570 3951 635 4004 inP
684 3954 718 4006 25
736 3952 968 4021 nunccupaturP
1018 3954 1054 4005 26
1073 3970 1218 4011 amorreus
1231 3972 1290 4011 uero

147 4036 342 4089 exacerbantes
355 4037 405 4089 PT
416 4039 565 4091 Amorraus
578 4055 644 4092 uero
657 4039 824 4093 exacerbans
842 4056 868 4104 c,
886 4055 954 4092 corr.
972 4038 1072 4093 Bencd.
1127 4043 1166 4098 28
1185 4044 1232 4113 qui
1249 4062 1291 4097 sac.

147 4173 164 4225 l.
184 4174 212 4224 E
227 4131 264 4241 qb
283 4175 308 4226 T
325 4174 424 4243 quibus
438 4176 465 4228 P
471 4177 540 4245 sort.
560 4177 624 4244 quis
643 4175 692 4245 (ql)
746 4177 976 4231 exacerbabamus
990 4179 1019 4230 Ε
1031 4182 1238 4239 exacerbamus
1252 4184 1296 4238 PT

148 4261 181 4312 29
199 4259 229 4313 iu
247 4259 389 4315 dominum
408 4262 472 4316 PTb
491 4262 633 4318 domiuum
651 4282 672 4318 a.
