<?xml version="1.0" encoding="UTF-8"?>
<!DOCTYPE html PUBLIC "-//W3C//DTD XHTML 1.0 Transitional//EN"
    "http://www.w3.org/TR/xhtml1/DTD/xhtml1-transitional.dtd">
<html xmlns="http://www.w3.org/1999/xhtml" xml:lang="en" lang="en">
 <head>
  <title>
</title>
<meta http-equiv="Content-Type" content="text/html;charset=utf-8" />
  <meta name='ocr-system' content='tesseract 3.04.00' />
  <meta name='ocr-capabilities' content='ocr_page ocr_carea ocr_par ocr_line ocrx_word'/>
</head>
<body>
  <div class='ocr_page' id='page_1' title='image "./shilariiepiscop00hilagoog_0190.png"; bbox 0 0 2790 4844; ppageno 0'>
   <div class='ocr_carea' id='block_1_1' title="bbox 145 254 950 323">
    <p class='ocr_par' dir='ltr' id='par_1_1' title="bbox 145 254 950 323">
     <span class='ocr_line' id='line_1_1' title="bbox 145 254 950 323; baseline -0.005 -11"><span class='ocrx_word' id='word_1_1' title='bbox 145 254 205 319; x_wconf 85' lang='lat'>158</span> <span class='ocrx_word' id='word_1_2' title='bbox 484 257 600 310; x_wconf 87' lang='lat' dir='ltr'>aanoti</span> <span class='ocrx_word' id='word_1_3' title='bbox 625 255 760 309; x_wconf 88' lang='lat' dir='ltr'>Hilarii</span> <span class='ocrx_word' id='word_1_4' title='bbox 788 255 950 323; x_wconf 73' lang='lat' dir='ltr'><strong>episcopi</strong></span> 
     </span>
    </p>
   </div>
   <div class='ocr_carea' id='block_1_2' title="bbox 96 444 1296 2821">
    <p class='ocr_par' dir='ltr' id='par_1_2' title="bbox 96 444 1296 2821">
     <span class='ocr_line' id='line_1_2' title="bbox 144 444 1287 529; baseline -0.002 -19"><span class='ocrx_word' id='word_1_5' title='bbox 144 464 236 529; x_wconf 89' lang='lat' dir='ltr'>quem</span> <span class='ocrx_word' id='word_1_6' title='bbox 261 465 333 528; x_wconf 83' lang='lat' dir='ltr'>epea</span> <span class='ocrx_word' id='word_1_7' title='bbox 357 458 387 509; x_wconf 88' lang='lat' dir='ltr'>at</span> <span class='ocrx_word' id='word_1_8' title='bbox 406 446 540 528; x_wconf 77' lang='lat' dir='ltr'>precatio</span> <span class='ocrx_word' id='word_1_9' title='bbox 565 465 619 509; x_wconf 89' lang='lat' dir='ltr'>sua</span> <span class='ocrx_word' id='word_1_10' title='bbox 642 458 732 521; x_wconf 88' lang='lat' dir='ltr'>esset,</span> <span class='ocrx_word' id='word_1_11' title='bbox 756 446 889 510; x_wconf 77' lang='lat' dir='ltr'><strong>ostendit</strong></span> <span class='ocrx_word' id='word_1_12' title='bbox 911 445 1033 510; x_wconf 87' lang='lat' dir='ltr'>diceus:</span> <span class='ocrx_word' id='word_1_13' title='bbox 1057 465 1131 529; x_wconf 84' lang='lat' dir='ltr'>ogo</span> <span class='ocrx_word' id='word_1_14' title='bbox 1155 444 1201 509; x_wconf 90' lang='lat' dir='ltr'>ad</span> <span class='ocrx_word' id='word_1_15' title='bbox 1227 445 1287 508; x_wconf 88' lang='lat' dir='ltr'>do·</span> 
     </span>
     <span class='ocr_line' id='line_1_3' title="bbox 145 549 1288 630; baseline -0.006 -15"><span class='ocrx_word' id='word_1_16' title='bbox 145 550 292 615; x_wconf 91' lang='lat' dir='ltr'>minum</span> <span class='ocrx_word' id='word_1_17' title='bbox 315 549 1061 619; x_wconf 83' lang='lat' dir='ltr'>olamauiotdomiu&#39;usexaudiuitme.</span> <span class='ocrx_word' id='word_1_18' title='bbox 1107 569 1288 630; x_wconf 73' lang='lat' dir='ltr'>uespere</span> 
     </span>
     <span class='ocr_line' id='line_1_4' title="bbox 145 652 1289 730; baseline -0.003 -11"><span class='ocrx_word' id='word_1_19' title='bbox 145 662 182 719; x_wconf 90' lang='lat' dir='ltr'>et</span> <span class='ocrx_word' id='word_1_20' title='bbox 204 674 317 718; x_wconf 89' lang='lat' dir='ltr'>mane</span> <span class='ocrx_word' id='word_1_21' title='bbox 341 663 377 719; x_wconf 91' lang='lat' dir='ltr'>et</span> <span class='ocrx_word' id='word_1_22' title='bbox 401 654 572 719; x_wconf 88' lang='lat' dir='ltr'>meridie</span> <span class='ocrx_word' id='word_1_23' title='bbox 595 653 779 730; x_wconf 81' lang='lat' dir='ltr'>narrabo,</span> <span class='ocrx_word' id='word_1_24' title='bbox 802 652 1065 721; x_wconf 80' lang='lat' dir='ltr'>renuntiabo:</span> <span class='ocrx_word' id='word_1_25' title='bbox 1100 660 1138 718; x_wconf 92' lang='lat' dir='ltr'>et</span> <span class='ocrx_word' id='word_1_26' title='bbox 1173 671 1289 718; x_wconf 81' lang='lat' dir='ltr'>exuu-</span> 
     </span>
     <span class='ocr_line' id='line_1_5' title="bbox 145 757 1288 839; baseline -0.002 -18"><span class='ocrx_word' id='word_1_27' title='bbox 145 759 389 823; x_wconf 86' lang='lat' dir='ltr'>dietuoeem</span> <span class='ocrx_word' id='word_1_28' title='bbox 414 777 545 823; x_wconf 87' lang='lat' dir='ltr'>meam.</span> <span class='ocrx_word' id='word_1_29' title='bbox 592 757 1288 839; x_wconf 86' lang='lat' dir='ltr'>liberauitinpaooanimammoam</span> 
     </span>
     <span class='ocr_line' id='line_1_6' title="bbox 107 860 1290 946; baseline 0 -20"><span class='ocrx_word' id='word_1_30' title='bbox 107 890 119 925; x_wconf 78' lang='lat' dir='ltr'>r</span> <span class='ocrx_word' id='word_1_31' title='bbox 145 861 191 926; x_wconf 89' lang='lat' dir='ltr'>ab</span> <span class='ocrx_word' id='word_1_32' title='bbox 216 861 288 939; x_wconf 83' lang='lat' dir='ltr'>bie,</span> <span class='ocrx_word' id='word_1_33' title='bbox 307 862 372 945; x_wconf 91' lang='lat' dir='ltr'>qui</span> <span class='ocrx_word' id='word_1_34' title='bbox 395 862 643 946; x_wconf 86' lang='lat' dir='ltr'>adpropiant</span> <span class='ocrx_word' id='word_1_35' title='bbox 666 861 770 937; x_wconf 84' lang='lat' dir='ltr'>mibi,</span> <span class='ocrx_word' id='word_1_36' title='bbox 794 862 981 945; x_wconf 87' lang='lat' dir='ltr'>quoniam</span> <span class='ocrx_word' id='word_1_37' title='bbox 1004 861 1114 925; x_wconf 86' lang='lat' dir='ltr'>inter</span> <span class='ocrx_word' id='word_1_38' title='bbox 1138 860 1290 926; x_wconf 86' lang='lat' dir='ltr'>multos</span> 
     </span>
     <span class='ocr_line' id='line_1_7' title="bbox 146 963 1290 1042; baseline -0.002 -12"><span class='ocrx_word' id='word_1_39' title='bbox 146 975 261 1031; x_wconf 88' lang='lat' dir='ltr'>arant</span> <span class='ocrx_word' id='word_1_40' title='bbox 283 985 442 1031; x_wconf 84' lang='lat' dir='ltr'>meeum.</span> <span class='ocrx_word' id='word_1_41' title='bbox 489 976 525 1031; x_wconf 89' lang='lat' dir='ltr'>et</span> <span class='ocrx_word' id='word_1_42' title='bbox 548 966 741 1031; x_wconf 77' lang='lat' dir='ltr'>exaudiet</span> <span class='ocrx_word' id='word_1_43' title='bbox 763 987 821 1030; x_wconf 87' lang='lat' dir='ltr'>me</span> <span class='ocrx_word' id='word_1_44' title='bbox 850 965 964 1042; x_wconf 83' lang='lat' dir='ltr'>deus;</span> <span class='ocrx_word' id='word_1_45' title='bbox 989 974 1026 1030; x_wconf 90' lang='lat' dir='ltr'>et</span> <span class='ocrx_word' id='word_1_46' title='bbox 1048 963 1290 1029; x_wconf 87' lang='lat' dir='ltr'>bumiliauit</span> 
     </span>
     <span class='ocr_line' id='line_1_8' title="bbox 146 1069 1290 1153; baseline -0.002 -18"><span class='ocrx_word' id='word_1_47' title='bbox 146 1091 221 1147; x_wconf 84' lang='lat' dir='ltr'>eoa,</span> <span class='ocrx_word' id='word_1_48' title='bbox 245 1071 311 1153; x_wconf 89' lang='lat' dir='ltr'>qui</span> <span class='ocrx_word' id='word_1_49' title='bbox 335 1077 395 1135; x_wconf 87' lang='lat' dir='ltr'>est</span> <span class='ocrx_word' id='word_1_50' title='bbox 417 1080 510 1136; x_wconf 91' lang='lat' dir='ltr'>aute</span> <span class='ocrx_word' id='word_1_51' title='bbox 534 1069 688 1134; x_wconf 81' lang='lat' dir='ltr'>aaeoula.</span> <span class='ocrx_word' id='word_1_52' title='bbox 735 1070 899 1135; x_wconf 79' lang='lat' dir='ltr'>clamorem</span> <span class='ocrx_word' id='word_1_53' title='bbox 916 1069 1042 1135; x_wconf 83' lang='lat' dir='ltr'>fidolum</span> <span class='ocrx_word' id='word_1_54' title='bbox 1058 1089 1129 1132; x_wconf 87' lang='lat' dir='ltr'>mox</span> <span class='ocrx_word' id='word_1_55' title='bbox 1143 1069 1290 1133; x_wconf 89' lang='lat' dir='ltr'>dominus</span> 
     </span>
     <span class='ocr_line' id='line_1_9' title="bbox 146 1172 1288 1257; baseline -0.002 -18"><span class='ocrx_word' id='word_1_56' title='bbox 146 1174 300 1239; x_wconf 82' lang='lat' dir='ltr'>exaudiuit</span> <span class='ocrx_word' id='word_1_57' title='bbox 323 1180 354 1240; x_wconf 90' lang='lat' dir='ltr'>et</span> <span class='ocrx_word' id='word_1_58' title='bbox 375 1173 455 1238; x_wconf 85' lang='lat' dir='ltr'>hano</span> <span class='ocrx_word' id='word_1_59' title='bbox 486 1175 586 1255; x_wconf 81' lang='lat' dir='ltr'>ipsam</span> <span class='ocrx_word' id='word_1_60' title='bbox 621 1174 755 1238; x_wconf 84' lang='lat' dir='ltr'>exauditi</span> <span class='ocrx_word' id='word_1_61' title='bbox 790 1173 933 1239; x_wconf 83' lang='lat' dir='ltr'>oluuroris</span> <span class='ocrx_word' id='word_1_62' title='bbox 968 1173 1015 1238; x_wconf 82' lang='lat' dir='ltr'>eni</span> <span class='ocrx_word' id='word_1_63' title='bbox 1049 1172 1288 1257; x_wconf 79' lang='lat' dir='ltr'>gratulationem</span> 
     </span>
     <span class='ocr_line' id='line_1_10' title="bbox 146 1276 1289 1361; baseline -0.003 -17"><span class='ocrx_word' id='word_1_64' title='bbox 146 1298 274 1361; x_wconf 86' lang='lat' dir='ltr'>uespere</span> <span class='ocrx_word' id='word_1_65' title='bbox 298 1286 328 1344; x_wconf 90' lang='lat' dir='ltr'>et</span> <span class='ocrx_word' id='word_1_66' title='bbox 349 1298 439 1344; x_wconf 91' lang='lat' dir='ltr'>mane</span> <span class='ocrx_word' id='word_1_67' title='bbox 464 1287 494 1343; x_wconf 86' lang='lat' dir='ltr'>et</span> <span class='ocrx_word' id='word_1_68' title='bbox 518 1278 645 1343; x_wconf 90' lang='lat' dir='ltr'>moridie</span> <span class='ocrx_word' id='word_1_69' title='bbox 669 1278 813 1354; x_wconf 79' lang='lat' dir='ltr'>narrabit,</span> <span class='ocrx_word' id='word_1_70' title='bbox 838 1279 920 1343; x_wconf 85' lang='lat' dir='ltr'>diam</span> <span class='ocrx_word' id='word_1_71' title='bbox 951 1297 1075 1342; x_wconf 86' lang='lat' dir='ltr'>omnem</span> <span class='ocrx_word' id='word_1_72' title='bbox 1097 1277 1128 1342; x_wconf 91' lang='lat' dir='ltr'>in</span> <span class='ocrx_word' id='word_1_73' title='bbox 1153 1276 1204 1342; x_wconf 84' lang='lat' dir='ltr'>bis</span> <span class='ocrx_word' id='word_1_74' title='bbox 1227 1277 1289 1342; x_wconf 88' lang='lat' dir='ltr'>diei</span> 
     </span>
     <span class='ocr_line' id='line_1_11' title="bbox 96 1382 1289 1466; baseline 0.003 -23"><span class='ocrx_word' id='word_1_75' title='bbox 96 1409 119 1444; x_wconf 74' lang='lat' dir='ltr'>ro</span> <span class='ocrx_word' id='word_1_76' title='bbox 146 1383 294 1466; x_wconf 83' lang='lat' dir='ltr'>partibus,</span> <span class='ocrx_word' id='word_1_77' title='bbox 312 1402 366 1463; x_wconf 90' lang='lat' dir='ltr'>per</span> <span class='ocrx_word' id='word_1_78' title='bbox 390 1402 466 1464; x_wconf 89' lang='lat' dir='ltr'>quas</span> <span class='ocrx_word' id='word_1_79' title='bbox 490 1383 556 1447; x_wconf 87' lang='lat' dir='ltr'>dies</span> <span class='ocrx_word' id='word_1_80' title='bbox 576 1383 757 1459; x_wconf 79' lang='lat' dir='ltr'>continetur,</span> <span class='ocrx_word' id='word_1_81' title='bbox 773 1383 949 1446; x_wconf 62' lang='lat' dir='ltr'>ostendens</span> <span class='ocrx_word' id='word_1_82' title='bbox 995 1382 1062 1447; x_wconf 88' lang='lat' dir='ltr'>talis</span> <span class='ocrx_word' id='word_1_83' title='bbox 1085 1387 1187 1445; x_wconf 87' lang='lat' dir='ltr'>autem</span> <span class='ocrx_word' id='word_1_84' title='bbox 1211 1391 1289 1446; x_wconf 87' lang='lat' dir='ltr'>tem·</span> 
     </span>
     <span class='ocr_line' id='line_1_12' title="bbox 146 1485 1290 1567; baseline -0.002 -15"><span class='ocrx_word' id='word_1_85' title='bbox 146 1505 255 1567; x_wconf 87' lang='lat' dir='ltr'>porum</span> <span class='ocrx_word' id='word_1_86' title='bbox 278 1486 354 1550; x_wconf 91' lang='lat' dir='ltr'>ordo</span> <span class='ocrx_word' id='word_1_87' title='bbox 378 1507 437 1551; x_wconf 90' lang='lat' dir='ltr'>non</span> <span class='ocrx_word' id='word_1_88' title='bbox 463 1486 521 1551; x_wconf 89' lang='lat' dir='ltr'>nisi</span> <span class='ocrx_word' id='word_1_89' title='bbox 545 1506 582 1550; x_wconf 87' lang='lat' dir='ltr'>er</span> <span class='ocrx_word' id='word_1_90' title='bbox 606 1485 784 1567; x_wconf 85' lang='lat' dir='ltr'>prophetica</span> <span class='ocrx_word' id='word_1_91' title='bbox 808 1486 935 1551; x_wconf 80' lang='lat' dir='ltr'>seientia</span> <span class='ocrx_word' id='word_1_92' title='bbox 964 1485 1144 1550; x_wconf 83' lang='lat' dir='ltr'>distributus</span> <span class='ocrx_word' id='word_1_93' title='bbox 1169 1493 1224 1561; x_wconf 78' lang='lat' dir='ltr'>est,</span> <span class='ocrx_word' id='word_1_94' title='bbox 1256 1493 1290 1550; x_wconf 89' lang='lat' dir='ltr'>ut</span> 
     </span>
     <span class='ocr_line' id='line_1_13' title="bbox 146 1587 1290 1673; baseline 0 -20"><span class='ocrx_word' id='word_1_95' title='bbox 146 1610 317 1670; x_wconf 86' lang='lat' dir='ltr'>uespere</span> <span class='ocrx_word' id='word_1_96' title='bbox 340 1597 375 1654; x_wconf 88' lang='lat' dir='ltr'>et</span> <span class='ocrx_word' id='word_1_97' title='bbox 399 1609 510 1654; x_wconf 89' lang='lat' dir='ltr'>mane</span> <span class='ocrx_word' id='word_1_98' title='bbox 527 1590 751 1655; x_wconf 86' lang='lat' dir='ltr'>et-moridie</span> <span class='ocrx_word' id='word_1_99' title='bbox 774 1590 986 1672; x_wconf 89' lang='lat' dir='ltr'>nuntiet‚quia</span> <span class='ocrx_word' id='word_1_100' title='bbox 1002 1587 1290 1673; x_wconf 81' lang='lat' dir='ltr'>secundumlagem</span> 
     </span>
     <span class='ocr_line' id='line_1_14' title="bbox 147 1694 1290 1778; baseline 0 -19"><span class='ocrx_word' id='word_1_101' title='bbox 147 1705 177 1759; x_wconf 86' lang='lat' dir='ltr'>et</span> <span class='ocrx_word' id='word_1_102' title='bbox 200 1695 429 1759; x_wconf 87' lang='lat' dir='ltr'>obseruantiam</span> <span class='ocrx_word' id='word_1_103' title='bbox 453 1694 531 1778; x_wconf 86' lang='lat' dir='ltr'>legis</span> <span class='ocrx_word' id='word_1_104' title='bbox 554 1716 572 1758; x_wconf 87' lang='lat' dir='ltr'>u</span> <span class='ocrx_word' id='word_1_105' title='bbox 595 1714 723 1778; x_wconf 88' lang='lat' dir='ltr'>uespere</span> <span class='ocrx_word' id='word_1_106' title='bbox 747 1696 814 1759; x_wconf 81' lang='lat' dir='ltr'>dies</span> <span class='ocrx_word' id='word_1_107' title='bbox 837 1701 936 1775; x_wconf 77' lang='lat' dir='ltr'>empta</span> <span class='ocrx_word' id='word_1_108' title='bbox 967 1695 1075 1758; x_wconf 88' lang='lat' dir='ltr'>eadem</span> <span class='ocrx_word' id='word_1_109' title='bbox 1098 1694 1167 1774; x_wconf 85' lang='lat' dir='ltr'>ipsa</span> <span class='ocrx_word' id='word_1_110' title='bbox 1189 1713 1290 1776; x_wconf 82' lang='lat' dir='ltr'>nsque</span> 
     </span>
     <span class='ocr_line' id='line_1_15' title="bbox 147 1797 1290 1879; baseline -0.002 -16"><span class='ocrx_word' id='word_1_111' title='bbox 147 1799 186 1863; x_wconf 92' lang='lat' dir='ltr'>ad</span> <span class='ocrx_word' id='word_1_112' title='bbox 210 1798 371 1863; x_wconf 88' lang='lat' dir='ltr'>meridiam</span> <span class='ocrx_word' id='word_1_113' title='bbox 395 1798 566 1879; x_wconf 82' lang='lat' dir='ltr'>deputatur,</span> <span class='ocrx_word' id='word_1_114' title='bbox 599 1819 668 1863; x_wconf 88' lang='lat' dir='ltr'>oum</span> <span class='ocrx_word' id='word_1_115' title='bbox 703 1797 931 1862; x_wconf 80' lang='lat' dir='ltr'>inchoationem</span> <span class='ocrx_word' id='word_1_116' title='bbox 955 1798 1015 1863; x_wconf 91' lang='lat' dir='ltr'>diei</span> <span class='ocrx_word' id='word_1_117' title='bbox 1037 1818 1097 1863; x_wconf 93' lang='lat' dir='ltr'>non</span> <span class='ocrx_word' id='word_1_118' title='bbox 1122 1817 1215 1863; x_wconf 86' lang='lat' dir='ltr'>mana</span> <span class='ocrx_word' id='word_1_119' title='bbox 1238 1797 1290 1861; x_wconf 82' lang='lat' dir='ltr'>lur</span> 
     </span>
     <span class='ocr_line' id='line_1_16' title="bbox 97 1902 1293 1986; baseline 0.003 -23"><span class='ocrx_word' id='word_1_120' title='bbox 97 1927 121 1962; x_wconf 80' lang='lat' dir='ltr'>u</span> <span class='ocrx_word' id='word_1_121' title='bbox 148 1902 277 1980; x_wconf 88' lang='lat' dir='ltr'>reddita,</span> <span class='ocrx_word' id='word_1_122' title='bbox 301 1903 356 1966; x_wconf 87' lang='lat' dir='ltr'>sed</span> <span class='ocrx_word' id='word_1_123' title='bbox 379 1923 511 1984; x_wconf 83' lang='lat' dir='ltr'>uespera</span> <span class='ocrx_word' id='word_1_124' title='bbox 534 1923 593 1966; x_wconf 85' lang='lat' dir='ltr'>nox</span> <span class='ocrx_word' id='word_1_125' title='bbox 616 1902 696 1967; x_wconf 83' lang='lat' dir='ltr'>faeta</span> <span class='ocrx_word' id='word_1_126' title='bbox 710 1902 854 1983; x_wconf 83' lang='lat' dir='ltr'>perficiat.</span> <span class='ocrx_word' id='word_1_127' title='bbox 900 1912 1002 1966; x_wconf 86' lang='lat' dir='ltr'>narrat</span> <span class='ocrx_word' id='word_1_128' title='bbox 1025 1921 1099 1986; x_wconf 85' lang='lat' dir='ltr'>ergo</span> <span class='ocrx_word' id='word_1_129' title='bbox 1122 1915 1152 1967; x_wconf 86' lang='lat' dir='ltr'>et</span> <span class='ocrx_word' id='word_1_130' title='bbox 1175 1921 1293 1966; x_wconf 87' lang='lat' dir='ltr'>renun-</span> 
     </span>
     <span class='ocr_line' id='line_1_17' title="bbox 147 2005 1291 2090; baseline 0 -20"><span class='ocrx_word' id='word_1_131' title='bbox 147 2006 201 2071; x_wconf 86' lang='lat' dir='ltr'>tiat</span> <span class='ocrx_word' id='word_1_132' title='bbox 223 2026 269 2082; x_wconf 86' lang='lat' dir='ltr'>aa,</span> <span class='ocrx_word' id='word_1_133' title='bbox 293 2026 360 2090; x_wconf 84' lang='lat' dir='ltr'>quae</span> <span class='ocrx_word' id='word_1_134' title='bbox 384 2007 503 2088; x_wconf 82' lang='lat' dir='ltr'>psalmo</span> <span class='ocrx_word' id='word_1_135' title='bbox 526 2007 728 2085; x_wconf 87' lang='lat' dir='ltr'>eontinentur,</span> <span class='ocrx_word' id='word_1_136' title='bbox 753 2007 834 2089; x_wconf 93' lang='lat' dir='ltr'>quod</span> <span class='ocrx_word' id='word_1_137' title='bbox 858 2025 966 2071; x_wconf 88' lang='lat' dir='ltr'>uooem</span> <span class='ocrx_word' id='word_1_138' title='bbox 991 2006 1056 2070; x_wconf 88' lang='lat' dir='ltr'>eius</span> <span class='ocrx_word' id='word_1_139' title='bbox 1079 2005 1183 2070; x_wconf 88' lang='lat' dir='ltr'>audiet</span> <span class='ocrx_word' id='word_1_140' title='bbox 1205 2013 1239 2071; x_wconf 89' lang='lat' dir='ltr'>et</span> <span class='ocrx_word' id='word_1_141' title='bbox 1260 2005 1291 2070; x_wconf 89' lang='lat' dir='ltr'>in</span> 
     </span>
     <span class='ocr_line' id='line_1_18' title="bbox 113 2109 1292 2194; baseline 0 -19"><span class='ocrx_word' id='word_1_142' title='bbox 113 2151 118 2163; x_wconf 83' lang='lat'><strong>·</strong></span> <span class='ocrx_word' id='word_1_143' title='bbox 146 2129 224 2194; x_wconf 84' lang='lat' dir='ltr'>paee</span> <span class='ocrx_word' id='word_1_144' title='bbox 246 2111 379 2175; x_wconf 89' lang='lat' dir='ltr'>animam</span> <span class='ocrx_word' id='word_1_145' title='bbox 403 2131 490 2176; x_wconf 86' lang='lat' dir='ltr'>auam</span> <span class='ocrx_word' id='word_1_146' title='bbox 515 2109 622 2176; x_wconf 88' lang='lat' dir='ltr'>liberet</span> <span class='ocrx_word' id='word_1_147' title='bbox 646 2149 686 2156; x_wconf 91' lang='lat'><em>-</em></span> <span class='ocrx_word' id='word_1_148' title='bbox 709 2110 884 2194; x_wconf 82' lang='lat' dir='ltr'>pacifieauit</span> <span class='ocrx_word' id='word_1_149' title='bbox 912 2110 994 2174; x_wconf 88' lang='lat' dir='ltr'>onim</span> <span class='ocrx_word' id='word_1_150' title='bbox 1025 2110 1128 2175; x_wconf 89' lang='lat' dir='ltr'>omnia</span> <span class='ocrx_word' id='word_1_151' title='bbox 1159 2111 1190 2174; x_wconf 90' lang='lat' dir='ltr'>in</span> <span class='ocrx_word' id='word_1_152' title='bbox 1214 2110 1292 2175; x_wconf 83' lang='lat' dir='ltr'>oaelo</span> 
     </span>
     <span class='ocr_line' id='line_1_19' title="bbox 148 2213 1292 2297; baseline -0.002 -17"><span class='ocrx_word' id='word_1_153' title='bbox 148 2221 178 2280; x_wconf 90' lang='lat' dir='ltr'>et</span> <span class='ocrx_word' id='word_1_154' title='bbox 199 2215 232 2278; x_wconf 93' lang='lat' dir='ltr'>in</span> <span class='ocrx_word' id='word_1_155' title='bbox 255 2222 336 2280; x_wconf 88' lang='lat' dir='ltr'>terra</span> <span class='ocrx_word' id='word_1_156' title='bbox 359 2253 398 2259; x_wconf 93' lang='lat'><em>-</em></span> <span class='ocrx_word' id='word_1_157' title='bbox 424 2224 454 2278; x_wconf 91' lang='lat' dir='ltr'>ot</span> <span class='ocrx_word' id='word_1_158' title='bbox 476 2214 586 2280; x_wconf 90' lang='lat' dir='ltr'>liberet</span> <span class='ocrx_word' id='word_1_159' title='bbox 608 2215 647 2279; x_wconf 92' lang='lat' dir='ltr'>ab</span> <span class='ocrx_word' id='word_1_160' title='bbox 668 2213 920 2297; x_wconf 86' lang='lat' dir='ltr'>adpropiantibus</span> <span class='ocrx_word' id='word_1_161' title='bbox 936 2214 1003 2279; x_wconf 92' lang='lat' dir='ltr'>sibi.</span> <span class='ocrx_word' id='word_1_162' title='bbox 1049 2214 1192 2294; x_wconf 86' lang='lat' dir='ltr'>superior</span> <span class='ocrx_word' id='word_1_163' title='bbox 1207 2215 1292 2279; x_wconf 88' lang='lat' dir='ltr'>onim</span> 
     </span>
     <span class='ocr_line' id='line_1_20' title="bbox 150 2318 1296 2403; baseline 0.002 -21"><span class='ocrx_word' id='word_1_164' title='bbox 150 2318 287 2403; x_wconf 88' lang='lat' dir='ltr'>querella</span> <span class='ocrx_word' id='word_1_165' title='bbox 309 2319 348 2384; x_wconf 88' lang='lat' dir='ltr'>de</span> <span class='ocrx_word' id='word_1_166' title='bbox 371 2318 528 2400; x_wconf 82' lang='lat' dir='ltr'>proximis,</span> <span class='ocrx_word' id='word_1_167' title='bbox 562 2339 633 2384; x_wconf 86' lang='lat' dir='ltr'>aum</span> <span class='ocrx_word' id='word_1_168' title='bbox 668 2319 761 2384; x_wconf 86' lang='lat' dir='ltr'>etiam</span> <span class='ocrx_word' id='word_1_169' title='bbox 796 2319 969 2383; x_wconf 89' lang='lat' dir='ltr'>unianimus</span> <span class='ocrx_word' id='word_1_170' title='bbox 1000 2325 1031 2384; x_wconf 90' lang='lat' dir='ltr'>et</span> <span class='ocrx_word' id='word_1_171' title='bbox 1060 2320 1120 2383; x_wconf 84' lang='lat' dir='ltr'>dur</span> <span class='ocrx_word' id='word_1_172' title='bbox 1144 2326 1177 2383; x_wconf 88' lang='lat' dir='ltr'>et</span> <span class='ocrx_word' id='word_1_173' title='bbox 1198 2325 1296 2385; x_wconf 80' lang='lat' dir='ltr'>notua</span> 
     </span>
     <span class='ocr_line' id='line_1_21' title="bbox 98 2421 1296 2508; baseline -0.002 -20"><span class='ocrx_word' id='word_1_174' title='bbox 98 2445 122 2480; x_wconf 75' lang='lat'>20</span> <span class='ocrx_word' id='word_1_175' title='bbox 150 2422 217 2489; x_wconf 84' lang='lat' dir='ltr'>haeo</span> <span class='ocrx_word' id='word_1_176' title='bbox 240 2432 348 2508; x_wconf 87' lang='lat' dir='ltr'>ageret</span> <span class='ocrx_word' id='word_1_177' title='bbox 371 2443 442 2489; x_wconf 83' lang='lat' dir='ltr'>curn</span> <span class='ocrx_word' id='word_1_178' title='bbox 465 2423 613 2505; x_wconf 88' lang='lat' dir='ltr'>apostolis</span> <span class='ocrx_word' id='word_1_179' title='bbox 636 2423 747 2488; x_wconf 85' lang='lat' dir='ltr'>oeteris</span> <span class='ocrx_word' id='word_1_180' title='bbox 771 2424 889 2503; x_wconf 87' lang='lat' dir='ltr'>etipse</span> <span class='ocrx_word' id='word_1_181' title='bbox 913 2422 1027 2488; x_wconf 86' lang='lat' dir='ltr'>elaetua</span> <span class='ocrx_word' id='word_1_182' title='bbox 1050 2422 1081 2486; x_wconf 94' lang='lat' dir='ltr'>in</span> <span class='ocrx_word' id='word_1_183' title='bbox 1106 2421 1296 2502; x_wconf 79' lang='lat' dir='ltr'>apostolum.</span> 
     </span>
     <span class='ocr_line' id='line_1_22' title="bbox 149 2526 1294 2612; baseline -0.001 -19"><span class='ocrx_word' id='word_1_184' title='bbox 149 2529 226 2594; x_wconf 88' lang='lat' dir='ltr'>deus</span> <span class='ocrx_word' id='word_1_185' title='bbox 249 2547 336 2611; x_wconf 85' lang='lat' dir='ltr'>ergo,</span> <span class='ocrx_word' id='word_1_186' title='bbox 360 2529 410 2612; x_wconf 92' lang='lat' dir='ltr'>qui</span> <span class='ocrx_word' id='word_1_187' title='bbox 435 2534 483 2592; x_wconf 88' lang='lat' dir='ltr'>eat</span> <span class='ocrx_word' id='word_1_188' title='bbox 504 2533 576 2593; x_wconf 89' lang='lat' dir='ltr'>ante</span> <span class='ocrx_word' id='word_1_189' title='bbox 599 2526 719 2606; x_wconf 75' lang='lat' dir='ltr'>secula,</span> <span class='ocrx_word' id='word_1_190' title='bbox 743 2526 774 2591; x_wconf 92' lang='lat' dir='ltr'>id</span> <span class='ocrx_word' id='word_1_191' title='bbox 798 2534 853 2606; x_wconf 86' lang='lat' dir='ltr'>est,</span> <span class='ocrx_word' id='word_1_192' title='bbox 876 2546 932 2610; x_wconf 88' lang='lat' dir='ltr'>per</span> <span class='ocrx_word' id='word_1_193' title='bbox 955 2545 1048 2609; x_wconf 85' lang='lat' dir='ltr'>quern</span> <span class='ocrx_word' id='word_1_194' title='bbox 1079 2526 1186 2592; x_wconf 90' lang='lat' dir='ltr'>omnia</span> <span class='ocrx_word' id='word_1_195' title='bbox 1209 2536 1294 2603; x_wconf 86' lang='lat' dir='ltr'>sunt,</span> 
     </span>
     <span class='ocr_line' id='line_1_23' title="bbox 148 2629 1294 2716; baseline -0.001 -19"><span class='ocrx_word' id='word_1_196' title='bbox 148 2633 221 2716; x_wconf 91' lang='lat' dir='ltr'>quia</span> <span class='ocrx_word' id='word_1_197' title='bbox 243 2638 313 2697; x_wconf 89' lang='lat' dir='ltr'>aute</span> <span class='ocrx_word' id='word_1_198' title='bbox 336 2632 440 2696; x_wconf 88' lang='lat' dir='ltr'>omnia</span> <span class='ocrx_word' id='word_1_199' title='bbox 462 2631 509 2710; x_wconf 74' lang='lat' dir='ltr'>sit,</span> <span class='ocrx_word' id='word_1_200' title='bbox 533 2631 674 2697; x_wconf 83' lang='lat' dir='ltr'>exaudiet</span> <span class='ocrx_word' id='word_1_201' title='bbox 697 2651 767 2695; x_wconf 88' lang='lat' dir='ltr'>eum</span> <span class='ocrx_word' id='word_1_202' title='bbox 796 2637 826 2695; x_wconf 82' lang='lat' dir='ltr'>et</span> <span class='ocrx_word' id='word_1_203' title='bbox 854 2629 1028 2695; x_wconf 88' lang='lat' dir='ltr'>humiliauit</span> <span class='ocrx_word' id='word_1_204' title='bbox 1057 2650 1118 2708; x_wconf 83' lang='lat' dir='ltr'>eos,</span> <span class='ocrx_word' id='word_1_205' title='bbox 1150 2651 1221 2695; x_wconf 85' lang='lat' dir='ltr'>oum</span> <span class='ocrx_word' id='word_1_206' title='bbox 1247 2632 1294 2696; x_wconf 90' lang='lat' dir='ltr'>in·</span> 
     </span>
     <span class='ocr_line' id='line_1_24' title="bbox 148 2733 972 2821; baseline -0.004 -20"><span class='ocrx_word' id='word_1_207' title='bbox 148 2737 235 2820; x_wconf 85' lang='lat' dir='ltr'>digni</span> <span class='ocrx_word' id='word_1_208' title='bbox 258 2734 354 2821; x_wconf 85' lang='lat' dir='ltr'>gloria</span> <span class='ocrx_word' id='word_1_209' title='bbox 377 2741 499 2801; x_wconf 82' lang='lat' dir='ltr'>aeternae</span> <span class='ocrx_word' id='word_1_210' title='bbox 522 2735 755 2800; x_wconf 70' lang='lat' dir='ltr'>resurrectionis</span> <span class='ocrx_word' id='word_1_211' title='bbox 779 2733 879 2800; x_wconf 85' lang='lat' dir='ltr'>effoeti</span> <span class='ocrx_word' id='word_1_212' title='bbox 903 2734 972 2799; x_wconf 89' lang='lat' dir='ltr'>sint.</span> 
     </span>
    </p>
   </div>
   <div class='ocr_carea' id='block_1_3' title="bbox 148 3006 1292 3466">
    <p class='ocr_par' dir='ltr' id='par_1_3' title="bbox 148 3006 1292 3466">
     <span class='ocr_line' id='line_1_25' title="bbox 1204 3006 1217 3033; baseline 0 0"><span class='ocrx_word' id='word_1_213' title='bbox 1204 3006 1217 3033; x_wconf 70' lang='grc' dir='ltr'><strong>Θ</strong></span> 
     </span>
     <span class='ocr_line' id='line_1_26' title="bbox 193 3008 1284 3118; baseline -0.002 -16"><span class='ocrx_word' id='word_1_214' title='bbox 193 3008 352 3118; x_wconf 70' lang='lat' dir='ltr'>lupia-:Il</span> <span class='ocrx_word' id='word_1_215' title='bbox 386 3048 524 3117; x_wconf 82' lang='lat' dir='ltr'>praeeatio</span> <span class='ocrx_word' id='word_1_216' title='bbox 540 3048 587 3100; x_wconf 72' lang='lat' dir='ltr'>Vir</span> <span class='ocrx_word' id='word_1_217' title='bbox 631 3047 848 3101; x_wconf 71' lang='lat' dir='ltr'>addeumVI&#39;E</span> <span class='ocrx_word' id='word_1_218' title='bbox 898 3048 1062 3101; x_wconf 62' lang='lat' dir='ltr'>ssmeomff</span> <span class='ocrx_word' id='word_1_219' title='bbox 1106 3065 1207 3116; x_wconf 75' lang='lat' dir='ltr'>uesper</span> <span class='ocrx_word' id='word_1_220' title='bbox 1224 3066 1284 3101; x_wconf 83' lang='lat' dir='ltr'>corr.</span> 
     </span>
     <span class='ocr_line' id='line_1_27' title="bbox 148 3133 1286 3204; baseline 0 -16"><span class='ocrx_word' id='word_1_221' title='bbox 148 3157 180 3190; x_wconf 87' lang='lat' dir='ltr'>m.</span> <span class='ocrx_word' id='word_1_222' title='bbox 200 3137 219 3188; x_wconf 73' lang='grc' dir='ltr'>ἑ)</span> <span class='ocrx_word' id='word_1_223' title='bbox 245 3134 266 3189; x_wconf 86' lang='lat' dir='ltr'><em>V</em></span> <span class='ocrx_word' id='word_1_224' title='bbox 316 3134 468 3190; x_wconf 81' lang='lat' dir='ltr'>3nerrabo</span> <span class='ocrx_word' id='word_1_225' title='bbox 495 3153 566 3204; x_wconf 76' lang='lat' dir='ltr'>repr.</span> <span class='ocrx_word' id='word_1_226' title='bbox 593 3153 642 3186; x_wconf 83' lang='lat' dir='ltr'>aur.</span> <span class='ocrx_word' id='word_1_227' title='bbox 671 3154 702 3187; x_wconf 86' lang='lat' dir='ltr'>ru.</span> <span class='ocrx_word' id='word_1_228' title='bbox 730 3135 744 3185; x_wconf 87' lang='grc'><em>1</em></span> <span class='ocrx_word' id='word_1_229' title='bbox 766 3135 790 3185; x_wconf 80' lang='grc' dir='ltr'><em>Ρ</em></span> <span class='ocrx_word' id='word_1_230' title='bbox 840 3133 1009 3188; x_wconf 80' lang='lat' dir='ltr'>renunciabo</span> <span class='ocrx_word' id='word_1_231' title='bbox 1029 3135 1053 3186; x_wconf 83' lang='lat' dir='ltr'><em>R</em></span> <span class='ocrx_word' id='word_1_232' title='bbox 1071 3140 1099 3188; x_wconf 83' lang='lat' dir='ltr'>et</span> <span class='ocrx_word' id='word_1_233' title='bbox 1124 3134 1286 3189; x_wconf 73' lang='lat' dir='ltr'>renuntiabo</span> 
     </span>
     <span class='ocr_line' id='line_1_28' title="bbox 149 3219 1286 3290; baseline -0.003 -13"><span class='ocrx_word' id='word_1_234' title='bbox 149 3222 327 3283; x_wconf 78' lang='lat' dir='ltr'>(renunciabo</span> <span class='ocrx_word' id='word_1_235' title='bbox 347 3219 382 3287; x_wconf 64' lang='grc' dir='ltr'><strong>Π</strong></span> <span class='ocrx_word' id='word_1_236' title='bbox 401 3222 479 3273; x_wconf 73' lang='lat' dir='ltr'>Pru·</span> <span class='ocrx_word' id='word_1_237' title='bbox 528 3220 694 3275; x_wconf 62' lang='lat' dir='ltr'>aliberabit</span> <span class='ocrx_word' id='word_1_238' title='bbox 713 3221 791 3272; x_wconf 72' lang='lat' dir='ltr'>Pru</span> <span class='ocrx_word' id='word_1_239' title='bbox 806 3222 840 3289; x_wconf 83' lang='lat' dir='ltr'>cf.</span> <span class='ocrx_word' id='word_1_240' title='bbox 855 3221 1030 3287; x_wconf 78' lang='lat' dir='ltr'>Sabotier.ll,</span> <span class='ocrx_word' id='word_1_241' title='bbox 1050 3220 1102 3272; x_wconf 86' lang='lat'>111</span> <span class='ocrx_word' id='word_1_242' title='bbox 1156 3220 1286 3290; x_wconf 77' lang='lat' dir='ltr'>badpro·</span> 
     </span>
     <span class='ocr_line' id='line_1_29' title="bbox 148 3307 1289 3379; baseline -0.001 -17"><span class='ocrx_word' id='word_1_243' title='bbox 148 3310 227 3379; x_wconf 90' lang='lat' dir='ltr'>piant</span> <span class='ocrx_word' id='word_1_244' title='bbox 245 3310 271 3361; x_wconf 90' lang='lat' dir='ltr'><em>P</em></span> <span class='ocrx_word' id='word_1_245' title='bbox 286 3309 467 3378; x_wconf 86' lang='lat' dir='ltr'>appropriant</span> <span class='ocrx_word' id='word_1_246' title='bbox 493 3327 523 3360; x_wconf 77' lang='lat' dir='ltr'>er.</span> <span class='ocrx_word' id='word_1_247' title='bbox 549 3308 785 3376; x_wconf 90' lang='lat' dir='ltr'>appropinquauit</span> <span class='ocrx_word' id='word_1_248' title='bbox 813 3326 844 3360; x_wconf 83' lang='lat' dir='ltr'>m.</span> <span class='ocrx_word' id='word_1_249' title='bbox 868 3309 880 3359; x_wconf 82' lang='lat'><em>1</em></span> <span class='ocrx_word' id='word_1_250' title='bbox 905 3308 929 3360; x_wconf 86' lang='lat' dir='ltr'><em>V</em></span> <span class='ocrx_word' id='word_1_251' title='bbox 954 3307 1179 3376; x_wconf 79' lang='lat' dir='ltr'>adpropinquant</span> <span class='ocrx_word' id='word_1_252' title='bbox 1208 3309 1233 3362; x_wconf 83' lang='lat' dir='ltr'><em>R</em></span> <span class='ocrx_word' id='word_1_253' title='bbox 1255 3310 1289 3378; x_wconf 79' lang='lat' dir='ltr'>cs.</span> 
     </span>
     <span class='ocr_line' id='line_1_30' title="bbox 149 3392 1292 3466; baseline -0.003 -16"><span class='ocrx_word' id='word_1_254' title='bbox 149 3398 212 3466; x_wconf 80' lang='lat' dir='ltr'>infr.</span> <span class='ocrx_word' id='word_1_255' title='bbox 231 3395 267 3449; x_wconf 75' lang='lat'>18</span> <span class='ocrx_word' id='word_1_256' title='bbox 319 3394 483 3450; x_wconf 76' lang='lat' dir='ltr'>dexaudiet</span> <span class='ocrx_word' id='word_1_257' title='bbox 501 3397 561 3456; x_wconf 89' lang='lat' dir='ltr'>(om.</span> <span class='ocrx_word' id='word_1_258' title='bbox 580 3392 663 3458; x_wconf 76' lang='lat' dir='ltr'>etlil</span> <span class='ocrx_word' id='word_1_259' title='bbox 715 3395 874 3449; x_wconf 89' lang='lat' dir='ltr'>humiliabit</span> <span class='ocrx_word' id='word_1_260' title='bbox 892 3394 998 3446; x_wconf 82' lang='lat' dir='ltr'><em>RPTE</em></span> <span class='ocrx_word' id='word_1_261' title='bbox 1047 3393 1197 3448; x_wconf 74' lang='lat' dir='ltr'>Saxaudit</span> <span class='ocrx_word' id='word_1_262' title='bbox 1216 3395 1292 3448; x_wconf 68' lang='lat' dir='ltr'>Pte</span> 
     </span>
    </p>
   </div>
   <div class='ocr_carea' id='block_1_4' title="bbox 149 3491 1295 3603">
    <p class='ocr_par' dir='ltr' id='par_1_4' title="bbox 149 3491 1295 3603">
     <span class='ocr_line' id='line_1_31' title="bbox 149 3491 1295 3603; baseline -0.002 -14"><span class='ocrx_word' id='word_1_263' title='bbox 149 3541 177 3590; x_wconf 87' lang='lat' dir='ltr'>et</span> <span class='ocrx_word' id='word_1_264' title='bbox 194 3535 266 3588; x_wconf 88' lang='lat' dir='ltr'>hane</span> <span class='ocrx_word' id='word_1_265' title='bbox 286 3563 317 3570; x_wconf 96' lang='lat'>—</span> <span class='ocrx_word' id='word_1_266' title='bbox 337 3534 459 3587; x_wconf 87' lang='lat' dir='ltr'>exauditi</span> <span class='ocrx_word' id='word_1_267' title='bbox 472 3551 520 3585; x_wconf 83' lang='lat' dir='ltr'>om.</span> <span class='ocrx_word' id='word_1_268' title='bbox 536 3534 561 3584; x_wconf 92' lang='lat' dir='ltr'><em>V</em></span> <span class='ocrx_word' id='word_1_269' title='bbox 610 3515 627 3586; x_wconf 77' lang='lat' dir='ltr'>a</span> <span class='ocrx_word' id='word_1_270' title='bbox 645 3492 758 3603; x_wconf 69' lang='lat' dir='ltr'>uespere</span> <span class='ocrx_word' id='word_1_271' title='bbox 772 3542 800 3587; x_wconf 87' lang='lat' dir='ltr'>et</span> <span class='ocrx_word' id='word_1_272' title='bbox 818 3491 893 3586; x_wconf 73' lang='lat' dir='ltr'>mane</span> <span class='ocrx_word' id='word_1_273' title='bbox 905 3551 972 3587; x_wconf 76' lang='lat' dir='ltr'>corr.</span> <span class='ocrx_word' id='word_1_274' title='bbox 985 3532 1047 3585; x_wconf 76' lang='lat' dir='ltr'>m?</span> <span class='ocrx_word' id='word_1_275' title='bbox 1063 3533 1086 3586; x_wconf 87' lang='lat' dir='ltr'><em>V</em></span> <span class='ocrx_word' id='word_1_276' title='bbox 1137 3535 1295 3588; x_wconf 88' lang='lat' dir='ltr'>narrauitl&#39;</span> 
     </span>
    </p>
   </div>
   <div class='ocr_carea' id='block_1_5' title="bbox 34 3620 1296 4287">
    <p class='ocr_par' dir='ltr' id='par_1_5' title="bbox 34 3620 1296 4287">
     <span class='ocr_line' id='line_1_32' title="bbox 34 3620 1295 3688; baseline -0.004 -7"><span class='ocrx_word' id='word_1_277' title='bbox 34 3666 40 3681; x_wconf 87' lang='lat'><strong>.</strong></span> <span class='ocrx_word' id='word_1_278' title='bbox 149 3625 178 3676; x_wconf 89' lang='lat' dir='ltr'>in</span> <span class='ocrx_word' id='word_1_279' title='bbox 195 3621 240 3676; x_wconf 85' lang='lat' dir='ltr'>hie</span> <span class='ocrx_word' id='word_1_280' title='bbox 258 3621 287 3676; x_wconf 87' lang='lat' dir='ltr'>di</span> <span class='ocrx_word' id='word_1_281' title='bbox 303 3622 325 3674; x_wconf 80' lang='lat' dir='ltr'>l&#39;</span> <span class='ocrx_word' id='word_1_282' title='bbox 378 3624 407 3673; x_wconf 89' lang='lat' dir='ltr'>ll</span> <span class='ocrx_word' id='word_1_283' title='bbox 427 3621 562 3688; x_wconf 79' lang='lat' dir='ltr'>profetica</span> <span class='ocrx_word' id='word_1_284' title='bbox 580 3621 625 3672; x_wconf 82' lang='lat' dir='ltr'>l&#39;lt</span> <span class='ocrx_word' id='word_1_285' title='bbox 679 3621 712 3673; x_wconf 74' lang='grc'>12</span> <span class='ocrx_word' id='word_1_286' title='bbox 730 3620 862 3675; x_wconf 85' lang='lat' dir='ltr'>meridiae</span> <span class='ocrx_word' id='word_1_287' title='bbox 881 3621 907 3673; x_wconf 71' lang='lat' dir='ltr'>lt</span> <span class='ocrx_word' id='word_1_288' title='bbox 959 3620 1072 3673; x_wconf 84' lang='lat' dir='ltr'>nunoiot</span> <span class='ocrx_word' id='word_1_289' title='bbox 1091 3621 1143 3673; x_wconf 76' lang='grc' dir='ltr'>ΚΤ</span> <span class='ocrx_word' id='word_1_290' title='bbox 1199 3623 1232 3675; x_wconf 81' lang='grc'>13</span> <span class='ocrx_word' id='word_1_291' title='bbox 1250 3639 1295 3676; x_wconf 84' lang='lat' dir='ltr'>na·</span> 
     </span>
     <span class='ocr_line' id='line_1_33' title="bbox 150 3706 1294 3779; baseline -0.003 -15"><span class='ocrx_word' id='word_1_292' title='bbox 150 3710 250 3778; x_wconf 89' lang='lat' dir='ltr'>quein</span> <span class='ocrx_word' id='word_1_293' title='bbox 277 3708 361 3761; x_wconf 70' lang='grc' dir='ltr'>ΗἿἸ)</span> <span class='ocrx_word' id='word_1_294' title='bbox 416 3710 448 3761; x_wconf 77' lang='grc'>14</span> <span class='ocrx_word' id='word_1_295' title='bbox 466 3707 651 3761; x_wconf 79' lang='lat' dir='ltr'>incoationem</span> <span class='ocrx_word' id='word_1_296' title='bbox 669 3709 721 3760; x_wconf 74' lang='grc' dir='ltr'>ΕΤ</span> <span class='ocrx_word' id='word_1_297' title='bbox 773 3724 827 3761; x_wconf 89' lang='lat' dir='ltr'>non</span> <span class='ocrx_word' id='word_1_298' title='bbox 855 3708 927 3761; x_wconf 84' lang='lat' dir='ltr'>male</span> <span class='ocrx_word' id='word_1_299' title='bbox 947 3708 970 3760; x_wconf 91' lang='lat' dir='ltr'><em>V</em></span> <span class='ocrx_word' id='word_1_300' title='bbox 1023 3710 1054 3761; x_wconf 89' lang='lat'>16</span> <span class='ocrx_word' id='word_1_301' title='bbox 1072 3706 1169 3760; x_wconf 87' lang='lat' dir='ltr'>audiat</span> <span class='ocrx_word' id='word_1_302' title='bbox 1188 3709 1243 3760; x_wconf 81' lang='lat' dir='ltr'>TE</span> <span class='ocrx_word' id='word_1_303' title='bbox 1258 3711 1294 3779; x_wconf 70' lang='lat' dir='ltr'>qs.</span> 
     </span>
     <span class='ocr_line' id='line_1_34' title="bbox 151 3792 1296 3866; baseline 0.001 -17"><span class='ocrx_word' id='word_1_304' title='bbox 151 3797 305 3866; x_wconf 69' lang='lat' dir='ltr'>Luciferae.</span> <span class='ocrx_word' id='word_1_305' title='bbox 316 3796 410 3848; x_wconf 79' lang='lat' dir='ltr'>Horret</span> <span class='ocrx_word' id='word_1_306' title='bbox 423 3813 452 3864; x_wconf 83' lang='lat' dir='ltr'>p.</span> <span class='ocrx_word' id='word_1_307' title='bbox 471 3792 530 3849; x_wconf 76' lang='lat'>368</span> <span class='ocrx_word' id='word_1_308' title='bbox 583 3795 612 3847; x_wconf 89' lang='lat' dir='ltr'>in</span> <span class='ocrx_word' id='word_1_309' title='bbox 631 3811 726 3862; x_wconf 83' lang='lat' dir='ltr'>paoem</span> <span class='ocrx_word' id='word_1_310' title='bbox 746 3794 805 3860; x_wconf 80' lang='lat' dir='ltr'>(om.</span> <span class='ocrx_word' id='word_1_311' title='bbox 825 3797 863 3850; x_wconf 81' lang='lat' dir='ltr'>etl</span> <span class='ocrx_word' id='word_1_312' title='bbox 881 3795 902 3846; x_wconf 95' lang='lat' dir='ltr'><em>V</em></span> <span class='ocrx_word' id='word_1_313' title='bbox 955 3796 987 3846; x_wconf 87' lang='grc'>17</span> <span class='ocrx_word' id='word_1_314' title='bbox 1006 3794 1108 3848; x_wconf 86' lang='lat' dir='ltr'>liberet</span> <span class='ocrx_word' id='word_1_315' title='bbox 1124 3810 1156 3846; x_wconf 72' lang='lat' dir='ltr'>ez</span> <span class='ocrx_word' id='word_1_316' title='bbox 1174 3794 1296 3850; x_wconf 83' lang='lat' dir='ltr'>liberam</span> 
     </span>
     <span class='ocr_line' id='line_1_35' title="bbox 150 3880 1296 3951; baseline 0.003 -16"><span class='ocrx_word' id='word_1_317' title='bbox 150 3903 182 3937; x_wconf 86' lang='lat' dir='ltr'>m.</span> <span class='ocrx_word' id='word_1_318' title='bbox 196 3883 217 3936; x_wconf 82' lang='lat'><em>2</em></span> <span class='ocrx_word' id='word_1_319' title='bbox 231 3884 256 3937; x_wconf 88' lang='lat' dir='ltr'><em>V</em></span> <span class='ocrx_word' id='word_1_320' title='bbox 304 3881 463 3951; x_wconf 86' lang='lat' dir='ltr'>paoifieauit</span> <span class='ocrx_word' id='word_1_321' title='bbox 481 3881 573 3935; x_wconf 89' lang='lat' dir='ltr'>omnia</span> <span class='ocrx_word' id='word_1_322' title='bbox 587 3883 612 3933; x_wconf 84' lang='grc' dir='ltr'><em>Ρ</em></span> <span class='ocrx_word' id='word_1_323' title='bbox 627 3880 774 3949; x_wconf 87' lang='lat' dir='ltr'>paoiiieana</span> <span class='ocrx_word' id='word_1_324' title='bbox 792 3888 855 3935; x_wconf 76' lang='lat' dir='ltr'>orna</span> <span class='ocrx_word' id='word_1_325' title='bbox 866 3883 889 3933; x_wconf 85' lang='grc' dir='ltr'><em>Τ</em></span> <span class='ocrx_word' id='word_1_326' title='bbox 945 3883 976 3936; x_wconf 82' lang='grc'>18</span> <span class='ocrx_word' id='word_1_327' title='bbox 994 3881 1029 3934; x_wconf 92' lang='lat' dir='ltr'>ab</span> <span class='ocrx_word' id='word_1_328' title='bbox 1047 3881 1296 3949; x_wconf 68' lang='lat' dir='ltr'>inproperantibus</span> 
     </span>
     <span class='ocr_line' id='line_1_36' title="bbox 151 3967 1296 4038; baseline 0.003 -16"><span class='ocrx_word' id='word_1_329' title='bbox 151 3971 201 4022; x_wconf 74' lang='lat' dir='ltr'><em>W</em></span> <span class='ocrx_word' id='word_1_330' title='bbox 253 3973 286 4024; x_wconf 85' lang='grc'>19</span> <span class='ocrx_word' id='word_1_331' title='bbox 304 3969 445 4038; x_wconf 87' lang='lat' dir='ltr'>quaerella</span> <span class='ocrx_word' id='word_1_332' title='bbox 461 3970 507 4021; x_wconf 82' lang='lat' dir='ltr'>VR</span> <span class='ocrx_word' id='word_1_333' title='bbox 560 3968 704 4022; x_wconf 74' lang='lat' dir='ltr'>unanimus</span> <span class='ocrx_word' id='word_1_334' title='bbox 724 3970 749 4020; x_wconf 77' lang='lat' dir='ltr'>ll</span> <span class='ocrx_word' id='word_1_335' title='bbox 767 3968 904 4022; x_wconf 70' lang='lat' dir='ltr'>unanimis</span> <span class='ocrx_word' id='word_1_336' title='bbox 919 3968 971 4019; x_wconf 84' lang='lat' dir='ltr'>PE</span> <span class='ocrx_word' id='word_1_337' title='bbox 1020 3969 1053 4021; x_wconf 78' lang='grc'>21</span> <span class='ocrx_word' id='word_1_338' title='bbox 1072 3978 1131 4021; x_wconf 80' lang='lat' dir='ltr'>onte</span> <span class='ocrx_word' id='word_1_339' title='bbox 1156 3967 1228 4022; x_wconf 76' lang='lat' dir='ltr'>deuo</span> <span class='ocrx_word' id='word_1_340' title='bbox 1247 3972 1296 4026; x_wconf 77' lang='lat' dir='ltr'>dd.</span> 
     </span>
     <span class='ocr_line' id='line_1_37' title="bbox 151 4054 1296 4126; baseline 0.001 -14"><span class='ocrx_word' id='word_1_341' title='bbox 151 4063 178 4112; x_wconf 90' lang='lat' dir='ltr'>et</span> <span class='ocrx_word' id='word_1_342' title='bbox 197 4078 228 4110; x_wconf 86' lang='lat' dir='ltr'>m.</span> <span class='ocrx_word' id='word_1_343' title='bbox 249 4056 268 4110; x_wconf 83' lang='lat'><em>2</em></span> <span class='ocrx_word' id='word_1_344' title='bbox 293 4057 316 4111; x_wconf 96' lang='lat' dir='ltr'><em>V</em></span> <span class='ocrx_word' id='word_1_345' title='bbox 364 4074 415 4126; x_wconf 85' lang='lat' dir='ltr'>par</span> <span class='ocrx_word' id='word_1_346' title='bbox 434 4074 503 4125; x_wconf 86' lang='lat' dir='ltr'>quae</span> <span class='ocrx_word' id='word_1_347' title='bbox 529 4057 549 4108; x_wconf 63' lang='lat' dir='ltr'>l?</span> <span class='ocrx_word' id='word_1_348' title='bbox 601 4058 635 4108; x_wconf 74' lang='grc'>22</span> <span class='ocrx_word' id='word_1_349' title='bbox 654 4057 701 4123; x_wconf 91' lang='lat' dir='ltr'>qui</span> <span class='ocrx_word' id='word_1_350' title='bbox 731 4061 794 4109; x_wconf 89' lang='lat' dir='ltr'>ante</span> <span class='ocrx_word' id='word_1_351' title='bbox 814 4056 839 4107; x_wconf 88' lang='lat' dir='ltr'><em>P</em></span> <span class='ocrx_word' id='word_1_352' title='bbox 890 4060 918 4108; x_wconf 85' lang='lat' dir='ltr'>et</span> <span class='ocrx_word' id='word_1_353' title='bbox 936 4054 1065 4110; x_wconf 84' lang='lat' dir='ltr'>exaudiet</span> <span class='ocrx_word' id='word_1_354' title='bbox 1089 4055 1113 4107; x_wconf 92' lang='lat' dir='ltr'><em>V</em></span> <span class='ocrx_word' id='word_1_355' title='bbox 1163 4054 1296 4113; x_wconf 82' lang='lat' dir='ltr'>humilia·</span> 
     </span>
     <span class='ocr_line' id='line_1_38' title="bbox 150 4141 1296 4213; baseline 0.001 -15"><span class='ocrx_word' id='word_1_356' title='bbox 150 4146 192 4198; x_wconf 88' lang='lat' dir='ltr'>bit</span> <span class='ocrx_word' id='word_1_357' title='bbox 217 4144 321 4199; x_wconf 76' lang='lat' dir='ltr'><em>RPI&#39;E</em></span> <span class='ocrx_word' id='word_1_358' title='bbox 370 4146 403 4198; x_wconf 73' lang='lat'>23</span> <span class='ocrx_word' id='word_1_359' title='bbox 428 4144 518 4213; x_wconf 83' lang='lat' dir='ltr'>gloria</span> <span class='ocrx_word' id='word_1_360' title='bbox 542 4162 614 4213; x_wconf 61' lang='lat' dir='ltr'>rum.</span> <span class='ocrx_word' id='word_1_361' title='bbox 641 4161 690 4196; x_wconf 80' lang='lat' dir='ltr'>rur.</span> <span class='ocrx_word' id='word_1_362' title='bbox 719 4143 744 4195; x_wconf 83' lang='lat' dir='ltr'>Il</span> <span class='ocrx_word' id='word_1_363' title='bbox 770 4142 860 4211; x_wconf 78' lang='lat' dir='ltr'>gloria</span> <span class='ocrx_word' id='word_1_364' title='bbox 887 4160 917 4196; x_wconf 79' lang='lat' dir='ltr'>en</span> <span class='ocrx_word' id='word_1_365' title='bbox 943 4141 1049 4210; x_wconf 76' lang='lat' dir='ltr'>gloriae</span> <span class='ocrx_word' id='word_1_366' title='bbox 1081 4141 1105 4195; x_wconf 87' lang='lat' dir='ltr'><em>V</em></span> <span class='ocrx_word' id='word_1_367' title='bbox 1127 4141 1222 4211; x_wconf 77' lang='lat' dir='ltr'>glorie</span> <span class='ocrx_word' id='word_1_368' title='bbox 1249 4145 1296 4199; x_wconf 73' lang='grc' dir='ltr'>ΡΙ</span> 
     </span>
     <span class='ocr_line' id='line_1_39' title="bbox 151 4210 1222 4287; baseline -0.006 -2"><span class='ocrx_word' id='word_1_369' title='bbox 151 4239 279 4287; x_wconf 83' lang='lat' dir='ltr'>aeternae</span> <span class='ocrx_word' id='word_1_370' title='bbox 296 4251 327 4287; x_wconf 79' lang='lat' dir='ltr'>ea</span> <span class='ocrx_word' id='word_1_371' title='bbox 344 4237 437 4287; x_wconf 80' lang='lat' dir='ltr'>certae</span> <span class='ocrx_word' id='word_1_372' title='bbox 455 4251 488 4285; x_wconf 85' lang='lat' dir='ltr'>m.</span> <span class='ocrx_word' id='word_1_373' title='bbox 508 4231 524 4284; x_wconf 88' lang='lat'><em>1</em></span> <span class='ocrx_word' id='word_1_374' title='bbox 548 4231 718 4285; x_wconf 86' lang='lat' dir='ltr'>Vaeternae</span> <span class='ocrx_word' id='word_1_375' title='bbox 737 4235 766 4283; x_wconf 83' lang='lat' dir='ltr'>et</span> <span class='ocrx_word' id='word_1_376' title='bbox 784 4230 840 4283; x_wconf 83' lang='lat' dir='ltr'>PT.</span> <span class='ocrx_word' id='word_1_377' title='bbox 1208 4210 1222 4230; x_wconf 63' lang='lat'><strong>⁹</strong></span> 
     </span>
    </p>
   </div>
   <div class='ocr_carea' id='block_1_6' title="bbox 0 0 1411 4844">
    <p class='ocr_par' dir='ltr' id='par_1_6' title="bbox 0 0 1411 4844">
     <span class='ocr_line' id='line_1_40' title="bbox 0 0 1411 4844; baseline 0 0"><span class='ocrx_word' id='word_1_378' title='bbox 0 0 1411 4844; x_wconf 95' lang='lat' dir='ltr'> </span> 
     </span>
    </p>
   </div>
  </div>
 </body>
</html>
