2790 4844
820 111 838 144 ο

152 279 216 346 486
492 282 610 336 saneti
634 281 770 335 Hilarii
795 281 957 350 episcopi

154 493 260 538 eorum
283 473 384 538 sordis
415 472 480 537 suit.
525 473 581 537 sed
615 471 778 557 propheta,
813 482 844 536 ut
878 477 910 536 et
942 472 1080 552 apostoli,
1115 472 1189 539 lieet
1217 474 1286 537 inter

152 576 265 642 multas
288 577 518 658 persecutiones
541 576 609 642 haeo
633 576 808 641 testimonia
831 576 889 650 dei,
913 576 945 639 id
968 583 1015 641 est
1037 577 1174 643 testandi
1197 578 1236 643 de
1256 596 1284 642 eo

152 701 223 747 oum
247 680 431 747 exultatione
454 680 557 746 oordia
581 687 741 764 tamquam
775 678 982 746 hereditatem
1013 681 1154 755 retineat,
1189 688 1285 746 tamen

152 787 246 851 etiam
268 784 320 850 illa
343 786 392 850 dei
416 785 592 850 testimonie
626 783 798 850 hereditate
831 784 986 867 adquisita
1007 782 1112 863 habet,
1146 805 1218 869 qnae
1237 784 1284 850 sub

112 916 124 952 u
152 889 282 955 testibus
312 890 394 955 diota
423 896 502 954 sunt.
549 889 677 974 Moyses
711 888 814 973 legem
848 889 904 953 suh
939 888 1067 954 testibus
1102 890 1188 954 dedit
1221 888 1284 955 salo

152 1006 244 1078 atque
267 1002 358 1072 terra,
382 992 491 1058 Esaias
514 994 571 1058 suh
595 993 724 1058 testibus
740 993 842 1076 arguit
861 990 936 1058 oaelo
950 999 1042 1076 atque
1058 1000 1150 1071 terra,
1174 1003 1283 1074 aposto

151 1098 199 1163 lus
222 1099 286 1163 iam
308 1096 487 1163 celsioribus
517 1097 702 1163 testimoniis
732 1105 763 1160 ut
792 1097 975 1177 predicator
998 1097 1200 1180 euangelious
1220 1116 1283 1162 usus

152 1210 198 1268 est
221 1203 343 1268 dicens:
374 1208 505 1266 testor
532 1202 649 1266 uobis
680 1220 813 1266 eorum
844 1201 915 1266 deo
951 1210 988 1266 et
1011 1199 1179 1267 Christo
1202 1200 1282 1266 Iesu

151 1316 188 1372 et
220 1305 382 1390 angelis
416 1305 515 1371 eius.
561 1305 628 1370 huo
659 1325 734 1389 ergo
764 1306 940 1370 testimonia
970 1305 1026 1370 sub
1050 1304 1101 1370 his
1124 1306 1239 1388 scripta
1257 1312 1280 1368 et

98 1438 122 1474 ιο
150 1411 207 1476 snb
237 1410 286 1475 his
321 1416 432 1474 testata
461 1416 492 1474 et
521 1409 552 1473 in
590 1407 640 1474 his
675 1415 786 1473 testata
820 1419 978 1493 tamquam
1012 1409 1083 1474 noui
1118 1407 1278 1490 patrimonii

150 1514 240 1579 heres
263 1521 406 1594 occupat:
439 1533 499 1577 non
523 1533 560 1578 ex
583 1523 678 1598 parto,
701 1513 756 1578 sed
781 1519 885 1577 totum.
931 1513 978 1578 ius
1002 1514 1084 1578 enim
1111 1511 1276 1579 hereditatis

150 1639 186 1683 ex
203 1618 299 1683 solido
316 1628 371 1682 est.
413 1617 470 1683 etsi
489 1618 567 1682 inter
582 1617 685 1698 plures
696 1619 867 1682 seeundum
880 1616 1050 1682 humanam
1061 1618 1272 1683 sueoessionon

149 1721 305 1787 hereditas
341 1722 503 1799 diuidatur,
537 1728 641 1786 temen
675 1721 831 1786 hereditas
862 1722 928 1802 ipsu
958 1722 1084 1786 nomine
1109 1722 1229 1788 heredis
1247 1737 1273 1782 ex

151 1825 247 1891 solido
271 1831 326 1890 est.

98 1955 123 1992 ia
194 1931 243 1995 20.
269 1931 316 1994 Ao
338 1951 386 2007 ne,
411 1931 492 2014 quod
516 1950 534 1994 a
557 1929 661 1995 multis
685 1930 745 1995 diei
769 1949 851 2010 supe
882 1929 967 2007 solet,
997 1931 1127 1995 rationis
1157 1929 1270 2013 aliquan

150 2033 263 2099 haheat
285 2034 504 2111 auctoritatem,
535 2053 605 2099 oum
630 2036 778 2099 adserunt
800 2034 960 2116 proprium
990 2034 1038 2098 dei
1072 2054 1183 2099 munus
1211 2047 1270 2101 esse,

139 2146 182 2215 ut
205 2139 273 2221 quis
295 2138 326 2203 in
351 2138 400 2203 dei
431 2138 524 2203 rebus
555 2145 647 2221 atque
680 2136 823 2218 operibus
853 2149 1002 2213 narsetum
1033 2146 1212 2204 excusantes
1235 2135 1269 2197 in·

150 2241 332 2308 fidelitatem
349 2262 445 2320 suam,
462 2244 544 2327 quod
561 2250 705 2308 oessante
717 2262 793 2326 erga
805 2262 838 2306 se
851 2243 899 2307 dei
913 2242 1069 2308 uoluntate
1085 2249 1226 2309 maneant
1236 2238 1271 2300 in·

150 2346 274 2412 fideles:
298 2354 345 2412 est
368 2348 495 2429 quidem
510 2348 542 2411 in
558 2346 620 2412 fide
636 2347 782 2411 manendi
800 2368 818 2411 a
835 2348 891 2411 deo
908 2366 1028 2425 munus,
1052 2348 1109 2412 sed
1125 2333 1272 2428 incipiendi

98 2473 123 2511 eo
151 2452 280 2516 anobis
313 2451 399 2535 origo
434 2457 489 2516 est.
535 2456 566 2515 at
599 2450 739 2515 uoluntas
772 2461 876 2515 nostra
911 2449 969 2516 hoo
1001 2450 1161 2535 proprium
1195 2467 1229 2515 ex
1248 2454 1276 2501 80

151 2556 251 2632 dehet,
283 2563 314 2619 ut
343 2554 431 2619 uelit:
463 2555 538 2620 deus
568 2554 727 2634 incipienti
758 2556 984 2620 incrementum
1007 2554 1102 2633 debit
1127 2554 1196 2638 quia
1217 2558 1285 2617 901·

151 2659 388 2724 summationem
412 2679 467 2739 per
489 2679 523 2724 se
553 2659 717 2723 infirmitas
750 2666 856 2724 nostra
889 2679 949 2722 uon
984 2658 1111 2732 obtinet,
1147 2655 1297 2724 nieritum

150 2773 252 2827 tamen
287 2763 494 2843 adipiscendae
529 2764 804 2829 cousummationis
838 2769 886 2828 est
919 2782 957 2828 ex
994 2763 1080 2827 initio
1118 2745 1312 2828 uoluntatis·

150 2868 264 2932 ideireo
275 2867 428 2948 psalmum
441 2869 485 2932 ita
496 2866 647 2948 propheta
658 2866 820 2932 canelusit:
845 2866 1054 2931 deelinaui
1078 2888 1144 2932 oor
1166 2853 1313 2932 meu¹1

98 2989 123 3029 2⁶
151 2974 197 3036 ad
221 2972 436 3038 faciendas
460 2961 1313 3053 iustificationestuasinaeternumprOP

150 3087 211 3141 ter
234 3076 559 3141 retributionem.
605 3096 658 3141 oor
688 3096 775 3140 suum
805 3079 873 3157 ipse
904 3074 1039 3140 declinat
1062 3086 1093 3142 et
1116 3097 1152 3142 ex
1176 3061 1313 3140 natur‘

149 3179 293 3245 humanae
317 3181 450 3260 peccatis
482 3181 513 3244 in
536 3179 753 3245 obedientiam
779 3181 826 3245 dei
850 3180 987 3245 inflectit.
1032 3187 1142 3246 natura
1165 3177 1284 3265 quide
1291 3168 1313 3213 ¹

193 3355 239 3407 sl
258 3354 327 3407 Tim.
346 3356 370 3422 5,
389 3357 431 3408 21.

194 3518 321 3568 leornm
339 3514 539 3568 9911199217
589 3514 664 3569 dicet
682 3516 755 3568 inter
779 3515 803 3568 V
853 3508 917 3568 2111
936 3514 965 3568 id
984 3517 1026 3568 est
1044 3543 1078 3552 —
1099 3516 1147 3569 ille
1166 3509 1196 3570 di
1213 3493 1313 3575 1εὲί

149 3602 242 3655 monia
260 3604 286 3655 in
304 3620 386 3671 marry.
406 3603 483 3669 inj'er.
502 3604 561 3655 odd.
582 3621 614 3655 m.
634 3602 693 3654 21⁷
743 3604 759 3654 3
778 3619 840 3656 oum
859 3600 1073 3656 exsultationem
1089 3603 1113 3656 V
1163 3582 1313 3661 dacq¹¹¹

150 3688 203 3741 site
217 3689 267 3758 pE
318 3689 334 3740 5
353 3689 443 3758 legem
462 3690 513 3742 sub
532 3690 649 3743 testibus
668 3689 766 3742 statuit
782 3709 802 3759 J)
856 3688 883 3741 lo
902 3688 1043 3755 adque-
1062 3689 1156 3758 arguit
1174 3705 1221 3744 eae
1231 3668 1313 3738 affl

150 3793 181 3827 m.
207 3773 226 3826 2
251 3775 274 3826 V
325 3777 444 3829 6999199
469 3777 493 3830 V
508 3775 604 3830 Esaias
622 3803 651 3813 -
674 3781 749 3828 terra
776 3793 824 3828 our.
849 3794 870 3845 p
923 3775 1052 3843 ‘ipditor
1077 3778 1100 3830 C
1150 3776 1240 3859 8dito
1261 3751 1313 3814 9¹

254 3871 268 3898 u

148 3918 203 3981 xpo
227 3915 271 3967 ihs
296 3913 320 3967 V
370 3916 469 3968 9eooe
488 3931 554 3982 ergo
575 3916 597 3967 C
647 3914 813 3968 testimoniis
830 3914 863 3965 V¹
917 3916 950 3967 10
968 3922 997 3966 et
1014 3914 1044 3967 in
1062 3913 1105 3968 his
1124 3921 1225 3969 testata
1239 3925 1303 3964 our‘

155 3999 177 4051 V
194 4002 254 4052 odd.
274 4018 306 4052 m.
326 3998 380 4071 212
436 4004 466 4055 11
487 4001 535 4054 sed
554 4000 583 4054 in
600 4006 720 4054 totume
775 4003 808 4055 12
827 4006 870 4055 est
887 4003 947 4054 odd.
967 4019 1000 4053 m.
1019 4000 1039 4053 2
1057 4001 1083 4054 V
1132 3982 1300 4057 humannt⁴

150 4088 337 4140 15999991·
390 4091 422 4142 19
440 4093 482 4141 set
500 4088 656 4156 incipienda
676 4089 754 4142 nobis
770 4088 794 4141 V
843 4090 878 4142 20
895 4092 928 4141 91
939 4087 1068 4141 noluntas
1084 4089 1108 4142 V
1159 4088 1276 4145 exederet

151 4179 173 4219 1’
197 4191 231 4227 ex
258 4189 287 4226 se
314 4172 415 4228 habere
442 4175 526 4229 debet
554 4176 580 4227 Ia'
631 4178 661 4229 21
683 4183 715 4228 91
741 4176 869 4228 99Ξ191
897 4176 918 4227 t'
944 4181 973 4228 et
998 4173 1080 4228 uellit
1114 4176 1137 4230 t'
1189 4194 1241 4246 qne
1262 4178 1278 4230 t'

149 4262 182 4314 23
201 4260 445 4314 cousummationis
464 4280 494 4314 ex
512 4263 747 4316 consummatione
767 4281 799 4315 m.
818 4261 838 4314 2
861 4261 891 4315 V.
