2790 4844
350 249 531 313 traotatue'
549 259 584 312 in
602 258 776 328 psalmum
795 259 953 314 CXLVIII·
1152 258 1216 325 865

65 468 136 526 me,
160 450 217 513 sed
242 448 281 526 hi,
312 450 365 533 qui
390 450 590 515 merebuntur
624 450 745 515 audire:
779 469 902 533 prope
937 458 998 515 eet
1031 450 1216 514 dominns

65 554 258 619 omnibus
282 554 574 619 innocentibus
598 574 693 620 eum.
738 552 798 619 illie
822 574 895 638 ergo
919 555 1059 635 proprius
1080 552 1214 636 hymnus

65 663 125 734 est,
149 658 202 741 qui
227 659 284 724 deo
315 659 575 742 propinquabunt,
610 658 662 742 qui
696 678 751 739 per
786 657 844 723 hoe
877 665 993 723 eanotae
1017 656 1214 723 Hierusalem

66 781 201 846 regnum
226 762 351 827 beatum
374 769 489 827 aeterno
513 782 609 846 regno
624 762 757 843 proximi
773 772 841 843 poet
857 781 989 845 regnum
1006 761 1124 827 domini
1140 761 1212 826 Iesu

66 863 186 930 Christi
220 866 252 930 in
275 885 408 951 reguum
440 868 488 932 dei
519 866 616 950 patris
646 866 771 930 domiuo
801 872 1010 950 conregnante
1040 865 1214 931 transibunt
1255 887 1268 924 o

66 969 204 1050 apostolo
228 971 372 1036 dooente:
404 991 487 1036 eum
513 972 650 1036 tradet
679 990 848 1054 regnum
880 971 952 1035 deo
982 971 1098 1051 patri,
1129 988 1215 1034 eum

65 1075 334 1139 euacuauerit
364 1094 519 1139 omnem
547 1074 829 1155 principatum
860 1080 898 1138 et
928 1095 1079 1139 ornnem
1107 1080 1215 1155 pote·

67 1184 215 1243 statem
254 1186 291 1243 et
328 1180 534 1243 uirtutem.
579 1184 742 1259 oportet
776 1177 880 1244 enim
915 1198 999 1243 eum
1028 1197 1214 1263 regnare,

67 1282 195 1346 donee
234 1288 356 1363 ponat
393 1302 532 1347 omnes
569 1283 760 1348 inimicos
799 1286 870 1350 sub
909 1283 1082 1368 pedibus
1117 1283 1213 1347 eius.

67 1387 256 1450 omnibus
291 1387 396 1451 enirn
430 1387 635 1451 subiectis
665 1386 736 1451 sub
767 1387 939 1468 pedibus
963 1379 1049 1452 eius
1083 1386 1213 1451 uouie·
1242 1414 1266 1452 ιο

66 1491 169 1554 sima
192 1497 418 1556 euacuatur
442 1510 556 1555 more.
580 1511 665 1556 eum
690 1492 856 1556 dixerit:
880 1491 1214 1557 omniasubieeta

67 1607 162 1658 sunt
184 1602 334 1674 praeter
357 1594 482 1672 illum,
500 1597 565 1679 qui
589 1597 624 1660 ei
647 1595 829 1662 subiecit
851 1596 991 1666 omnia.
1008 1603 1101 1661 tuno
1125 1595 1212 1676 ipse

66 1699 281 1764 subiectus
316 1701 395 1764 erit
429 1698 502 1775 ilii,
538 1700 604 1783 qui
628 1701 662 1764 ei
686 1700 1027 1778 subIeoitomnia
1051 1706 1092 1764 ut
1115 1700 1212 1765 deus

65 1803 123 1868 sit
147 1803 278 1867 omnia
301 1803 339 1866 in
362 1803 557 1868 omnibus.
604 1802 656 1869 hio
679 1823 753 1888 ergo
776 1803 907 1884 populus
930 1811 977 1869 eet
1000 1804 1211 1887 propinquans

64 1928 165 1992 regno
189 1908 238 1971 dei
261 1908 357 1987 patris
380 1927 436 1988 per
457 1927 591 1991 regnum
615 1906 669 1972 filii
692 1908 743 1973 dei
767 1908 932 1987 proximus.
979 1913 1090 1992 regnat
1108 1909 1212 1991 itaque
1238 1933 1263 1969 n

65 2012 213 2077 dominus
237 2012 403 2076 traditurus
427 2013 483 2076 deo
507 2012 585 2092 patri
608 2031 750 2096 regnum,
775 2032 834 2076 non
858 2013 947 2096 regui
962 2017 1117 2092 potestate
1137 2012 1212 2076 eari-

65 2125 162 2192 turua
185 2117 240 2180 eed
264 2135 328 2193 noe,
352 2116 404 2198 qui
427 2135 559 2200 regnum
583 2116 647 2180 eius
670 2135 785 2191 sumne,
810 2116 867 2180 deo
890 2117 970 2196 patri
995 2116 1163 2181 traditurus
1178 2117 1210 2180 in

65 2240 211 2305 regnum.
258 2221 345 2304 regni
370 2220 493 2284 traditio
516 2226 623 2284 nostra
653 2221 809 2302 prouectio
833 2225 887 2297 eet
917 2225 958 2298 ut,
982 2219 1033 2303 qui
1057 2220 1088 2284 in
1112 2238 1209 2303 reguo
1339 2296 1342 2304 Ι

65 2324 122 2389 filii
146 2325 272 2401 erimus,
295 2325 325 2387 in
361 2344 457 2408 regno
491 2343 613 2408 quoque
647 2323 744 2389 simus
778 2337 808 2389 et
841 2324 945 2404 patus,
976 2324 1062 2407 digni
1094 2343 1149 2404 per
1177 2324 1210 2387 id
1265 2405 1268 2411 Ι

66 2449 166 2513 reguo
200 2430 304 2508 petris,
338 2429 412 2511 quia
445 2429 532 2512 digni
565 2447 661 2512 regno
691 2429 807 2493 erimus
837 2434 869 2492 et
897 2427 960 2504 filii,
993 2428 1123 2509 proximi
1147 2434 1210 2492 tum
1239 2457 1264 2495 a

65 2533 163 2614 patrie
186 2552 291 2616 regno,
314 2551 385 2597 eum
408 2531 463 2596 filii
487 2532 603 2597 erimus
625 2531 657 2595 in
680 2551 785 2615 regno,
816 2532 868 2616 qui
899 2537 947 2598 est
976 2532 1157 2598 benedictus
1179 2532 1210 2595 in

67 2634 179 2701 eaeeula
201 2634 392 2701 serculorum.
437 2654 538 2701 amen.

360 2813 363 2818 ’
469 2840 654 2926 rsrmus
681 2841 810 2925 enin

107 2982 279 3048 cantate
303 2983 462 3047 domino
493 2982 695 3047 cauticum
727 3003 875 3061 nouum,
907 2982 1090 3047 laudatio
1121 2982 1207 3047 eius
1306 2977 1310 2986 '

66 3087 101 3150 in
125 3085 305 3152 ecelesia
328 3093 561 3152 sanatorum
585 3086 764 3171 etreliqua.
1199 3130 1203 3135 -
1233 3103 1259 3144 π

107 3207 135 3273 1.
160 3208 306 3288 Superior
318 3207 456 3289 psalmus
467 3228 590 3273 omnem
603 3209 792 3275 creationum
805 3208 1016 3274 diuersitatem
1029 3208 1069 3272 ad
1082 3206 1207 3273 laudem

67 3312 112 3377 dei
136 3311 284 3377 creatoris
308 3319 356 3378 eet
378 3311 573 3391 adhortatue;
597 3319 628 3376 et
643 3314 718 3377 ordo
734 3333 753 3377 a
769 3311 943 3378 oaelestibue
959 3317 1077 3394 coeptus
1097 3311 1208 3377 ennete

109 3507 119 3556 l
143 3502 185 3555 Pe.
206 3502 323 3570 CXLIV,
345 3505 384 3558 18.
419 3504 548 3557 olcor.
568 3504 609 3571 16,
628 3505 663 3557 24
681 3521 721 3571 eq.

109 3676 185 3730 lhis
213 3677 238 3729 R
267 3675 335 3740 (nine
362 3677 437 3729 drinio
464 3687 547 3729 ortum
574 3696 604 3730 ex
630 3676 684 3742 hii)
743 3678 761 3730 2
788 3675 907 3744 hymnus
932 3677 958 3729 R
984 3677 1019 3745 cf.
1044 3694 1071 3746 p.
1099 3674 1166 3742 866,
1195 3675 1208 3726 7

65 3761 108 3816 hio
124 3763 246 3833 hymnus
265 3764 293 3815 E
343 3765 566 3831 dooeregnonte
585 3764 611 3816 R
633 3767 822 3833 congregante
841 3764 870 3815 E
885 3766 919 3826 ej.
938 3763 1001 3831 infr.
1057 3762 1208 3816 ddooente

65 3901 250 3955 RdioenteE
305 3848 469 3957 Ioomum’R
487 3919 608 3956 omneee
661 3861 788 3956 subiecti.
809 3902 834 3955 R
852 3902 1007 3956 subiiciete
1061 3900 1211 3954 nouissima

65 3993 215 4043 euacuatur
234 3989 273 4041 Rb
292 3989 442 4042 nouissima
461 3990 533 4043 enim
552 3990 733 4044 euuouabitur
751 4008 765 4043 e
819 3992 849 4043 ll
870 3989 994 4043 subiecta
1017 3994 1081 4041 eunt
1100 3989 1124 4041 R
1143 3993 1208 4042 eunt

65 4076 188 4129 subiecta
207 4077 235 4127 E
289 4078 321 4129 le
339 4076 407 4129 dene
426 4077 462 4129 eit
481 4077 506 4129 R
524 4077 561 4130 nit
579 4077 646 4130 dene
664 4077 693 4129 E
747 4079 779 4131 le
797 4077 825 4129 in
849 4082 937 4144 regnu
954 4075 1050 4129 filiiR
1103 4076 1136 4129 ‘21
1155 4074 1210 4127 eri·

64 4179 123 4216 mue
142 4162 172 4215 iu
190 4157 276 4231 regno
295 4163 336 4215 Bt
365 4163 467 4217 erimus
495 4181 645 4232 regnume
697 4163 726 4216 in
754 4163 846 4217 eeoule
872 4163 1028 4217 eeoulornm
1055 4178 1135 4215 amen
1164 4162 1210 4214 liu.

67 4268 121 4303 nnc.
152 4269 202 4303 scr.
229 4250 254 4302 R
307 4250 384 4303 Finit
410 4250 533 4319 psalmus
561 4250 725 4305 CXXXVIII
756 4250 856 4319 incipit
885 4248 1064 4304 cxxxvlm
1094 4246 1157 4315 (sic)
1185 4249 1210 4301 R

65 4336 239 4390 teloneario
257 4337 284 4389 R
302 4337 336 4407 cs.
352 4356 381 4407 p.
400 4336 464 4404 867,
484 4338 498 4390 7
518 4337 577 4391 laun
592 4338 621 4389 E
670 4338 704 4391 2⁶
723 4337 752 4390 in
771 4356 801 4391 ex
818 4356 847 4391 m
865 4356 902 4393 mr
915 4338 930 4390 1
945 4338 972 4390 R
1024 4334 1158 4390 eoolaeeia
1176 4336 1210 4389 R.

115 4457 189 4496 xxrr.
204 4455 274 4496 unu.
289 4457 345 4496 nur.
360 4468 413 4506 pm
427 4455 444 4498 r.
1017 4443 1052 4496 56
