2790 4844
149 214 213 280 484
489 213 606 268 saneti
629 213 763 267 Hilarii
788 213 951 281 episcopi

150 404 375 487 deprecationis
406 424 479 468 suae.
524 412 631 486 postea
661 404 744 468 enim
775 423 867 487 quam
890 402 1060 468 uoluntaria
1090 403 1152 468 oris
1183 404 1228 469 sui
1256 410 1284 467 ut

149 507 345 589 beneplacita
360 515 465 573 essent
487 507 593 586 orauit,
613 507 739 572 adiecit:
764 514 802 573 et
828 507 982 573 iudicia
1008 514 1074 572 tua
1101 509 1199 573 doce
1224 527 1282 572 me.

149 613 262 678 iudicia
286 612 364 696 legis
387 612 452 696 agit
481 620 519 690 et
551 625 698 695 quantum
722 611 753 675 in
777 631 811 677 se
835 620 888 689 est,
912 612 1008 696 gestis
1031 618 1123 695 utque
1147 612 1283 693 operibus

150 725 288 787 exercet:
327 717 382 781 sed
419 717 556 780 nondum
591 735 629 780 ea
662 715 823 799 intellegit.
876 715 935 780 scit
968 717 1051 782 enim
1085 736 1155 782 esse
1189 716 1284 802 legem

111 850 123 886 t
150 820 328 901 spiritalem.
374 828 405 885 et
426 819 509 896 illud,
544 821 627 902 quod
651 820 707 884 snb
732 821 835 900 speeie
858 821 1057 902 praesentium
1080 821 1283 900 operationum

150 927 330 1003 continetur,
366 944 456 989 nosse
489 923 630 989 festinat:
665 943 702 988 ee
736 924 819 988 enim
855 924 922 1007 quis
956 944 1085 990 necesse
1119 932 1167 990 est
1190 922 1284 990 doceri

150 1028 291 1110 postulet,
315 1048 383 1112 quae
406 1029 541 1112 ignorat.

195 1133 243 1198 16.
266 1133 376 1198 Totum
400 1140 503 1198 autem
527 1153 561 1198 se
584 1132 734 1215 propheta
756 1134 925 1198 secundum
948 1134 1134 1198 sacramenti
1156 1133 1202 1198 sui
1222 1151 1283 1197 con·

150 1238 340 1302 stitutionem
375 1238 433 1302 deo
467 1237 563 1303 dedit.
610 1235 788 1302 humiliatus
824 1243 870 1302 est
902 1236 1002 1314 ualde,
1031 1236 1203 1302 uoluntaria
1231 1236 1283 1300 oris

98 1368 122 1404 ιο
150 1342 214 1407 eius
237 1340 392 1423 placentia
415 1347 500 1406 sunt:
531 1361 613 1406 nunc
648 1342 714 1406 eius
737 1341 842 1405 anima
871 1341 901 1405 in
926 1341 976 1405 dei
998 1341 1145 1406 manibus
1168 1358 1282 1421 semper

150 1454 197 1510 est
228 1452 258 1511 et
287 1444 366 1530 legis
397 1446 447 1510 dei
485 1465 546 1510 non
580 1445 769 1510 obliuiscitur
804 1446 925 1510 dicens:
970 1445 1102 1510 anima
1137 1465 1221 1511 mea
1252 1443 1281 1508 iu

149 1549 336 1614 manibus
375 1549 455 1613 tuis
493 1568 667 1631 semper:
707 1556 744 1614 et
781 1549 913 1632 legem
951 1556 1057 1614 tuam
1094 1569 1172 1614 non
1209 1566 1280 1614 sum

150 1652 312 1718 oblitus.
359 1659 463 1728 totum,
487 1655 570 1736 quod
593 1654 677 1731 uiuit,
702 1653 759 1718 deo
784 1654 866 1718 uiuit.
911 1654 1012 1718 omnis
1036 1653 1102 1719 eius
1127 1673 1236 1719 sensus
1256 1659 1279 1715 et

150 1756 276 1837 spiritus
297 1756 329 1820 in
353 1757 410 1822 deo
434 1764 497 1835 est;
528 1756 643 1821 nullum
674 1767 796 1839 tempus
826 1757 1005 1834 admittitur,
1040 1777 1100 1841 quo
1124 1757 1278 1838 subrepere

99 1883 124 1922 ru
150 1858 230 1945 legis
253 1860 350 1941 possit
373 1859 494 1925 obliuio.
541 1861 571 1926 in
595 1861 739 1926 omnibus
755 1861 900 1941 operibus
917 1869 947 1926 et
963 1862 1201 1946 cogitationibus
1216 1862 1280 1926 deus

150 1962 310 2049 cogitatur.
356 1963 404 2030 lex
426 1964 457 2029 in
481 1966 632 2030 memoria
655 1972 711 2042 est,
735 1966 766 2029 in
790 1966 839 2031 dei
862 1966 1005 2030 manibus
1035 1985 1162 2049 semper
1191 1965 1283 2030 anima

150 2067 281 2132 uiuentis
305 2074 361 2132 est.

197 2172 243 2235 17.
269 2171 340 2249 Scit,
362 2192 454 2256 quam
479 2173 537 2237 sibi
561 2174 641 2239 istud
659 2172 732 2239 utile
755 2174 803 2253 sit,
820 2175 884 2251 scit,
901 2194 994 2257 quam
1018 2174 1059 2238 sit
1079 2173 1299 2239 necessarium

151 2276 261 2341 cotidie
284 2296 317 2342 se
341 2277 484 2342 manibus
508 2278 557 2343 dei
581 2279 680 2362 gestis
703 2285 795 2361 etque
818 2279 961 2359 operibus
986 2277 1050 2343 suis
1075 2285 1105 2342 et
1127 2298 1184 2360 per
1207 2275 1307 2342 iude·

98 2403 124 2441 ao
151 2380 268 2445 fessam
305 2381 486 2445 memoriam
527 2381 606 2465 legis
643 2381 788 2446 inserere.
849 2382 891 2445 ait
932 2380 1031 2446 enim:
1070 2368 1318 2462 posuerunl

150 2483 336 2567 laqueum
371 2485 483 2550 mihi:
522 2494 560 2549 et
593 2487 639 2551 de
677 2486 882 2551 mandatis
918 2485 998 2550 tuis
1035 2505 1111 2550 non
1150 2466 1325 2552 erraul·

150 2589 209 2653 soit
230 2588 262 2652 in
285 2588 344 2652 hae
367 2587 471 2653 saeculi
494 2588 572 2654 silua
593 2589 696 2670 plures
719 2589 847 2673 laqueos
869 2589 1000 2667 extendi,
1023 2589 1126 2671 plures
1142 2590 1214 2655 uitae
1229 2584 1325 2653 ⁸1:1²

150 2695 307 2772 captiones
330 2692 439 2773 parari.
485 2712 596 2771 sermo,
620 2694 772 2777 cogitatio,
800 2713 875 2777 opus
899 2701 1038 2759 nostrum
1061 2713 1187 2774 semper
1209 2694 1273 2758 ad
1285 2679 1325 2740 ³⁹

150 2802 255 2861 centes
277 2795 394 2862 hebent
413 2796 550 2881 laqueos,
574 2817 646 2863 cum
662 2799 817 2862 interdurn
834 2798 966 2863 occurrit
981 2817 1075 2863 eausa
1088 2797 1152 2875 ire,
1176 2795 1265 2862 dolo·
1293 2797 1325 2844 Ἴ

96 2923 122 2961 as
150 2900 293 2978 adlectio,
328 2900 472 2985 querella
502 2903 680 2979 necessitas,
715 2902 805 2966 melae
837 2902 1012 2983 cupiditatis
1046 2902 1177 2967 occasio.
1223 2900 1325 2964 lull

152 3005 289 3070 diabolus
312 3005 480 3090 angelique
505 3006 578 3083 eius,
602 3008 640 3072 ab
663 3006 748 3071 initio
772 3015 1020 3090 transgressores
1043 3013 1075 3071 et
1104 3007 1143 3070 nb
1167 2985 1325 3071 exordl

151 3116 336 3189 peccatores,
370 3109 497 3194 laqueos
528 3131 651 3192 semper
682 3113 858 3176 extendunt.
904 3111 960 3176 sed
984 3110 1068 3175 cuius
1090 3110 1124 3174 in
1147 3095 1325 3175 manifl]

195 3270 447 3338 ldepraeoationis
472 3272 518 3323 Vll
570 3271 727 3325 uoluntario
760 3271 794 3324 V¹
848 3277 879 3324 ut
903 3289 950 3325 ont.
979 3272 1004 3324 Ii
1057 3270 1152 3340 3agit
1178 3290 1208 3325 au
1233 3269 1325 3323 §l

151 3357 225 3410 enim
245 3376 277 3410 m.
295 3355 316 3409 2
337 3357 361 3410 V
376 3358 415 3410 eit
435 3359 458 3410 t'
507 3357 646 3410 5illutV
696 3357 809 3411 limosae
828 3357 917 3411 om.V
967 3357 1166 3426 7postulatV
1214 3359 1230 3411 9
1320 3355 1325 3388 ‘

152 3447 211 3498 eald.
230 3443 350 3498 rru.2V
400 3445 574 3498 uoluntariae
599 3445 623 3498 V
674 3449 708 3500 10
725 3445 846 3514 placenti
864 3444 976 3499 suntV
1025 3451 1093 3498 tuno
1112 3445 1235 3516 eiuspt
1277 3440 1325 3477 ‘¹¹¹

151 3524 198 3583 eni
227 3532 249 3584 Ο
300 3533 333 3586 13
351 3531 439 3584 omnia
467 3524 513 3584 eni
543 3533 565 3584 C
625 3535 658 3586 14
676 3532 789 3600 spiritua
816 3532 851 3586 da
878 3538 920 3585 est
952 3531 976 3584 V
1027 3534 1065 3599 qd
1093 3531 1306 3601 subreperff

152 3618 184 3669 15
203 3617 232 3670 in
250 3616 378 3671 omnibus
405 3618 461 3672 auis
489 3618 619 3687 operibus
634 3620 670 3689 pb
726 3621 757 3672 16
775 3618 867 3672 anime
893 3617 1015 3672 uiuentis
1042 3635 1152 3687 semper
1178 3626 1219 3673 eat
1275 3597 1325 3668 ⁴ll

152 3705 184 3757 18
203 3703 256 3756 soit
279 3720 339 3757 ease
366 3710 420 3772 quai
445 3722 513 3758 corr.
533 3723 565 3757 m.
585 3705 604 3756 2
628 3705 721 3758 Vsoit
740 3705 824 3758 etiam
843 3707 957 3773 quaml
1011 3704 1081 3758 istut
1098 3707 1159 3760 odd.
1178 3725 1210 3758 m.
1227 3686 1297 3756 2
1313 3682 1325 3733 l'

152 3841 204 3894 scit
222 3859 270 3895 om.
295 3843 319 3895 V
371 3847 402 3898 19
420 3844 465 3897 dei
484 3846 576 3898 om.0
625 3851 733 3915 gestum
758 3845 846 3914 adque
871 3845 980 3914 Vlegls
1004 3846 1095 3914 adque
1114 3847 1140 3899 R
1191 3849 1225 3900 20
1259 3839 1313 3901 IV

151 3933 266 3982 suerunt
284 3936 443 3997 peecatores
461 3931 590 3999 laqueum
609 3932 677 3984 mihi
692 3933 743 4002 pE
793 3936 824 3987 ‘21
845 3938 873 3986 et
895 3932 990 3985 om.V
1041 3910 1309 3986 tuiszznonll

151 4015 185 4066 22
205 4016 317 4083 laqueos
345 4017 457 4071 extendi
484 4018 577 4086 plures
605 4037 652 4071 om.
683 4018 709 4071 V
757 4021 791 4071 26
811 4018 965 4087 quaerellee
998 4019 1047 4072 VR
1074 4019 1203 4087 querelae
1227 3999 1299 4082 (ss

152 4101 288 4169 cupidatis
313 4122 333 4171 p
394 4102 462 4157 haee
487 4105 558 4157 ΓΒΕ·
585 4104 635 4157 hos
666 4106 694 4156 E
722 4122 772 4159 nos
798 4125 820 4176 p
884 4109 917 4160 26
936 4106 1180 4175 transgressioreat
1205 4106 1238 4159 ab
1269 4088 1292 4146 V

150 4190 184 4240 27
203 4188 315 4256 laqueos
335 4190 459 4243 extendit
478 4207 586 4259 semper
605 4192 758 4245 extendunt
783 4193 808 4246 V
857 4193 905 4246 sed
923 4210 972 4246 our.
996 4193 1026 4247 V.
