2790 4844
152 221 215 286 526
490 221 605 273 sancti
630 220 766 273 Hilarii
790 219 952 286 episcopi

152 414 224 477 dum
250 413 391 476 bonitatis
425 411 541 474 tunnam
564 409 648 473 inani
671 420 702 474 et
725 409 822 472 otiosa
845 407 1005 473 hominum
1028 409 1172 491 opinione
1198 415 1292 474 secta·

152 537 221 580 mur
241 553 273 562 —
297 523 326 580 et
351 515 457 580 deberi
481 513 577 591 nobis,
600 520 633 577 ut
655 514 824 588 audiamur,
848 512 1069 577 existimamus,
1118 513 1175 577 sed
1199 520 1288 577 totum

150 623 249 685 adeo
272 619 422 700 propheta
457 624 569 697 sperat,
603 624 696 681 totum
733 637 769 681 ox
803 616 1014 681 misericordia
1044 617 1109 680 eius
1144 624 1287 697 expectat.

150 726 180 786 in
205 723 347 804 operibus
371 722 498 805 quidem
521 722 665 786 bonit-atis
688 722 779 785 totius
802 721 868 800 ipse
892 719 1045 800 perfectus
1065 727 1121 797 est,
1146 722 1203 785 sed
1219 722 1285 786 sat-is

111 856 123 891 n
151 847 219 892 esse
243 826 299 890 hoc
324 826 467 891 sibinen
491 832 578 906 putat
596 824 790 903 adsalutem,
814 825 872 888 nisi
890 825 1058 889 secundum
1076 825 1283 890 miserationes

151 931 199 996 dei
224 938 254 995 et
277 930 390 995 iudicia
412 928 655 995 misericordiam
680 935 893 1010 consequatur.

194 1106 223 1168 7.
248 1103 426 1186 Numquam
450 1110 553 1167 aut-em
578 1103 692 1166 otiosus
727 1110 781 1173 est,
816 1122 986 1183 numquam
1020 1121 1079 1164 non
1111 1102 1279 1167 infestantes

150 1209 397 1290 insectantesque
417 1207 547 1286 proninri
564 1213 648 1270 sunt:
672 1205 734 1269 uita
751 1206 815 1269 eius
832 1207 930 1269 omnis
947 1207 1115 1270 secundum
1132 1208 1277 1287 scriptura

150 1311 245 1377 fidem
269 1313 300 1376 in
324 1312 444 1377 insidiis
468 1313 532 1375 suit.
579 1311 634 1376 sed
658 1311 842 1393 utquisque
874 1330 954 1376 nune
985 1310 1108 1390 placere
1139 1313 1196 1376 deo
1217 1308 1274 1375 uuit.

99 1446 123 1482 ιο
151 1417 312 1498 displiceat
334 1416 437 1496 impiis
462 1435 590 1481 necesse
614 1424 669 1480 est..
715 1423 744 1480 et
767 1416 835 1479 ideo
855 1417 911 1479 ait:
935 1416 1273 1496 adpropiauerunt

150 1529 450 1603 persequentes
484 1539 541 1584 me
574 1519 723 1602 iniqui;
748 1518 879 1602 alege
910 1528 1042 1584 autem
1074 1528 1140 1584 tua
1169 1519 1271 1601 Ionpe

150 1625 165 1687 f
170 1626 250 1689 acti
281 1632 381 1688 sunt.
426 1623 494 1688 hac
519 1625 646 1706 quidem
671 1625 709 1688 de
732 1644 774 1698 se,
799 1626 886 1689 cuius
909 1624 1054 1688 infestata
1078 1623 1134 1688 tuit
1153 1623 1269 1703 undique

149 1729 221 1805 uita,
246 1729 358 1793 dixisse
382 1728 524 1793 creditur.
570 1728 624 1792 sed
641 1729 694 1810 qui
717 1729 747 1791 in
772 1728 891 1807 psalmo
908 1727 967 1793 hoc
984 1728 1128 1793 humanm
1144 1726 1267 1792 doctrina

150 1832 289 1896 ordinem
323 1838 413 1909 tenet,
444 1831 484 1894 ad
515 1832 718 1897 eruditionem
748 1841 887 1896 nostram
917 1832 1020 1896 omnia
1044 1833 1224 1913 temperauit.
1241 1832 1265 1888 ut

99 1964 123 1999 ιο
150 1955 408 2018 cognosceremus
431 1956 492 2014 eoa,
527 1936 579 2019 qui
603 1936 733 2016 proximi
756 1936 875 2000 iniuriae
898 1935 1035 2000 fidelium
1061 1937 1175 2003 tierent.
1197 1927 1263 1998 adei

150 2039 219 2122 Iege
242 2039 334 2123 longe
358 2040 475 2105 abesse.
521 2048 637 2123 quanta
653 2040 733 2105 enim
759 2041 839 2104 titio
864 2049 987 2104 sanctos
1011 2041 1128 2105 iniuriae
1144 2034 1261 2104 occasio,

151 2149 237 2208 tanta
259 2143 293 2207 fit
316 2165 351 2208 en
376 2144 426 2208 dei
443 2143 512 2226 Iege
528 2145 676 2209 decessio.
723 2145 896 2209 cauendum
914 2151 1015 2209 aut-em
1032 2152 1088 2221 est,
1112 2135 1261 2226 nequando

149 2267 205 2312 nos
229 2249 392 2313 aduersum
406 2248 517 2313 fratres
532 2247 577 2312 ira
592 2256 793 2324 commoueat,
818 2269 856 2313 ne
872 2251 997 2331 quando
1013 2248 1131 2313 inuidia
1146 2240 1261 2312 sonno.

150 2373 187 2417 ne
211 2353 335 2435 quando
359 2351 514 2417 emulatio
542 2351 656 2428 inritet,
690 2359 724 2416 ut-
746 2351 862 2434 aliquid
886 2354 917 2416 in
941 2372 992 2417 eos
1016 2351 1216 2436 inreligiosum
1233 2357 1259 2404 8⁰

97 2480 123 2520 m
150 2455 345 2521 fastidiosum
376 2475 514 2537 agamus,
546 2475 676 2538 quorum
707 2456 826 2519 iniuriae
857 2477 925 2521 cum
957 2457 1144 2530 adsistImus
1173 2461 1259 2519 tuna

150 2561 199 2625 dei
223 2561 292 2644 lege
316 2561 501 2625 desistimus
1320 2628 1323 2683 i

193 2733 222 2798 8.
247 2732 533 2815 Detrincsequitur:
558 2753 680 2815 prope
704 2754 753 2810 es,
778 2734 946 2800 domine.
970 2748 1007 2797 et
1030 2735 1160 2797 omnia
1182 2737 1258 2793 mon·
1321 2736 1323 2803 ἵ

149 2838 242 2901 data
265 2849 330 2901 tua
352 2837 509 2901 ueritas
534 2844 602 2900 est.
647 2835 705 2900 alio
728 2838 758 2901 in
775 2836 1007 2919 loeolegimus:
1032 2837 1127 2901 deus
1149 2835 1258 2908 adeO·

148 2942 265 3021 pians
289 2961 362 3025 ego
386 2961 467 3005 sum
493 2949 529 3006 et
553 2960 626 3005 nou
651 2942 747 3005 deus
771 2963 789 3005 a
812 2940 941 3024 longe,
968 2940 1069 3006 dicit
1093 2939 1257 3005 dominus·

96 3066 122 3103 ss
148 3064 209 3107 non
233 3044 441 3125 corporalibus
465 3044 540 3109 locis
564 3047 637 3109 deus
662 3045 843 3120 continetur,
868 3065 968 3128 neque
984 3043 1099 3109 finibus
1115 3051 1165 3109 aut
1178 3027 1258 3119 spatiis

149 3149 259 3212 diuinae
293 3150 414 3213 uirtutis
447 3149 630 3213 inmensitas
665 3135 827 3214 coartatur.
875 3149 962 3213 adest
994 3149 1118 3232 ubique.
1148 3141 1258 3212 (1110118

190 3376 224 3427 23
243 3374 364 3428 Hierem.
383 3375 482 3441 XXIII,
502 3377 542 3428 93.

194 3588 347 3641 lbonitate
372 3588 452 3641 famis
476 3588 500 3640 I'
550 3587 637 3640 otiosa
661 3587 734 3640 sama
761 3592 900 3642 sectamur
925 3588 949 3640 V
997 3591 1108 3643 Itotus
1127 3611 1144 3659 p
1194 3589 1262 3640 pnou

147 3691 197 3725 om.
226 3676 248 3726 (J
298 3676 500 3728 8insect-antes
530 3674 552 3726 0
576 3681 605 3726 et
632 3675 799 3728 insectantes
824 3695 843 3744 p
908 3679 1025 3727 sunt-
1045 3673 1230 3728 fidemiuora
1250 3657 1266 3714 Γ

147 3763 163 3813 9
182 3764 209 3812 et
229 3778 276 3812 orn.
293 3781 312 3830 p
365 3762 481 3828 quisque
505 3761 530 3812 V
546 3761 640 3830 quisq3
661 3764 717 3831 θρα
737 3763 816 3829 quisq
835 3763 860 3814 R
879 3760 1002 3829 quisquis
1022 3780 1034 3810 a
1051 3761 1086 3829 cf.
1106 3763 1186 3814 Acad.
1202 3779 1224 3831 p.
1240 3746 1267 3807 99

150 3849 181 3900 10
200 3846 382 3917 etidciroopt
436 3848 813 3916 adpropiauerunt-iniqui
832 3867 879 3901 om.
899 3850 924 3901 R
976 3837 1273 3917 apmpiuquauemutt

149 3935 178 3984 11
200 3932 288 4000 iniqui
304 3934 367 4002 I'qf.
379 3936 498 3987 Sadntier
518 3934 554 3996 ΙΙ,
574 3932 628 3986 217
647 3938 707 3987 udo.
727 3935 874 4003 iniquitate
886 3936 1057 4003 t'iniquitati
1075 3935 1125 4006 pE
1179 3938 1209 3989 13
1225 3950 1276 3989 ere·

148 4018 229 4070 detur
244 4020 268 4071 V
274 4021 343 4086 sort.
362 4031 426 4072 nacte
479 4021 508 4072 in
526 4021 614 4074 om.V
666 4024 697 4073 Io
716 4039 732 4074 a
749 4015 779 4074 di
799 4023 880 4090 longe
902 4022 984 4089 longe
1009 4023 1033 4077 V
1085 4026 1118 4077 16
1137 4021 1167 4076 in
1186 4022 1281 4078 sauctIa

149 4106 187 4157 ae
242 4109 273 4159 18
291 4105 422 4158 aduersus
443 4106 480 4175 ts'p
536 4111 567 4160 19
586 4112 633 4159 aut
660 4108 832 4161 fastidiosum
853 4108 906 4178 Cpb
959 4111 992 4162 23
1011 4114 1053 4162 est
1078 4127 1127 4162 orn.
1149 4111 1177 4162 E
1192 4115 1238 4165 scd
1253 4114 1283 4180 cj.

144 4209 173 4260 p.
188 4190 254 4256 598,
270 4192 303 4244 Iri
357 4192 386 4243 in
405 4209 453 4244 om
478 4194 503 4245 V
552 4196 587 4246 24
605 4194 639 4247 de
658 4196 739 4262 longe
760 4196 809 4247 t'E
825 4196 907 4263 longe
927 4196 970 4265 Rp
1022 4198 1057 4249 26
1075 4203 1243 4262 quoartatur
1261 4201 1288 4256 t'.
