2790 4844
428 281 605 330 tractatus
624 275 660 328 in
678 277 847 344 psalmum
870 276 940 330 LVI.
1192 277 1253 340 173

110 486 239 531 meam.
286 464 766 531 foderuntanteiaciem
801 485 923 530 meam
959 467 1114 532 foueam
1139 468 1253 534 etin·

112 571 301 636 ciderunt
322 570 361 634 in
392 590 483 635 eam.
528 589 583 650 per
606 570 816 651 conpassionis
839 570 935 635 fldem
959 571 1049 635 etiam
1074 591 1107 636 ee
1131 572 1251 652 ipsein

114 676 234 740 domino
258 673 410 756 propheta
432 674 574 755 patiente,
599 679 758 757 tamqnam
794 684 825 739 et
859 674 925 754 ipse
960 675 999 739 sit
1031 695 1149 757 passus,
1183 674 1252 741 hac

115 781 252 863 queritur.
299 779 409 845 sedin
432 798 494 860 eos,
517 778 569 863 qui
593 778 762 843 maiestatis
796 779 953 843 dominum
989 779 1142 860 persecuti
1174 787 1253 854 sunt,

117 903 177 948 cum
200 884 232 948 in
256 883 378 948 teneam
401 889 603 963 preparatam
627 882 799 959 inciderint,
823 883 931 947 mortis
953 883 1048 963 ipsius
1079 888 1110 948 et
1143 903 1252 949 sensus
1293 910 1306 946 a

118 987 242 1053 refertur
265 994 295 1052 et
320 1007 419 1068 poena.

153 1095 180 1157 8.
203 1091 245 1157 Et
267 1092 341 1176 quia
363 1091 558 1171 conpatiendi
582 1098 614 1155 et
636 1090 847 1155 conmoriendi
871 1091 948 1156 fides
972 1111 1028 1156 nos
1044 1091 1196 1176 glorificet
1218 1092 1250 1155 in

122 1194 238 1274 Christo,
263 1194 347 1260 uelut
369 1196 400 1259 in
424 1196 581 1276 procinctu
604 1195 670 1279 spei
690 1195 824 1279 fideique
841 1194 930 1259 huius
947 1195 1097 1276 propheta
1111 1196 1252 1261 consistit

124 1300 229 1366 dicens:
254 1308 438 1382 paratum
461 1319 528 1364 cor
552 1319 684 1375 meum,
708 1301 1011 1382 deusparat-um
1028 1319 1251 1364 cormeum:

125 1406 280 1469 cantabo
315 1409 354 1468 et
387 1403 583 1484 psalmum
619 1404 747 1468 dicam
772 1403 858 1469 tibi.
904 1423 1084 1487 exsurge,
1119 1403 1252 1488 gloria
1281 1430 1304 1465 lo

128 1527 207 1586 naa,
245 1527 422 1592 exsurge
457 1506 700 1589 psalterium
741 1514 779 1572 ct
816 1506 985 1571 cithara.
1040 1527 1251 1591 exsurgam

128 1610 299 1689 diluculo,
323 1612 559 1677 confitebor
582 1612 656 1678 tibi
680 1612 718 1675 in
743 1610 914 1695 populis.
949 1613 1118 1690 domine,
1149 1611 1251 1694 psal-

130 1734 206 1780 uum
230 1717 360 1782 dicam
385 1717 460 1782 tibi
483 1716 520 1780 in
545 1717 750 1800 gentibus.
796 1716 954 1780 interiecto
977 1716 1147 1797 diapsalma
1170 1715 1251 1781 hunc

129 1819 261 1886 addeum
285 1820 402 1886 rettulit
430 1819 580 1901 propheta
603 1839 778 1885 sermonem
801 1819 910 1899 psalmi
934 1820 1057 1885 interim
1091 1821 1152 1885 fide
1183 1820 1249 1885 hac

131 1924 233 1997 codem,
278 1925 310 1989 in
357 1944 425 2007 quae
470 1944 522 1989 cor
566 1924 631 1989 eins
676 1930 815 2005 paratum
860 1930 923 2001 est,
969 1925 1172 1990 concinendo:
1221 1932 1252 1989 et
1278 1948 1303 1984 aa

131 2027 203 2092 uini
236 2030 282 2094 sui
318 2036 347 2094 et
380 2027 518 2109 corporis
552 2029 664 2113 gaudia
698 2028 755 2092 sub
790 2027 1015 2112 significatione
1050 2027 1185 2108 psalterii
1221 2035 1252 2093 et

131 2128 233 2196 citharae
256 2132 437 2196 adhortatus
460 2152 529 2196 sese
552 2132 652 2212 ipsum
677 2132 706 2195 iu
731 2152 775 2199 eo.
799 2133 881 2215 quod
904 2141 1006 2196 cantet
1036 2130 1250 2213 psalmumque

132 2232 202 2311 dicat,
224 2235 369 2301 ostendit.
413 2237 456 2299 ait
472 2224 570 2301 enim:
594 2255 775 2320 exsurge,
798 2234 929 2319 gloria
954 2255 1044 2313 mea,
1067 2255 1250 2319 exsurge,

132 2338 350 2413 psalterium
375 2347 413 2402 et
435 2339 612 2404 cithara:
637 2359 851 2423 exsurgam
875 2338 1067 2416 diluculo,
1099 2340 1250 2418 seipsum

130 2441 224 2510 scilicet
245 2444 368 2509 ostendi
390 2445 420 2508 in
444 2442 588 2524 psalterio
611 2443 791 2527 citharaque
808 2443 978 2520 declarans,
1002 2446 1125 2509 eumad
1142 2463 1247 2508 exsur·
1278 2466 1302 2503 ec

128 2549 244 2627 gendum
266 2548 385 2614 cithara
409 2549 615 2631 psalterioque
639 2548 835 2614 commonitis
858 2549 924 2629 ipse
948 2549 1055 2629 potius,
1079 2548 1131 2632 qui
1153 2549 1184 2612 in
1202 2547 1250 2611 his

124 2649 308 2734 significetur,
350 2661 502 2738 exsurgat.
549 2672 717 2738 exsurgens
747 2664 850 2718 autem
885 2652 1015 2718 diluculo
1049 2673 1119 2718 eum
1152 2652 1268 2737 gloria

122 2772 168 2819 sna
197 2758 262 2839 spei
297 2756 483 2841 euangelicae
518 2756 650 2842 glorium
687 2763 799 2832 cantat,
833 2764 1022 2841 congmeute
1062 2756 1183 2822 diluculi
1218 2767 1248 2820 et

117 2862 253 2927 orationis
283 2870 423 2943 tempore
446 2867 477 2927 et
498 2861 614 2927 salutis.
661 2882 732 2925 nam
767 2862 798 2926 id
829 2862 981 2945 sequitur:
1017 2862 1250 2926 confitebor

115 2965 184 3029 tibi
210 2967 246 3031 in
269 2964 442 3048 populis,
466 2966 633 3044 domine,
657 2965 854 3049 psalmum
877 2967 1006 3031 dicum
1031 2966 1105 3030 tibi
1141 2967 1250 3032 inter
1277 2984 1303 3022 u

109 3079 262 3153 gentes.
306 3069 483 3136 laudatums
505 3070 536 3135 in
560 3069 679 3151 populis
703 3085 733 3135 et
766 3070 966 3155 ingentibus
997 3073 1087 3135 deum
1124 3090 1250 3136 necesse

106 3184 156 3240 eet
178 3183 210 3239 ut
232 3177 262 3239 in
281 3178 323 3240 'eo
348 3174 478 3239 salutem
508 3175 645 3259 gentium
678 3173 794 3240 laudet:
830 3175 902 3258 quia
935 3177 997 3240 iam
1033 3195 1091 3239 non
1127 3176 1156 3239 in
1191 3195 1250 3239 uuo

106 3277 229 3345 Israhel
253 3278 420 3345 funiculum
443 3277 624 3344 hereditatis
659 3287 790 3344 artatum
813 3280 860 3355 sit,
895 3299 994 3363 neque
1016 3277 1109 3344 Iacob
1143 3280 1249 3360 portio,

99 3384 161 3449 sed
188 3390 277 3448 terreo
300 3383 458 3464 planitudo
480 3383 541 3447 iam
558 3384 607 3448 dei
624 3383 679 3461 sit;
702 3403 803 3466 neque
819 3383 914 3448 simus
929 3384 990 3448 iam
1007 3383 1109 3468 imago
1125 3385 1247 3456 terreni,

99 3489 161 3554 sed
187 3487 289 3571 imago
312 3486 451 3553 celestis.
1276 3503 1301 3540 ω

146 3736 166 3784 4
187 3731 331 3797 quaeritur
348 3731 434 3785 RPat
487 3732 571 3783 'Inoa
594 3729 786 3799 conglorifioat
805 3733 829 3783 'l'
882 3732 911 3784 in
930 3737 984 3799 xpo
1008 3733 1041 3797 R,
1066 3731 1169 3785 christo
1188 3732 1250 3784 tyre

93 3824 118 3874 8
138 3818 198 3872 rin
216 3819 360 3884 procinctu
387 3819 413 3871 R
468 3819 500 3870 12
518 3816 669 3871 confitebor
688 3816 749 3871 ml
768 3824 796 3871 et
818 3817 970 3872 confitebor
991 3816 1082 3870 P'TE
1133 3818 1249 3886 psallam

95 3906 156 3961 ribi
178 3904 205 3957 Β
260 3905 291 3958 lo
308 3903 523 3973 diapsalmatee
574 3921 648 3958 nunc
675 3905 710 3957 ad
728 3904 855 3958 deumll
912 3907 944 3959 lt
961 3916 1021 3959 once
1038 3910 1080 3959 eet
1098 3923 1164 3958 eros.
1183 3905 1250 3958 till

99 3995 136 4048 17
156 3992 377 4059 aefflipaum
397 3992 422 4044 lt
476 3993 510 4046 18
532 4003 590 4060 poet
617 3991 724 4045 ostendi
749 3994 848 4061 aliquid
874 3990 942 4057 (dcl)
960 4010 1027 4045 crea
1047 3994 1072 4045 lt
1096 3990 1249 4045 ostendite

96 4084 136 4135 *28
156 4084 331 4146 congruente
343 4077 467 4132 diluculo
484 4079 508 4130 T
559 4080 594 4133 24
611 4078 764 4132 confitebor
776 4078 845 4142 Res.
863 4097 946 4151 cupra
963 4084 992 4132 et
1009 4078 1162 4132 confitebor
1174 4078 1252 4130 111'12'

95 4170 136 4223 m
177 4162 302 4218 funiculu
329 4164 493 4219 hereditatis
520 4163 613 4220 artat'u
641 4166 678 4219 sit
707 4166 732 4218 R
758 4165 791 4229 cs.
824 4166 887 4220 Aba.
916 4166 966 4229 IV,
993 4166 1029 4220 91
1055 4165 1194 4220 funiculus
1222 4166 1247 4218 h.

98 4262 215 4311 »tutus
234 4251 271 4304 ait
290 4252 368 4304 PTE
417 4253 452 4305 29
469 4255 590 4308 terraeni
609 4272 639 4308 ec
657 4257 802 4306 terraenae
821 4254 852 4306 R.
