2790 4844
328 298 509 347 tractatus
529 294 563 346 in
581 295 751 362 psalmum
773 295 943 348 CXXXVIII.
1148 295 1211 360 755

66 484 316 567 cognouisti‚
352 492 382 548 et
406 490 518 557 cetera,
543 503 612 566 quae
634 484 761 569 propria
783 491 855 549 sunt
870 485 936 549 eius
952 485 1098 559 hominis,
1115 506 1210 569 quem

65 589 250 668 adsumpsit
295 589 423 671 antiqua
445 595 524 665 sunt,
549 608 616 671 qua
639 590 767 653 modum
791 609 854 652 non
877 588 1001 665 habent,
1031 609 1100 671 quae
1122 589 1210 654 inde

64 692 146 756 finiti
180 693 330 772 temporis
359 692 537 775 significant
566 696 764 756 uetustatem.
809 693 846 756 in
883 693 1089 773 prinoipio
1124 704 1211 758 erat

66 796 243 872 uerbum,
267 805 305 861 et
328 797 460 861 omnia
482 818 552 877 per
576 817 661 861 eum
684 797 796 862 faeta
818 803 919 862 sunt.

114 901 162 964 15.
187 900 310 965 Dehine
333 906 367 964 ut
389 901 560 965 nouissima
575 902 652 965 deus
672 908 703 965 et
726 902 855 984 antiqua
871 902 1024 984 cognouit,
1047 901 1091 966 ita
1113 901 1144 966 in
1161 921 1208 976 eo,
1250 930 1262 964 1

64 1007 152 1088 qnod
175 1005 328 1088 sequitur:
359 1012 399 1069 tu
430 1005 621 1070 formasti
644 1026 701 1069 rue
732 1013 770 1070 et
799 1007 977 1095 posuisti
1008 1026 1129 1088 super
1151 1025 1210 1071 me

66 1129 226 1173 manum
250 1116 362 1183 tuam,
385 1116 551 1192 atrumque
574 1109 745 1192 signifieat:
777 1115 818 1188 ut,
843 1113 925 1193 quod
954 1110 1107 1186 formauit,
1131 1110 1210 1173 anti·

65 1232 164 1296 quum
195 1215 244 1288 sit,
275 1216 357 1297 quod
387 1214 583 1294 superposuit
618 1233 755 1291 menum,
788 1215 996 1278 nouissimum
1032 1214 1081 1278 sit.
1127 1216 1209 1296 quod

63 1317 151 1382 enim
175 1320 345 1383 seeundum
362 1325 505 1383 naturam
521 1318 691 1382 diuinitatis
707 1318 861 1383 formatus
876 1319 923 1394 sit,
947 1316 1103 1398 apostolus
1120 1318 1209 1382 docet

65 1422 190 1485 dioeus:
216 1422 281 1504 qui
304 1442 388 1486 oum
412 1423 450 1486 in
476 1422 603 1486 forma
626 1422 690 1486 dei
714 1428 841 1499 esset;
866 1424 947 1505 quod
964 1421 1210 1486 eniminforma
1238 1454 1262 1488 ιο

65 1533 124 1599 est,
149 1526 300 1590 formatur
321 1527 353 1589 in
377 1525 512 1589 formam
536 1527 716 1609 etquidem
740 1537 876 1607 paternae
903 1532 1021 1590 nature
1044 1531 1075 1590 et
1098 1525 1209 1591 diuini·

66 1630 142 1693 tatis
158 1630 300 1694 formam.
346 1636 377 1694 et
392 1631 505 1707 nescio,
528 1650 576 1705 an,
601 1633 682 1712 opuod
703 1630 854 1695 formatus
877 1631 910 1694 in
933 1630 1034 1694 forma
1056 1630 1138 1695 serui
1154 1635 1210 1700 est.

66 1733 178 1798 referri
201 1735 301 1814 possit
322 1735 362 1797 ad
386 1740 516 1815 patrem,
537 1741 571 1798 ut
595 1734 746 1799 formatus
769 1735 807 1799 ab
831 1736 899 1818 ipso
923 1735 978 1798 eit:
1003 1735 1210 1815 sapientia

67 1838 175 1902 enim
199 1839 288 1918 ipsa
310 1838 390 1902 sibi
413 1838 644 1903 eedifioauit
666 1840 830 1903 domum.
876 1841 932 1903 sed
955 1838 1028 1904 hino
1049 1859 1108 1903 neo
1132 1843 1208 1904 tem·

65 1942 155 2026 poris
184 1962 243 2006 neo
273 1943 452 2024 quaestionis
483 1948 530 2007 est
559 1943 693 2024 amplius
716 1942 809 2027 loqui.
854 1946 936 2026 quod
960 1949 1064 2008 autem
1086 1943 1210 2023 proprie
1239 1971 1263 2007 11

67 2047 107 2110 ad
125 2066 305 2126 corpoream
323 2047 516 2112 natiuitatem
528 2047 638 2112 referri
651 2059 805 2128 oporteat:
830 2054 868 2113 et
890 2048 1067 2129 posuisti
1091 2068 1211 2127 super

67 2170 126 2214 me
149 2170 305 2214 manum
340 2157 456 2227 tuam,
478 2152 522 2215 ita
544 2154 694 2216 doeemur
716 2172 754 2216 or
776 2172 910 2232 persona
932 2152 1045 2232 patris:
1070 2151 1209 2215 inueni

68 2253 199 2318 Dauid
224 2273 382 2318 seruum
406 2275 541 2332 meum,
565 2255 603 2318 in
628 2254 716 2319 oleo
741 2268 881 2320 saneto
899 2256 1092 2320 moounri
1116 2275 1210 2319 eum.

69 2378 210 2423 manus
245 2358 350 2422 enirn
384 2379 470 2424 mea
507 2358 781 2424 auxiliabitur
819 2359 884 2423 illi
922 2365 960 2424 et
998 2359 1208 2423 brachium

68 2481 196 2526 meum
221 2463 481 2528 confortabit
504 2484 600 2528 eum.
645 2463 749 2528 nihil
780 2465 982 2545 proficiet
1014 2464 1208 2528 inimicus
1237 2489 1262 2526 20

69 2565 107 2629 in
127 2586 180 2642 eo,
197 2574 235 2630 et
257 2566 376 2631 filius
399 2567 642 2651 iniquitatis
665 2589 740 2632 non
764 2569 920 2634 adiciet
942 2588 1091 2633 nocere
1115 2588 1210 2632 eum.

71 2675 101 2732 et
123 2689 184 2734 non
209 2679 256 2735 est
279 2671 469 2755 ambiguum,
504 2692 631 2736 omnem
665 2671 748 2737 huno
781 2671 936 2752 psalmum
970 2673 1010 2737 ad
1044 2692 1208 2752 personam

72 2773 187 2837 domini
221 2794 291 2839 esse
323 2776 538 2841 referendum:
574 2777 646 2859 quia
676 2797 712 2841 ea
743 2778 848 2841 omnia
878 2777 909 2840 in
934 2797 970 2841 eo
992 2777 1062 2852 sint,
1086 2796 1155 2858 quae
1179 2784 1210 2840 et

78 2876 227 2942 diuinitati
260 2879 356 2959 ipsius
390 2880 515 2960 propria
549 2882 610 2945 sint
640 2888 671 2945 et
694 2902 712 2945 a
734 2889 850 2945 naturae
885 2887 997 2946 nostrie
1028 2880 1209 2945 infirmitate

73 2978 260 3046 dissentiant.
1236 3008 1262 3044 es

118 3083 162 3149 16,
184 3085 226 3149 Et
248 3087 322 3169 quia
344 3094 475 3172 utroque
498 3089 530 3151 in
561 3097 709 3169 ternpore,
745 3090 776 3153 id
812 3099 859 3155 est
889 3090 1059 3154 nouissimo
1082 3095 1113 3153 et
1132 3089 1209 3152 anti-

78 3203 141 3265 quo,
162 3189 211 3254 uel
234 3190 301 3271 ipse
324 3192 520 3271 praedioando
543 3192 594 3258 uel
609 3194 640 3257 in
656 3194 802 3274 apostolis
819 3203 850 3259 et
867 3194 1029 3279 prophetis
1052 3192 1209 3276 loquendo

84 3293 284 3372 cognitionem
309 3316 346 3360 ex
369 3317 403 3360 se
426 3296 476 3361 dei
493 3297 668 3362 mirabilem
684 3298 765 3372 fecit,
790 3299 846 3363 ait:
870 3297 1078 3363 mirabilis
1101 3297 1211 3362 faeta

81 3405 134 3456 est
153 3398 332 3464 seientia
355 3407 420 3464 tua
443 3421 488 3465 ax
511 3422 577 3467 me.
624 3403 679 3466 sod
703 3401 855 3467 mirabilis
871 3400 1052 3485 quomodo?
1097 3421 1209 3482 nempe

117 3544 311 3615 bloh.I‚lsq.
349 3548 540 3616 lOPhil.II‚6.
578 3550 700 3603 13Prov.
714 3550 759 3616 IX,
773 3554 797 3604 l.
835 3550 1154 3616 17Ps.LxrfflV111,ar
1169 3567 1209 3617 sq.

118 3656 204 3712 leius
230 3677 302 3729 supr.
328 3677 378 3713 scr.
405 3679 437 3714 m.
457 3661 473 3713 1
493 3662 518 3714 R
570 3663 655 3729 4per
679 3680 742 3716 eum
761 3663 814 3715 ΒΡ
835 3679 885 3731 per
912 3663 1002 3731 ipsum
1022 3664 1050 3714 E
1100 3664 1209 3730 bquod

78 3744 156 3796 ‘MR
207 3748 238 3799 11
258 3744 393 3800 formatur
411 3747 440 3799 in
458 3747 762 3802 formamRsormatur
779 3750 808 3802 in
826 3750 916 3802 forma
928 3750 954 3801 P
1004 3755 1032 3802 et
1051 3750 1210 3818 quidem-

77 3813 186 3884 s⁰rrna1n
203 3851 252 3884 om.
270 3833 296 3885 R
314 3837 343 3886 et
360 3833 386 3886 ei
403 3838 536 3902 paternae
560 3841 675 3888 naturae
693 3841 722 3888 et
739 3836 894 3889 diuinitatis
913 3837 939 3888 Ρ
991 3839 1023 3889 12
1041 3836 1158 3889 sormam
1177 3865 1209 3872 -

75 3915 145 3968 'erui
161 3936 208 3972 om.
226 3919 253 3972 Ρ
268 3920 396 3989 cs.Acod.
411 3940 439 3991 p.
452 3920 556 3990 32sqq.
611 3925 644 3976 13
662 3922 760 3975 referri
771 3923 796 3975 Ii
815 3929 845 3976 ut
863 3923 962 3976 referri
972 3923 998 3975 Ρ
1048 3924 1083 3976 ad
1101 3929 1209 3991 patrem

73 3984 131 4050 R&
149 4011 225 4073 patre
243 4007 270 4060 Ρ
320 4012 353 4060 ut
377 4008 512 4061 formatus
531 4009 557 4061 a
584 4014 611 4062 et
638 4009 773 4063 formatus
792 4011 818 4061 P
842 4012 925 4062 locam
952 4013 978 4062 ia
997 4010 1049 4063 ΕΡ
1073 4013 1139 4063 noris
1157 4013 1210 4064 illis

70 4072 271 4146 “ber-tationem
297 4094 441 4162 consuram,
465 4098 511 4148 sed
519 4096 605 4163 focile
631 4114 661 4148 ea
688 4114 774 4148 eoram
805 4099 916 4164 uestipiia
940 4099 1122 4150 restituendum
1149 4100 1210 4151 bene

67 4170 251 4249 ‘Quaestum
270 4181 298 4233 E
351 4184 383 4235 14
400 4198 452 4235 nee
479 4187 588 4250 tempus
607 4187 621 4235 e
640 4200 691 4236 neo
716 4185 889 4251 quaestiones
908 4184 935 4236 Ρ
986 4187 1019 4238 15
1036 4186 1165 4254 propriae
1184 4187 1210 4238 R

67 4240 96 4295 ¹⁹
117 4257 163 4317 ius
180 4267 233 4321 ar>
248 4267 274 4321 er
294 4268 322 4320 a
372 4271 403 4322 ar
425 4269 453 4321 in
473 4275 507 4322 ea
525 4287 555 4322 ee
572 4270 601 4323 in
619 4287 651 4322 00
670 4289 702 4322 m.
715 4272 735 4322 a
747 4271 774 4323 a
826 4273 860 4324 as
877 4271 917 4324 ait
935 4272 1008 4325 enim
1028 4272 1164 4326 miraeus
1177 4273 1208 4325 a.
