2790 4844
151 242 215 308 846
497 243 614 297 sancti
633 242 767 295 Hilarii
785 241 948 309 episcopi

152 439 215 498 tam
239 434 332 511 uocis,
355 441 390 497 ut
412 433 589 516 frequenter
620 432 762 508 diximus,
797 450 890 513 quam
926 451 1087 511 corporeae
1118 432 1294 510 operationis

152 537 289 602 officium
312 538 480 622 significari
515 537 601 602 solet.
647 537 804 600 domiuum
837 535 921 599 enim
956 556 1018 599 non
1056 548 1121 598 tam
1163 557 1294 600 sermone

152 661 247 724 quam
271 663 304 707 re
328 649 359 706 et
381 642 478 725 gestis
502 641 696 722 oboedientiae
723 640 902 704 laudamus:
935 646 966 703 ut
996 659 1088 704 mare
1111 647 1143 704 et
1170 649 1294 704 terraer

152 745 263 810 caelum
286 746 377 810 deum
401 766 463 810 non
488 753 552 810 tam
574 765 648 810 uoce
679 764 773 827 quam
796 742 970 808 officiorum
993 763 1123 808 suorum
1149 744 1293 809 uicissitu-

15 887 17 892 ι
113 849 225 914 adine
249 856 341 933 atque
375 851 590 916 obseruatione
612 849 748 913 laudaut.
794 850 927 912 aduocat
948 848 1044 930 igitur
1068 868 1126 912 nos
1152 848 1293 928 propheta

152 953 190 1017 ad
214 953 413 1026 deilaudem
437 954 530 1037 qnia
554 955 676 1017 honus
699 950 880 1033 psalmus
903 960 973 1028 est,
997 957 1028 1017 et
1048 959 1146 1032 optat,
1163 952 1293 1016 uthnins

152 1057 224 1123 boni
249 1057 359 1138 psalmi
390 1060 462 1123 deo
494 1062 631 1121 nostro
662 1056 739 1120 siat
762 1057 937 1120 iucunda
959 1055 1160 1133 laudatio,
1185 1055 1291 1120 scilieet

150 1169 184 1226 ut
206 1160 359 1241 placentia
390 1162 446 1227 deo
477 1182 568 1241 opera
592 1166 697 1225 nostra
719 1161 789 1236 sint,
813 1180 868 1241 per
891 1180 960 1243 quae
984 1181 1001 1223 a
1026 1160 1118 1224 nobis
1142 1174 1291 1244 gestorum

151 1273 327 1330 nostrorum
352 1265 491 1331 laudatur
514 1265 669 1348 obsequio.
832 1255 835 1261 ’

100 1394 125 1432 ιο
196 1370 495 1434 3.Aedificans
534 1369 791 1435 Hierusalem
831 1369 1019 1433 dominus
1059 1375 1099 1432 et
1145 1369 1292 1448 disper·

152 1473 289 1538 siones
324 1472 487 1538 Israhel
521 1493 790 1559 congregans.
835 1473 902 1556 qni
936 1479 1053 1536 sanat
1089 1473 1291 1536 contritos

152 1578 273 1641 corde
308 1583 346 1641 et
380 1576 528 1661 alligat
565 1577 844 1642 contritiones
882 1597 1030 1641 eorum.
1080 1595 1291 1641 numerans

153 1680 457 1745 multitudinem
493 1681 711 1746 stellarum
745 1689 783 1746 et
816 1680 1000 1745 omnibus
1035 1678 1100 1743 his
1136 1680 1291 1743 nomina

152 1805 312 1849 uocans.
360 1786 529 1850 reuersuris
553 1788 593 1851 de
616 1785 787 1869 Babylonia
816 1786 848 1848 in
872 1783 1068 1849 Hierusalem
1101 1784 1218 1849 Iudaeis
1240 1785 1291 1849 suh

100 1912 125 1948 ns
154 1888 246 1952 Dario
270 1909 344 1973 rege
379 1889 480 1954 edicto
516 1897 651 1969 potestas
686 1889 757 1953 data
791 1897 838 1954 est
869 1887 1052 1954 reuertendi.
1100 1909 1202 1972 neque
1226 1888 1291 1952 alibi

152 2002 215 2056 tum
248 2013 341 2075 quam
365 1993 396 2056 iu
421 1994 509 2077 regni
543 1992 718 2076 Babylouiae
752 1993 864 2058 finibus
898 1992 1135 2058 detinebantur:
1170 2013 1209 2057 ex
1237 2013 1291 2076 qna

152 2115 227 2178 ergo
251 2097 442 2177 dispersione
464 2096 586 2162 Israhel
610 2099 839 2182 congregatur?
882 2116 995 2176 nempe
1026 2117 1070 2162 ea.
1103 2097 1141 2160 de
1171 2116 1231 2179 qna
1254 2097 1291 2159 ait

152 2201 311 2266 dominus:
347 2201 507 2265 emittet
542 2201 712 2286 angelos
747 2221 840 2265 suos
874 2222 956 2265 cum
995 2200 1091 2264 tuba
1125 2211 1163 2265 et
1199 2220 1289 2264 uoce

153 2324 296 2388 magna
320 2317 357 2369 et
380 2304 654 2389 congregabit
683 2304 838 2370 electos
861 2325 880 2368 a
903 2311 1097 2388 quattuor
1131 2304 1289 2388 angulis

100 2428 125 2466 m
151 2416 382 2474 uentorum:
418 2429 550 2493 quorum
574 2410 775 2493 congregatio
799 2415 910 2474 coetum
934 2415 1048 2473 sanata
1072 2409 1208 2472 ciuitatis
1229 2406 1288 2471 elfi-

152 2513 218 2589 ciet
242 2533 310 2597 quae
334 2513 427 2577 hodie
450 2533 505 2593 per
528 2514 593 2593 spei
616 2520 646 2577 et
670 2512 743 2578 fidei
774 2533 850 2594 opus
872 2511 1044 2577 edificatur
1066 2513 1098 2575 in
1121 2513 1219 2576 nobis.
1262 2528 1287 2573 et

37 2691 40 2695 ⁸
151 2617 267 2681 ideirco
291 2618 425 2681 anterior
448 2616 610 2681 aedfficatio
634 2618 873 2701 congregatione
889 2626 943 2683 est.
968 2617 1041 2699 quia
1056 2636 1114 2680 uos
1131 2618 1170 2680 ad
1187 2616 1285 2679 futura

151 2720 282 2785 ciuitatis
306 2721 580 2805 congregationem
603 2721 653 2785 dei
676 2721 886 2785 misericordia
908 2741 963 2801 per
985 2720 1122 2804 gratiam
1148 2718 1284 2783 iustifica-

151 2825 244 2889 tionis
268 2824 408 2889 adificet.
453 2831 591 2890 ceterum
614 2825 640 2888 si
664 2826 702 2889 de
726 2833 849 2890 terrena
871 2823 1073 2889 aedificatione
1104 2823 1281 2907 loqueretur,

98 2946 123 2984 sn
150 2929 235 3008 prior
257 2929 357 2993 suerat
380 2931 582 3013 congregatio
604 2929 811 3008 pradicanda
833 2929 986 3012 quianon
1011 2928 1069 2993 nisi
1087 2932 1278 3012 congregatus

151 3031 271 3097 Israhel
295 3032 491 3097 Hierusalem
514 3033 668 3097 aedificare
691 3042 796 3114 posset
818 3052 967 3097 euersum.

193 3136 221 3200 4.
245 3136 343 3200 'leuet
366 3136 479 3201 deinde
502 3137 643 3201 ordinem
667 3143 881 3217 conpetentem
917 3136 1040 3200 dicens:
1075 3135 1142 3218 qui
1175 3144 1272 3199 sanat

149 3241 355 3304 contritos
400 3241 519 3305 corde
547 3248 595 3314 et
632 3240 782 3323 alligat
826 3239 1104 3305 contritiones
1149 3254 1269 3303 eorum.

149 3350 338 3429 congregato
362 3345 445 3409 enim
461 3342 583 3409 Israhel
606 3344 690 3409 etin
713 3364 816 3421 unam,
839 3364 907 3428 quae
931 3342 1109 3421 aedificatur,
1133 3343 1266 3406 ciuitatem

192 3506 225 3556 18
243 3503 342 3556 Matth.
362 3503 459 3570 XXIV,
476 3506 519 3558 31.

192 3644 289 3708 lqam
305 3641 330 3693 G
382 3640 568 3710 2significari
581 3641 632 3693 GR
640 3641 675 3708 cs.
686 3641 768 3693 Accd.
783 3659 810 3711 p.
829 3640 863 3692 17
882 3638 1040 3708 significare
1054 3640 1082 3691 Ε
1131 3631 1192 3692 dn'h‘n
1207 3632 1262 3686 cuim

150 3728 175 3780 G
193 3729 276 3782 deum
303 3728 378 3781 euim
396 3729 452 3781 RE
502 3727 671 3795 5adqueG
724 3727 840 3780 laudent
859 3726 910 3779 GR
961 3727 1054 3796 Spore
1080 3722 1210 3793 placentia
1230 3736 1262 3769 ttu-

148 3816 195 3866 litt.
215 3832 280 3868 crea.
301 3816 326 3868 R
382 3818 413 3869 17
431 3814 546 3869 istrahel
567 3815 592 3867 G
609 3814 692 3868 israel
711 3814 737 3867 R
790 3829 889 3881 nempe
912 3830 944 3866 ea
968 3813 1002 3866 de
1021 3829 1077 3880 qua
1096 3812 1122 3864 G
1138 3824 1224 3877 nempe
1237 3802 1261 3855 d?

148 3917 180 3953 aa
192 3901 226 3953 de
239 3918 293 3968 qua
303 3899 425 3965 (alterum
436 3901 556 3969 deecqc
565 3918 631 3954 con.
642 3901 680 3966 R)
691 3901 746 3953 RE
797 3902 830 3954 19
845 3899 1042 3953 electosomR
1095 3887 1261 3954 aooeetumt'

147 3992 256 4039 caetum
266 3988 292 4039 R
344 3989 379 4041 112
391 3998 450 4058 post
466 3988 590 4042 anterior
604 3989 706 4043 andita.
717 4006 783 4041 aas.
794 3988 819 4040 R
872 3987 1086 4055 congregatione
1095 3990 1139 4039 est
1149 3983 1207 4036 Gru
1214 3992 1261 4032 con·

146 4125 273 4192 gregario
299 4143 355 4179 non
381 4131 453 4179 este
506 4085 552 4194 qla
572 4127 598 4179 G
650 4128 684 4180 26
703 4125 817 4180 istrahel
845 4124 870 4178 G
896 4124 978 4177 israel
998 4125 1024 4177 R
1077 4112 1262 4176 hierusalemG

146 4210 294 4264 ierusalem
313 4213 338 4264 R
391 4215 425 4266 29
444 4213 543 4267 ciuitas
562 4210 596 4280 (1)
617 4212 649 4267 G.
