2790 4844
389 265 568 314 tractatus
588 261 622 313 in
640 262 810 329 psalmum
830 261 908 315 CXL.
1154 262 1216 325 797

117 450 168 512 12.
193 447 304 532 Neque
327 448 425 513 solum
449 449 575 514 audient
597 450 703 527 uerba,
728 470 796 534 quae
820 463 957 530 possunt,
981 452 1038 515 sed
1062 451 1218 531 etiamid,

67 554 156 638 quod
180 546 325 636 sequitur,
355 551 404 617 his
428 553 563 618 accidet:
596 560 798 638 tamquam
830 555 1067 619 crassitudo
1099 562 1220 620 terrae

67 668 258 738 eruptum
297 670 358 722 est
395 677 517 737 super
562 664 723 723 terram.
785 660 867 742 quod
906 665 1007 723 autem
1047 660 1218 723 crassitudo

65 760 239 842 impietatis
263 768 293 825 ct
315 762 458 825 uitiorum
482 768 534 825 aut
550 781 656 826 comes
672 763 713 826 sit
728 769 780 826 aut
795 781 897 837 causa,
923 762 1073 843 propheta
1088 770 1218 827 testatur

68 866 194 931 dicens:
232 865 504 929 incrassatum
545 872 606 930 est
644 885 710 930 cor
744 866 882 948 populi
923 866 1053 931 buius.
1098 867 1152 931 sed
1187 872 1218 931 et
1258 893 1271 929 ε

67 969 200 1053 Moyses
223 969 488 1053 inreligiositatem
512 969 613 1051 populi
638 970 799 1036 insolentis
816 971 1016 1054 pronuntians
1032 971 1089 1034 eit:
1114 991 1216 1034 man-

69 1073 242 1140 ducauit
265 1080 302 1139 et
325 1073 432 1137 bibit
456 1074 575 1138 Iacob
600 1080 638 1138 et
660 1074 846 1155 repletus
870 1082 932 1139 est
954 1081 993 1140 et
1015 1074 1216 1139 incrassa·

68 1183 137 1242 tus
161 1184 220 1242 est
243 1185 279 1242 et
302 1176 542 1242 calcitrauit
565 1176 756 1243 dilectus.
801 1179 947 1243 uirtutem
972 1178 1045 1243 dieti
1065 1177 1156 1242 buius
1181 1198 1218 1242 ex

67 1282 141 1362 ipsa
178 1288 267 1347 terrae
305 1288 415 1346 natura
452 1282 623 1347 absolutius
660 1282 886 1367 intellegemus.
933 1302 1068 1366 namque
1103 1281 1230 1346 scimus

69 1385 242 1451 crassiores
266 1386 506 1470 pinguioresque
527 1391 625 1450 terras
641 1386 672 1450 in
697 1407 749 1451 eas
766 1387 901 1459 scrobes,
925 1407 941 1451 e
965 1387 1075 1470 quibus
1097 1385 1217 1474 effossa
1246 1413 1270 1448 ιο

68 1495 151 1568 sunt,
176 1509 213 1554 ex
237 1488 334 1554 solido
356 1510 417 1553 uon
440 1490 551 1565 redire,
582 1490 654 1573 quia
677 1496 859 1571 erumpente
883 1511 989 1555 earum
1014 1490 1217 1555 crassitudine

67 1614 195 1658 rursum
212 1594 349 1675 ipsarum
375 1602 445 1658 suut
467 1594 639 1675 incapaces.
684 1595 786 1677 itaque
810 1596 979 1659 secundum
997 1595 1036 1672 id,
1053 1595 1136 1677 quod
1159 1593 1217 1657 ait:

69 1705 274 1781 tamquam
320 1699 555 1762 crassitudo
600 1705 718 1763 terrae
763 1706 946 1778 eruptum
993 1705 1055 1763 est
1098 1717 1219 1778 super

68 1809 231 1879 terram,
255 1803 359 1866 docuit
381 1801 530 1886 exemplo,
555 1804 626 1887 quia
649 1804 750 1868 omnis
774 1810 865 1867 terrra
880 1811 1002 1877 nostra,
1026 1804 1057 1866 id
1082 1809 1128 1867 est
1151 1821 1217 1866 cor-

68 1907 155 1988 poris
181 1907 350 1971 crassitudo
380 1927 417 1971 ex
439 1913 557 1971 natura
588 1927 651 1971 suae
682 1907 751 1991 lege
781 1908 863 1971 uitiis
894 1905 1006 1971 effossa
1030 1906 1164 1986 erumpit
1187 1912 1219 1970 et
1246 1929 1270 1964 a

69 2030 170 2092 capax
206 2011 252 2074 sui
285 2031 346 2075 non
381 2016 436 2088 cst,
469 2011 501 2075 in
536 2011 704 2091 perniciem
741 2031 838 2084 suam,
874 2031 912 2075 ne
943 2012 975 2075 iu
998 2031 1032 2075 sc
1055 2009 1216 2075 reformari

69 2115 177 2196 possit,
201 2125 383 2179 exastuans.

112 2217 167 2283 13.
192 2218 385 2299 Erumpente
414 2225 516 2283 autem
542 2219 599 2283 hac
624 2219 828 2284 crassitudine
852 2239 945 2299 super
967 2239 1001 2284 se
1025 2217 1120 2282 habet
1143 2238 1217 2282 mae-

69 2342 171 2388 rorem
210 2321 363 2403 propheta
401 2323 522 2388 dicens:
573 2323 780 2403 dissipata
818 2329 910 2387 suut
947 2343 1040 2387 ossa
1077 2327 1219 2386 nostra

69 2446 192 2493 secus
215 2427 426 2491 infernum.
472 2447 506 2491 se
523 2427 676 2507 dissipari,
692 2447 726 2491 ae
743 2427 890 2510 dispergi,
907 2448 940 2491 se
957 2447 1046 2491 secus
1062 2426 1218 2490 infernum
1245 2450 1271 2488 ao

70 2529 156 2614 abigi
168 2530 199 2594 in
213 2537 408 2610 peccatorum
420 2530 596 2595 calamitate
614 2530 775 2595 existimat.
800 2531 831 2595 si
850 2530 955 2594 enim
970 2549 1086 2593 unum
1104 2550 1219 2594 mem·

71 2633 186 2698 brum
210 2634 453 2717 conpatitur,
485 2636 779 2715 conpatiuntur
813 2643 848 2699 et
872 2635 1003 2698 omnia
1031 2634 1218 2698 membra.

73 2757 182 2804 omnes
195 2738 278 2803 enim
293 2739 428 2803 inuicem
443 2740 533 2804 unius
551 2739 686 2820 corporis
703 2739 844 2818 membra
860 2758 975 2815 sumna,
991 2745 1023 2801 ut
1039 2744 1068 2803 et
1079 2739 1110 2801 in
1124 2736 1218 2803 altero

74 2841 192 2925 psalmo
215 2843 271 2907 ait:
297 2843 486 2924 dispersa
509 2850 606 2908 sunt
628 2843 761 2907 omnia
791 2863 882 2906 ossa
913 2863 1005 2919 meu,
1029 2862 1089 2906 uon
1112 2842 1218 2925 utique

77 2963 116 3008 ea
135 2965 212 3020 ossa,
236 2968 292 3027 per
315 2968 383 3031 qua
407 2968 517 3028 corpus
540 2953 679 3012 nostrum
710 2948 740 3010 iu
772 2946 853 3011 hanc
883 2946 1063 3011 firmitatem
1092 2945 1215 3010 uirtutis
1245 2969 1269 3007 a

81 3065 140 3112 sua
161 3052 350 3128 continetur3
374 3053 430 3116 sed
454 3053 526 3134 quia
549 3072 658 3116 omnes
674 3071 770 3114 unum
787 3071 897 3131 corpus
914 3070 1020 3115 sumus
1037 3055 1068 3114 et
1082 3050 1217 3114 inuicem

83 3154 214 3218 membra
237 3175 354 3220 sumus.
378 3156 514 3236 corporis
538 3156 634 3220 nostri
659 3175 728 3219 ossa
752 3162 823 3218 sunt
845 3154 948 3219 ceteri.

127 3253 170 3321 14.
191 3257 291 3324 Vellet
312 3258 414 3339 potius
437 3280 497 3323 non
528 3278 689 3339 erumpere
720 3259 957 3323 crassitudinem
990 3264 1080 3322 terra
1111 3275 1217 3320 eorum

10 3368 16 3391 “
85 3371 175 3440 neque
197 3362 342 3443 dissipari
377 3383 448 3428 ossa
481 3383 570 3428 secus
605 3363 769 3439 infernum,
803 3365 859 3427 sed
889 3382 998 3425 omnes
1026 3361 1127 3444 magis
1150 3358 1217 3436 hac,

87 3467 532 3550 quaecnnscquitunuoceuti:
557 3467 652 3549 quia
670 3467 716 3531 ad
734 3474 778 3545 to,
803 3466 972 3545 domine,
996 3465 1102 3530 oculi
1127 3464 1217 3528 mei:
1245 3490 1270 3528 eo

87 3555 121 3623 in
140 3575 172 3634 tc
193 3571 368 3652 sperani,
392 3591 465 3635 non
490 3570 658 3636 auferas
682 3571 854 3634 animam
878 3589 1010 3634 meam.
1057 3566 1218 3633 custodi

89 3677 174 3737 mea
203 3674 357 3758 laqueo,
382 3676 486 3758 quod
511 3680 752 3739 statuerunt
775 3673 881 3750 mihi,
906 3679 945 3738 et
967 3693 984 3736 a
1007 3670 1217 3736 scandalis

126 3832 382 3903 anatramp.
417 3838 644 3904 obcunxxxl1,
654 3839 693 3889 15.
729 3837 961 3902 alienamus.
997 3838 1032 3888 24
1041 3833 1164 3899 Ρε.ΧΧΙ,
1176 3834 1216 3887 15.

10 4015 19 4039 ἰ
126 3955 281 4028 demptum
300 3960 339 4011 Rb
357 3960 391 4023 cf.
410 3960 529 4013 Soboticr
548 3959 584 4024 ΙΙ,
603 3957 660 4011 274
679 3964 778 4026 erupta
797 3977 810 4010 c
864 3961 896 4011 12
914 3974 1023 4010 rursum
1043 3957 1069 4009 R
1087 3972 1182 4009 rursus
1201 3955 1215 4006 b

10 4107 14 4132 ξ
95 4050 197 4099 fernme
252 4047 286 4100 18
303 4061 441 4131 mprorem
457 4047 482 4098 R
535 4047 570 4099 20
587 4046 707 4099 inferum
727 4045 914 4099 ollerolocoR
967 4046 1001 4095 22
1020 4043 1113 4095 omnia
1131 4059 1216 4094 mem·

10 4208 16 4217 ‚
84 4140 131 4220 lbra
145 4167 157 4202 e
172 4150 463 4204 membraRomniab
515 4150 549 4203 26
568 4149 783 4202 continenturR
834 4151 869 4202 29
888 4147 1044 4201 inferumR
1096 4148 1130 4200 80
1150 4160 1217 4198 uoce
1255 4164 1264 4174 ·

89 4232 121 4289 uti
135 4235 160 4290 R
175 4254 244 4291 uoce
263 4239 322 4291 uoti
340 4237 382 4291 uti
402 4239 430 4289 Ε
479 4239 514 4291 32
533 4236 606 4304 quod
626 4236 651 4288 R
670 4236 706 4304 cs.
726 4238 844 4290 Sobotier
862 4236 900 4303 11,
920 4233 974 4286 274
994 4251 1075 4302 quem
1096 4234 1129 4284 E.
