2790 4844
419 281 598 330 tractatus
623 275 657 328 iu
680 277 850 345 psalmum
874 276 953 330 CXL.
1187 275 1246 339 791

100 466 365 532 sacrificium
391 466 678 547 uespertinum.
723 465 864 547 plurimis
889 466 962 530 locis
986 465 1192 541 tractanimus
1216 467 1247 528 in

100 570 289 636 alienatione
312 589 458 634 manuum
482 569 595 635 excelsi
617 570 719 650 operis
743 570 878 634 officium
910 570 1082 647 monstrari,
1112 576 1152 646 nt,
1177 589 1248 633 cum

102 674 233 758 Moyses
256 673 382 738 eleuatis
406 673 547 738 manibus
581 682 662 739 stare
685 684 857 755 praeoptas
890 683 945 749 est,
980 671 1089 754 populo
1119 673 1150 736 in
1174 673 1248 738 alle-

101 780 228 843 natione
251 787 281 843 et
304 778 490 843 demissione
525 797 671 842 mannum
705 798 832 843 suatum
862 776 910 843 uel
942 777 1055 842 uictore
1088 776 1138 841 nel
1160 777 1249 841 uicto.

101 882 262 965 apostolus
279 902 400 967 quoque
416 888 538 946 orentes
554 883 639 947 iubet
653 880 774 947 eleuare
792 901 899 946 manns
916 901 1015 962 puras
1059 885 1174 945 etcum
1191 881 1247 945 ait:
1289 906 1300 940 ι

101 989 196 1052 sine
219 988 279 1051 ira
301 993 338 1051 et
361 986 627 1070 cogitatione,
652 1005 712 1050 uon
728 985 866 1051 habitum
888 986 995 1051 orandi
1012 985 1176 1060 coustituit,
1193 987 1247 1049 sed

101 1091 320 1172 praecriptum
351 1091 463 1155 diuina
493 1089 677 1170 operationis
706 1090 828 1154 adiecit.
874 1090 1007 1172 denique
1031 1088 1172 1153 dominns
1195 1108 1251 1169 pen

102 1195 234 1260 Esaiam
267 1193 450 1278 prophetam
484 1194 637 1259 orationes
671 1194 835 1275 impiorum
869 1194 1036 1275 inprobans
1066 1193 1108 1257 ita
1130 1191 1246 1257 locutus

102 1305 171 1365 est:
206 1300 238 1364 si
273 1299 510 1363 extendatis
545 1318 689 1369 manus.
725 1304 906 1363 auertam
940 1297 1078 1362 oculos
1101 1317 1247 1362 meosa

101 1404 230 1479 nobis,
254 1423 315 1466 non
338 1400 445 1485 utique
468 1403 494 1466 si
518 1401 653 1479 eleuatis,
677 1403 734 1467 sed
757 1402 783 1465 si
806 1400 992 1478 extendatis;
1024 1401 1095 1483 quio
1125 1400 1248 1486 habitus
1276 1421 1300 1455 10

101 1508 216 1572 orandi
237 1509 269 1572 in
292 1508 437 1572 manibus
461 1507 662 1573 extendendis
686 1514 741 1583 est,
765 1506 896 1587 perfecti
919 1520 1023 1571 autem
1045 1506 1145 1587 operis
1180 1504 1247 1570 effi·

101 1612 220 1678 aientia
243 1624 290 1677 est
312 1614 343 1676 in
367 1610 535 1676 elenandis.

150 1716 178 1780 4.
204 1715 351 1780 Mannum
375 1735 450 1800 ergo
475 1714 604 1780 eleuatio
633 1715 820 1780 sacrificinm
853 1714 1062 1795 uespertinum
1086 1718 1141 1778 est
1185 1733 1246 1776 ιιοιι

102 1821 192 1885 enim
215 1820 366 1903 sangnine
389 1827 420 1884 et
442 1819 629 1884 holocaustis
653 1839 716 1897 uos,
740 1819 770 1882 in
794 1838 872 1902 qnos
895 1818 1119 1883 consummatio
1153 1837 1248 1890 sacu-

102 1924 206 1989 lornm
230 1924 361 2001 deuenit
385 1922 595 1988 sacrificamus
619 1925 683 1987 deo.
728 1923 784 1987 sed
807 1923 889 2005 qnod
913 1922 1097 1987 sacrificium
1124 1941 1247 2003 uesper·
1276 1939 1300 1976 ιι

102 2029 206 2093 tinum
230 2027 378 2108 placitum
400 2028 448 2104 sit,
470 2027 631 2091 audiemus
648 2027 806 2091 dominnm
829 2027 859 2090 ιιι
884 2023 1053 2109 euangeliis
1076 2025 1247 2090 dicentem:

103 2132 254 2209 uenite,
271 2131 480 2197 benedieti
501 2131 632 2212 patris
648 2131 733 2211 mei,
750 2130 961 2213 possidete
978 2135 1248 2211 praeparatum

102 2236 225 2301 uobis
248 2235 926 2319 regnumaconstitntionemnndi.
965 2233 1248 2308 esuriuienim,

103 2348 145 2405 et
179 2339 360 2404 dedistis
394 2338 493 2403 mihi
532 2340 792 2414 manducare3
833 2337 957 2410 sitini,
996 2351 1034 2402 et
1071 2336 1248 2401 dedistis

102 2443 206 2508 mihi
241 2443 398 2520 bibere;
433 2443 582 2523 hospes
617 2462 734 2518 eram,
767 2449 803 2507 et
826 2441 1074 2521 suscepistis
1098 2461 1171 2519 mo;
1194 2441 1248 2504 in·
1275 2457 1301 2492 ιο

101 2549 261 2622 firmus,
285 2556 324 2611 et
349 2546 560 2611 uisitastis
584 2567 658 2627 me3
690 2546 728 2609 in
753 2565 921 2611 carcere
944 2545 1011 2623 tui,
1042 2555 1079 2609 et
1101 2543 1248 2609 libera·

101 2653 184 2717 stis
208 2672 275 2717 me.
321 2659 351 2717 et
380 2652 637 2731 respondentibus
662 2651 731 2730 iilis,
763 2653 847 2734 quod
872 2670 1041 2733 numquam
1065 2648 1117 2714 his
1137 2649 1247 2714 officiis

101 2757 251 2821 humana
267 2755 462 2821 necessitatis
478 2756 622 2838 eguisset,
640 2755 697 2818 ait:
721 2776 834 2819 nmen
858 2755 948 2818 dico
972 2754 1094 2832 nobis,
1118 2772 1247 2837 qnam-

101 2861 173 2925 diu
206 2860 374 2924 fecistis
409 2860 474 2923 uni
509 2880 554 2923 eu
589 2859 651 2923 his
685 2859 888 2924 fratribus
926 2857 1112 2927 minimis.
1149 2857 1246 2921 rnihi

100 2964 284 3030 fecistis.
331 2963 388 3029 hoc
433 2964 620 3028 sacrificium
657 2963 878 3043 uespertinum,
917 2963 948 3026 id
986 2974 1033 3027 est
1070 2970 1244 3045 temporum
1274 2975 1300 3012 ’ὁ

100 3068 344 3133 nouissimomnt
368 3077 423 3132 est.
470 3069 500 3131 in
532 3066 592 3132 hoe
623 3086 732 3131 manus
762 3066 920 3131 elena-uda
951 3075 1030 3143 sunt,
1061 3067 1133 3150 quia
1158 3065 1247 3129 istius

100 3172 190 3238 modi
226 3172 414 3236 orationibus
448 3173 509 3236 iam
544 3173 581 3237 ab
615 3172 700 3235 initio
734 3172 841 3236 muudi
877 3170 1047 3236 benedictis
1078 3169 1128 3235 dei
1159 3170 1246 3252 regni

99 3275 239 3343 caeiestis
261 3281 434 3357 preparata
458 3276 613 3356 possessio
638 3282 692 3340 est.

152 3383 181 3445 5.
206 3380 265 3444 Sed
300 3379 442 3444 meminit
476 3378 634 3461 propheta,
670 3385 781 3460 praten
814 3379 980 3445 clemonem
1019 3378 1099 3455 fidei,
1136 3384 1249 3458 praeten

98 3484 285 3559 orationem,
306 3504 373 3568 quae
391 3484 553 3568 dirigenda
568 3484 608 3548 sit
624 3491 655 3549 nt
670 3485 837 3562 incensum,
854 3490 885 3548 et
908 3490 1019 3568 prater
1042 3482 1245 3548 eleuationem
1274 3497 1300 3532 ³0

99 3607 263 3661 manuum,
299 3588 329 3652 iu
364 3608 426 3671 qna
459 3588 644 3653 sacrificium
678 3590 888 3668 uespertinum
923 3597 979 3669 est,
1014 3593 1043 3651 et
1073 3586 1156 3650 aliud
1187 3585 1244 3649 sibi

96 3691 209 3759 adhuc
229 3713 306 3772 opus
328 3694 580 3758 consummanda
604 3693 635 3756 in
660 3712 693 3757 se
716 3692 939 3757 iustificationis
961 3692 1138 3772 optandum.
1174 3689 1246 3755 dicti

151 3909 167 3959 6
187 3907 199 3959 l
217 3906 287 3959 Tim.
306 3909 330 3973 2,
349 3909 373 3960 8.
410 3910 427 3960 9
445 3905 517 3959 Esai.
537 3908 557 3972 1,
579 3908 618 3960 15.
658 3909 690 3958 17
709 3907 806 3960 Matth.
826 3906 910 3974 XXV,
929 3909 964 3960 34
982 3924 1021 3974 sq.

150 4083 298 4133 amanum
316 4082 342 4133 a
393 4044 588 4133 4dimissione
608 4081 651 4132 Ra
705 4082 768 4132 det
786 4079 961 4132 contentione
982 4077 1051 4143 Eos.
1065 4079 1248 4139 Sodotierlll,

95 4166 163 4224 869
218 4168 252 4220 10
268 4166 423 4220 extendatis
442 4184 546 4231 manus,
566 4167 630 4234 quia
649 4168 676 4219 E
726 4169 761 4221 20
779 4165 903 4219 infirmus
915 4193 948 4202 -
961 4164 1152 4219 liberastisme
1163 4183 1210 4218 om.
1225 4166 1250 4218 R

94 4260 140 4312 80
158 4253 305 4319 dirigende
322 4259 364 4308 est
383 4254 411 4305 E
462 4254 629 4308 eleuationes
648 4254 674 4306 R
725 4257 758 4309 at
779 4254 807 4306 in
826 4269 894 4321 quas
914 4254 946 4306 R.
