2790 4844
162 237 226 303 478
506 237 622 290 sancti
642 236 778 290 Hilarii
797 236 957 304 episcopi

162 429 229 494 sine
251 428 373 493 iustitiae
403 427 520 492 ratione
543 427 704 508 permisit?
748 427 921 492 cruciamur
950 424 1107 491 doloribus
1137 434 1170 491 et
1200 439 1309 491 contra

162 534 254 598 deum
289 532 474 613 inpatientiae
509 540 620 596 nostrae
650 531 796 615 querellis
826 531 1030 612 increpamus.
1077 550 1158 595 anne
1190 532 1307 596 incerto

161 637 287 703 oonsilio
311 656 420 701 exesus
442 637 611 712 ommibus,
638 636 724 701 sanie
747 635 896 705 defluens.
921 633 1075 716 perfossus
1098 636 1204 701 ulcere
1227 633 1305 700 suit?

162 749 245 807 certe
269 740 336 806 haec
361 741 465 805 amnia
488 741 527 804 ad
551 740 757 805 docimentum
777 739 850 804 fidei
874 746 905 805 et
928 740 968 803 ad
982 739 1145 819 praemium
1161 738 1302 823 gloriose

123 872 134 907 a
162 845 315 930 patientiae
350 846 554 925 profecerunt.
600 843 764 910 infirmitas
787 851 891 909 nostra
915 842 1018 921 efficit,
1041 850 1074 907 ut
1096 843 1214 909 malum
1238 863 1300 908 essa

161 949 201 1027 id,
222 951 307 1033 quod
330 950 471 1030 patimur,
495 948 715 1014 existimemus.
761 956 897 1014 ceterum
931 948 979 1013 dei
1010 967 1132 1029 semper
1162 947 1299 1014 uoluntas

162 1060 216 1131 est,
240 1061 274 1119 ut
296 1053 443 1134 patientie
466 1055 645 1134 passionum
675 1054 856 1134 probemur:
888 1072 944 1117 nos
973 1072 1047 1118 uero
1081 1051 1179 1117 diuini
1202 1052 1297 1117 iudicii

161 1157 320 1234 iustitiam,
343 1158 416 1222 dum
440 1157 507 1222 sine
531 1158 705 1223 docimento
718 1157 790 1222 fidei
807 1158 901 1222 latere
915 1157 1069 1238 uolumus,
1092 1156 1297 1237 inprobamus.

205 1260 235 1326 8.
260 1262 322 1326 Sed
346 1263 398 1345 qni
423 1263 564 1342 superius
588 1269 619 1327 et
636 1262 796 1327 tumuerat
826 1269 855 1326 et
885 1268 1041 1338 statuerat
1070 1268 1104 1326 ut
1138 1261 1297 1326 custodiret

111 1391 135 1428 10
161 1364 275 1431 iudicia
297 1366 421 1431 iustitiae
445 1367 503 1441 dei,
527 1366 654 1450 dignum
678 1364 794 1450 aliquid
817 1372 1011 1430 sacramento
1035 1372 1065 1429 et
1087 1365 1307 1431 constitutione

161 1488 218 1534 sua
240 1470 270 1534 in
296 1470 498 1535 obseruandis
521 1470 615 1536 debet
636 1477 784 1551 praestare
806 1469 936 1535 iudiciis.
981 1490 1043 1534 nou
1063 1469 1146 1536 caim
1165 1468 1232 1536 leue
1247 1477 1318 1534 ast.

161 1575 243 1657 quod
267 1575 488 1639 custoditurum
513 1594 546 1639 se
570 1574 675 1639 statuit
697 1574 822 1638 iuratus.
869 1581 899 1638 et
914 1574 990 1657 quid
1005 1572 1081 1639 illud
1097 1573 1145 1651 sit,
1168 1584 1343 1656 sequens

161 1678 422 1762 uersusloquitur.
458 1679 611 1744 aiteaim:
636 1677 880 1743 humiliatus
903 1695 1353 1762 sumusquequaquffi·

161 1782 335 1848 domine:
389 1783 562 1848 uiuisica
607 1801 665 1847 me
710 1783 930 1848 secuudum
974 1782 1142 1847 uerbum
1187 1788 1361 1846 tuun'·

110 1887 338 1970 munigenitus
376 1888 424 1952 dei
458 1887 539 1952 filius
574 1894 691 1953 naturae
725 1896 839 1952 uostrae
873 1907 910 1951 er
944 1886 1063 1970 uirgine
1097 1886 1158 1952 sibi
1191 1893 1366 1968 sorpta-s

161 1991 336 2070 adsumens,
366 2011 435 2057 cum
467 1992 498 2055 iu
529 2012 562 2057 se
595 1992 662 2075 ipso
684 2012 794 2057 ueram
817 1998 849 2056 et
872 1989 1041 2072 perfectam
1063 1989 1211 2056 humanae
1234 2000 1369 2073 prat·

161 2095 273 2161 dentiae
297 2096 430 2162 formam
453 2097 644 2177 praebuisset,
668 2097 743 2180 quid
768 2117 786 2160 a
808 2115 842 2160 se
866 2095 941 2161 disci
972 2102 1131 2179 tamquam
1161 2092 1372 2180 exemp-0

161 2199 306 2265 doctrinae
329 2199 469 2277 uoluerit,
493 2202 683 2266 noscendum
706 2208 761 2265 est.
809 2201 850 2264 ait
873 2200 973 2265 enim:
1006 2199 1146 2266 uenite
1176 2200 1225 2264 ad
1247 2219 1276 2262 m
1358 2204 1372 2249 θ

160 2323 303 2381 omnes,
331 2304 398 2387 qui
430 2304 632 2370 laboratis
663 2312 700 2370 et
729 2304 888 2369 onerati
920 2303 1033 2381 estis,
1064 2310 1102 2369 ct
1131 2323 1204 2388 ego
1233 2307 1373 2368 nou-¹·s

108 2442 134 2480 20
160 2408 359 2474 reficiam.
399 2407 536 2474 tollite
554 2409 689 2492 iugum
706 2429 831 2474 meum
856 2429 975 2488 super
997 2427 1068 2473 uos
1091 2415 1129 2474 at
1152 2407 1374 2473 discirzt

160 2512 614 2596 ame‚quonia1nmitis
648 2533 731 2577 sum
766 2520 803 2578 et
832 2511 998 2578 humilis
1029 2513 1165 2579 corde:
1188 2523 1226 2578 ot
1247 2512 1374 2576 ia·

160 2617 338 2682 uenietis
361 2617 542 2701 requiem
570 2617 783 2682 animabus
806 2617 969 2683 uestris.
1013 2616 1080 2698 ipse
1104 2616 1211 2701 atique
1234 2616 1376 2698 pear-

160 2720 258 2786 feetus
281 2729 311 2786 et
333 2722 399 2787 sine
423 2731 549 2802 peccato
572 2722 654 2787 solus
685 2729 715 2786 et
744 2741 833 2800 anus,
863 2721 894 2786 in
925 2722 1012 2787 ouius
1042 2741 1103 2799 ore,
1129 2720 1219 2787 dolus
1240 2717 1378 2786 affl

161 2823 226 2898 tuit.
260 2824 319 2891 hoc
353 2826 543 2908 precipuum
578 2846 595 2890 a
626 2845 659 2891 se
689 2826 835 2891 doctrinae
864 2825 944 2890 sumi
981 2823 1079 2890 uoluit
1117 2822 1378 2906 exemplurjl·

109 2969 133 3006 aa
160 2930 405 2995 mansuetudinis
428 2929 546 2997 scilicet
567 2938 598 2995 et
621 2928 810 3008 humilitatis,
834 2949 889 3010 per
905 2949 975 3014 quae
991 2929 1157 2995 animabus
1180 2929 1281 3014 requi·
1312 2923 1377 2980 2⁰⁸

159 3033 358 3099 inueniretur.

204 3137 233 3202 9.
258 3138 322 3204 Scit
355 3139 539 3205 insolentem
573 3159 643 3205 esse
677 3148 708 3204 et
740 3139 922 3220 incapacem
956 3158 1060 3204 rerum
1092 3138 1267 3204 secundam
1290 3136 1366 3193 ‚fra

160 3249 276 3308 naturae
292 3251 405 3309 nostrae
421 3243 642 3309 infirmitatem.
689 3243 739 3308 alii
756 3264 812 3324 per
834 3263 908 3325 opes
920 3242 1109 3309 insolescunt
1125 3240 1358 3309 nescieutstt'

204 3367 237 3420 18
255 3365 353 3420 Matth.
372 3366 419 3433 xt,
438 3366 472 3419 28
491 3384 529 3434 sq.

204 3453 343 3507 liustitia
362 3460 389 3507 et
408 3455 514 3507 ratione
535 3456 558 3507 t'
608 3454 766 3507 cruciamur
783 3472 813 3507 ex
830 3453 987 3508 cruciamus
1014 3451 1086 3507 aa?
1109 3453 1136 3506 V
1185 3452 1331 3533 2qu3f³

160 3537 235 3592 rellis
260 3540 308 3593 VR
360 3557 427 3594 acne
453 3541 476 3593 Γ
526 3543 673 3596 Boxaesus
692 3559 722 3594 er
739 3557 839 3594 excesu
862 3538 983 3594 mcv
1031 3541 1161 3594 domnia
1179 3560 1211 3595 er
1228 3541 1318 3595 onassl

159 3643 191 3678 m.
211 3623 231 3678 2
254 3627 279 3679 Γ
329 3627 524 3682 documentum
540 3628 590 3698 pE
640 3627 762 3696 praemia
782 3628 805 3680 Γ
853 3625 1059 3696 bprofioarunt
1082 3627 1108 3680 V
1158 3629 1308 3697 osempet

159 3711 204 3765 dei
223 3712 249 3765 R
301 3714 501 3768 edocumento
517 3715 567 3784 pE
619 3715 795 3782 inprobamus
814 3733 844 3767 er
861 3714 1041 3784 etprobamua
1067 3732 1099 3766 m.
1120 3712 1141 3767 2
1164 3715 1190 3767 Γ
1239 3716 1295 3770 aer

159 3804 294 3853 statuerat
317 3820 365 3853 aaa
391 3802 414 3852 Γ
466 3804 498 3855 10
517 3800 619 3854 iudicia
645 3819 675 3854 ea
702 3801 804 3855 indicia
831 3807 879 3855 tua
908 3820 940 3854 m.
969 3798 989 3854 2
1012 3800 1037 3855 Γ
1086 3800 1264 3857 sacramenti
1279 3802 1295 3853 t'

160 3888 193 3939 12
211 3904 239 3939 se
257 3888 354 3940 statuit
373 3906 403 3940 aa
421 3904 450 3941 se
468 3888 567 3941 statuit
585 3905 613 3941 se
633 3886 695 3941 rra?
711 3888 881 3942 Vsatuitt'
930 3886 1057 3942 iratusV
1106 3888 1184 3956 quod
1203 3889 1296 3944 ittatt
1393 3885 1395 3901 ¹

159 3973 195 4025 sit
219 3990 250 4025 es
267 3979 298 4028 ut
319 3992 351 4026 m.
371 3972 391 4026 2
415 3975 438 4027 Γ
489 3977 554 4028 inter
578 3975 648 4029 illud
671 3985 694 4028 et
718 3977 754 4029 sit
778 3993 844 4028 erce.
869 3973 889 4028 2
912 3977 959 4029 b'tt.
984 3975 1010 4028 R
1063 3975 1096 4028 ta
1120 3975 1256 4045 loquetur
1280 3980 1297 4031 l'

160 4061 192 4113 te
210 4060 387 4114 nonsecundd
406 4068 446 4115 eet
466 4063 490 4115 Γ
539 4061 574 4116 ad
593 4080 637 4116 me
656 4064 716 4115 add.
735 4081 767 4115 m.
783 4064 797 4114 1
816 4062 840 4115 V
889 4062 924 4116 20
941 4079 1025 4132 super
1041 4079 1189 4132 esaupuer
1208 4083 1243 4119 aa.
1255 4066 1270 4120 1
1282 4069 1299 4120 Γ

157 4148 191 4200 21
201 4145 313 4200 humilis
323 4166 352 4200 er
361 4147 550 4202 humilibasm.
564 4150 577 4200 1
594 4149 617 4201 Γ
667 4151 701 4203 22
716 4150 817 4204 uestris
827 4168 857 4203 ar
866 4155 972 4204 uestras
981 4167 1015 4203 m.
1028 4148 1078 4203 lR
1132 4150 1167 4204 23
1178 4151 1210 4206 in
1220 4171 1270 4208 orn.
1283 4157 1304 4210 Γ

157 4232 191 4284 25
209 4246 260 4297 per
278 4251 359 4301 quem
376 4236 397 4284 1·
449 4237 573 4304 requiem
597 4235 630 4288 Γι
683 4239 716 4291 27
736 4237 784 4291 sed
802 4242 829 4290 et
849 4236 1061 4291 insolentemV
1110 4239 1147 4294 28
1165 4255 1255 4310 opera
1277 4243 1302 4302 Γ,
