2790 4844
451 251 653 306 instructio
678 255 901 321 psalmorum.
1231 257 1250 321 ὅ

91 442 226 506 alterius
247 440 448 522 praeferatur:
474 450 505 503 ut
529 441 554 504 si
577 440 688 521 psalmi
712 441 839 507 alicuius
855 445 1077 526 superscriptio
1101 445 1169 510 talis
1193 447 1248 511 sit:

92 545 276 629 psalmus
299 543 438 621 Dauid,
469 544 574 624 ceteri,
607 545 750 626 quisine
775 544 861 611 titula
885 554 1122 630 consequantur,
1147 548 1246 616 Dauid

92 669 165 714 esse
190 650 366 726 credentur,
390 648 488 712 donec
512 668 583 713 cum
609 646 769 729 prophetae
798 648 924 715 alterius
948 671 1062 717 nomen
1085 653 1116 716 in
1141 673 1248 734 super·

93 753 263 836 scriptione
287 759 436 833 penatum
471 758 503 817 et
525 772 563 817 er
588 772 624 817 eo
648 753 799 836 usquein
823 752 952 818 alterum
978 755 1169 836 prophetem,
1193 757 1246 841 qui

93 857 162 921 sine
186 856 389 940 inscriptione
414 856 506 921 medii
531 863 610 934 sunt,
635 857 700 920 eius
724 856 794 934 sint,
818 858 870 941 qui
894 859 925 921 in
948 860 1109 924 anterioris
1133 858 1244 943 psalmi
1285 888 1298 925 a

93 961 360 1042 superscriptione
383 968 489 1025 auctor
512 966 634 1043 coeptns
657 960 696 1023 sit
719 961 874 1026 anteferri.

138 1100 168 1163 l.
192 1099 278 1179 Quod
315 1099 340 1163 si
377 1098 454 1163 forte
489 1097 600 1182 aliquis
634 1119 691 1182 per
724 1099 755 1163 id
789 1099 1010 1183 intellegentiae
1043 1098 1114 1163 huic
1149 1100 1245 1165 tidem

95 1202 250 1269 detrahet.
273 1202 356 1286 qnod
379 1202 409 1266 in
435 1201 484 1266 his
508 1202 642 1282 psalmia,
667 1202 814 1285 quicum
838 1202 999 1283 psalmum,
1034 1202 1082 1266 cui
1116 1203 1245 1287 Moyses

97 1317 202 1372 auctor
223 1306 368 1386 praelatus
392 1315 448 1384 est,
472 1305 685 1380 subsecuntur,
718 1307 866 1390 scripturn
898 1307 945 1383 sit,
969 1306 999 1370 id
1024 1318 1072 1372 est
1094 1307 1126 1370 in
1149 1327 1243 1370 nona·

100 1410 217 1492 gesimo
240 1418 365 1475 oetam:
401 1409 565 1492 Moyses
589 1415 627 1474 et
651 1413 783 1490 Aaron
817 1409 855 1472 in
887 1411 1131 1474 sacerdotes
1155 1411 1243 1475 eius
1273 1440 1295 1475 a·

102 1523 139 1576 et
159 1512 316 1580 Samuel
339 1515 450 1578 inter
471 1515 715 1579 inuocantes
739 1534 882 1578 nomen
906 1515 1003 1591 eius,
1027 1534 1086 1578 non
1110 1534 1245 1594 possea

105 1613 207 1700 Moyse
230 1638 300 1683 eum
324 1616 541 1701 prophetatum
565 1618 671 1693 uideri,
695 1638 764 1682 cum
788 1616 911 1682 Samuel
934 1637 1055 1696 nomen,
1080 1617 1133 1700 qui
1158 1625 1242 1683 tanto

111 1729 212 1796 postea.
234 1743 326 1805 quarn
351 1721 489 1807 Moyses,
523 1734 612 1786 natus
647 1735 703 1800 est,
733 1727 817 1786 extet
846 1722 877 1785 in
900 1720 1027 1805 psalmo,
1057 1721 1242 1799 meminerit,

115 1821 177 1886 nulli
196 1825 303 1890 miram
327 1835 380 1890 eut
410 1824 536 1890 difficile
571 1826 669 1890 uideri
705 1837 855 1907 oportere,
889 1831 923 1890 ut
956 1830 1056 1889 tantus
1091 1823 1242 1906 propheta

118 1929 179 1992 tanti
207 1930 376 2014 prophetae,
406 1936 514 2010 postea
548 1930 620 1995 licet
653 1930 754 1999 lutari,
789 1947 903 1994 nomen
938 1928 1079 2006 ediderit,
1111 1947 1180 1992 cnm
1212 1929 1242 1992 in
1270 1961 1295 1995 m

122 2024 271 2116 Regnorum
296 2034 382 2098 libris
407 2034 496 2099 losiae
519 2035 603 2119 regis
627 2053 738 2099 nomen
774 2033 823 2110 sit,
853 2041 1021 2116 antequam
1051 2043 1239 2109 nasceretur,

124 2136 317 2218 pophatatum,
341 2134 494 2219 propheta
516 2138 652 2202 dicente:
690 2137 890 2204 altarium.
921 2135 1118 2211 alterium,
1158 2134 1241 2201 haec

127 2235 203 2305 dicit
221 2242 423 2307 dominus:
459 2261 553 2306 ecce
578 2240 694 2305 silius
717 2255 912 2306 nascetur
945 2240 1080 2318 Dauid,
1105 2242 1240 2307 lesias

128 2359 236 2410 nonen
271 2346 367 2422 eius,
403 2366 458 2426 per
491 2347 574 2428 quod
609 2365 672 2409 non
706 2345 887 2410 incredibile
921 2366 991 2410 esse
1022 2356 1176 2426 oportere,
1206 2359 1240 2411 nt

129 2439 220 2512 banael
241 2472 259 2513 a
278 2450 389 2533 Moyse
413 2450 597 2531 praedicatus
613 2450 660 2525 sit,
685 2450 819 2514 maxime
842 2468 912 2514 curn
937 2450 1106 2514 secundum
1130 2450 1239 2515 Hiere-
1267 2480 1292 2514 aa

130 2546 374 2619 mitmdicentem:
396 2574 466 2618 nec
490 2553 523 2617 si
540 2552 1036 2637 stetMoysesetSamuel,
1053 2553 1239 2638 Moysicog-

131 2656 269 2723 nominatus
293 2671 325 2722 et
346 2664 523 2739 coequatus
546 2657 586 2722 ait
603 2677 640 2722 ox
664 2658 773 2722 merito
801 2657 978 2721 sanctitatis.
1025 2676 1094 2740 ques
1117 2659 1239 2723 traditio

130 2750 157 2815 ab
173 2756 266 2829 Esdra.
291 2768 440 2845 quantum
463 2762 609 2837 creditur,
635 2760 771 2841 psalmos
787 2771 858 2845 post
872 2761 1083 2843 captiuitatem
1097 2761 1129 2825 in
1145 2781 1239 2826 unum

131 2851 210 2928 librom
226 2866 392 2950 colligente
408 2865 547 2946 prosecta
570 2866 597 2929 si
620 2864 697 2929 bilsa
713 2877 765 2929 aut
780 2864 980 2946 inprobabilis
1007 2865 1239 2945 existimabitur,

131 2958 158 3023 ab
174 2963 218 3036 his.
239 2972 290 3054 qni
313 2970 534 3047 contntdicent,
568 2976 708 3034 auctores
743 2969 850 3033 horum
886 2969 1076 3052 psalmorum
1110 2972 1238 3036 demon·
1266 2999 1312 3035 a.

58 3100 60 3127 ι
133 3069 195 3134 min·
213 3094 338 3140 necesse
362 3083 418 3138 est.
453 3073 627 3138 absolutum
654 3073 735 3138 enim
767 3086 821 3150 est,
852 3094 912 3138 non
944 3074 1080 3154 petuisse
1104 3095 1157 3138 eos
1179 3075 1238 3139 nisi

132 3173 254 3250 luptatis
276 3177 532 3263 prophetantibus
555 3178 742 3262 prophetari.

163 3346 234 3405 tols.
251 3353 373 3418 xcv111,
392 3355 416 3406 6.
455 3354 487 3405 17
507 3353 554 3406 lll.
574 3351 640 3418 ng.
661 3355 702 3419 13,
720 3355 745 3406 2·
782 3355 813 3406 21
835 3353 954 3406 Hierem.
974 3352 1032 3417 XV,
1052 3356 1074 3405 l.

161 3533 357 3598 lnnoeeuntur
378 3542 424 3596 rd¹
478 3543 595 3597 ildonea
614 3561 677 3596 cum
697 3544 736 3596 llr
754 3543 801 3606 (cs.
822 3544 941 3612 Draeyer
958 3546 1014 3596 aar.
1034 3546 1105 3610 Syna
1124 3544 1162 3606 Il,
1182 3542 1236 3596 611

128 3629 145 3663 0¹
155 3620 213 3679 Ara,
221 3629 254 3696 11,
265 3631 337 3691 aas)
349 3630 438 3684 donec
451 3630 507 3682 ΗΕ
557 3629 669 3683 rudia
682 3635 771 3683 saner
823 3629 887 3683 mr
940 3629 1201 3698 stipendiumne
1212 3632 1237 3683 n

130 3702 150 3753 ¹¹
163 3705 383 3772 inlerinnocantes
402 3717 586 3771 Itrinbereos
600 3716 760 3770 inuocantes
776 3717 802 3769 Ε
853 3718 886 3770 12
901 3716 1026 3770 samuhel
1040 3718 1065 3770 R
1120 3719 1153 3770 14
1164 3717 1235 3771 nulli

128 3789 206 3849 'lm
226 3809 268 3857 aaa
295 3805 349 3857 RE
373 3802 506 3857 nimirum
533 3803 606 3856 haud
634 3824 648 3856 r
700 3805 760 3856 inde
778 3805 810 3855 ab
829 3805 912 3856 uerbis
930 3807 962 3856 ut
986 3808 1081 3858 tantus
1106 3822 1183 3873 raeque
1201 3806 1238 3857 ad

128 3876 188 3928 Μ
198 3889 263 3951 prim
271 3891 339 3959 solii
356 3893 409 3943 aliu
428 3908 522 3942 manus
540 3891 565 3942 a
620 3893 653 3944 te
671 3894 831 3943 nasceretur
849 3911 864 3942 r
881 3890 1044 3943 nascituri?
1063 3895 1192 3944 nascatur
1210 3893 1239 3943 Ε

129 3958 336 4030 ¹71¹¹⁰f0tstnmll
371 3977 459 4031 altars
469 3975 581 4030 altarer
608 3976 891 4031 ltnomenestsiusr
926 3981 1061 4045 oportetr
1090 3978 1235 4046 thpraedi·

128 4052 191 4101 Μ
204 4055 223 4109 R
236 4063 388 4128 praedictos
408 4064 473 4130 rDh,
497 4064 532 4133 cs.
550 4082 577 4132 p.
598 4064 620 4124 7,
641 4065 654 4114 7
714 4065 746 4116 21
766 4068 795 4117 et
813 4062 946 4130 samuhel,
971 4062 1096 4117 samuhel
1114 4063 1202 4132 moysi
1222 4085 1236 4115 r

127 4130 157 4181 Ὦ
172 4149 309 4208 “autum
361 4152 397 4204 ot
420 4149 544 4218 prosecta
566 4170 594 4203 re
612 4149 731 4218 profetia
750 4152 775 4204 R
793 4150 939 4219 prophetis
961 4170 979 4200 α
998 4151 1033 4220 cs.
1051 4151 1132 4203 flend.
1149 4169 1177 4220 p.
1197 4149 1236 4203 23

127 4217 157 4266 (ὦ
173 4235 273 4286 wrnmr
323 4237 357 4288 ‘27
375 4236 490 4304 prolatis
509 4238 540 4290 a.
