2790 4844
149 265 212 331 850
492 263 608 316 sancti
632 260 768 316 Hilarii
786 258 951 329 episcopi

149 456 289 536 praebeat
311 461 342 519 et
364 453 474 519 auibus
494 453 579 518 cibos
599 457 732 533 praeiet,
749 450 822 534 quia
837 450 875 515 ab
892 469 928 515 eo
945 449 1130 516 alimoniam
1148 453 1296 524 uniuersa

150 579 220 643 qua
242 558 367 636 creauit,
391 563 562 639 expectent.
608 558 663 621 sed
687 554 760 620 hac.
778 555 881 620 omnia
904 552 1086 639 diligentius
1110 556 1297 637 introspecta

148 663 383 748 significationis
406 660 532 728 alterius
554 661 701 726 uirtutem
725 660 756 724 in
780 678 814 725 se
837 658 962 724 habent.

193 766 223 832 8.
248 766 371 831 Scimus
394 766 477 832 enim
502 785 571 831 esse
593 764 702 841 nubes,
725 764 838 847 quibus
869 765 954 841 deus,
984 784 1025 828 na
1055 785 1152 845 super
1176 766 1294 831 uinearo

110 895 123 934 a
150 871 263 955 pluant
288 870 422 947 mandat,
457 870 536 935 siout
568 889 625 950 per
658 867 785 934 Esaiam
820 868 1021 933 dictumest:
1057 875 1099 934 et
1122 869 1294 935 nubibus

149 973 358 1055 mandabo,
396 993 442 1039 ne
480 973 623 1054 pluant
660 992 780 1056 super
818 992 904 1038 eam
940 971 1140 1054 pluuiam;
1181 975 1293 1038 uinea

150 1079 256 1144 enim
285 1077 438 1143 domini
462 1075 642 1143 Sabaoth
677 1079 818 1142 domus
841 1075 1004 1142 Israhel
1034 1090 1109 1142 θεῖ.
1154 1079 1293 1143 nouimus

149 1184 256 1259 nubes,
292 1201 362 1265 qua
396 1201 459 1265 pra
494 1180 615 1264 fulgore
646 1182 712 1246 eius
734 1183 765 1245 in
789 1187 955 1261 conspeetu
978 1181 1097 1246 domini
1122 1188 1291 1247 transeunt:

150 1307 228 1366 prae
251 1284 423 1368 fulgore,
455 1285 563 1369 inquit.
597 1286 683 1351 eius
717 1287 755 1350 in
788 1292 1012 1366 conspeetu
1047 1285 1139 1350 eius
1172 1288 1290 1351 nubes

97 1422 122 1458 ιο
150 1390 418 1455 transierunt.
464 1390 609 1455 nouimus
632 1389 738 1468 nubes,
762 1409 838 1473 quas
861 1389 938 1455 deus
960 1389 991 1453 in
1015 1409 1187 1455 ascensum
1208 1410 1289 1455 suurn

152 1494 268 1575 posuit:
302 1501 338 1559 et
371 1495 509 1576 posuit
542 1495 685 1559 nubem
722 1513 939 1559 ascensum
977 1513 1101 1560 suum.
1156 1494 1289 1560 nouimus

149 1599 256 1677 nubes,
279 1600 318 1663 ad
342 1619 419 1682 quas
441 1619 540 1682 usque
564 1599 613 1663 dei
636 1600 751 1664 ueritas
775 1604 838 1663 cet:
873 1605 910 1663 θῖ
933 1618 1061 1682 usque
1093 1599 1140 1662 ad
1171 1600 1287 1664 nubes

149 1703 307 1767 ueritas
330 1708 406 1767 tua.
451 1702 560 1768 athas
584 1703 682 1769 nubes
705 1702 824 1785 aliquot
838 1701 913 1767 locis
928 1709 1107 1768 sanctorum
1124 1703 1285 1768 doctrinam

150 1806 320 1890 significari
353 1809 430 1872 ratio
465 1806 605 1873 absoluta
639 1814 695 1883 est,
730 1828 798 1891 quae
835 1807 938 1872 uetitas
977 1806 1158 1872 infidelibus
1192 1806 1285 1888 pluere

97 1941 122 1977 ιθ
150 1910 271 1994 eloquia
294 1912 380 1976 arida
402 1912 564 1993 impiorum
580 1913 675 1977 corda
697 1932 757 1977 non
781 1912 920 1995 irrigant
965 1931 1044 1995 quaa
1063 1932 1137 1977 cum
1154 1912 1283 1976 dominns

150 2015 238 2093 adsit,
263 2035 332 2081 θεεθ
356 2017 537 2082 cessabunt:
568 2024 601 2081 ut
631 2023 696 2081 orto
726 2016 791 2082 sole
815 2015 972 2081 stellarum
995 2015 1102 2081 lumen
1126 2015 1281 2082 habeatur.

150 2120 192 2183 ita
215 2126 246 2185 θῖ
268 2120 415 2186 doctrina
439 2121 564 2186 nubium
589 2123 715 2186 domino
737 2122 805 2202 ipso
827 2122 891 2185 iam
918 2141 974 2201 per
996 2141 1032 2185 se
1053 2121 1195 2206 fulgente
1216 2139 1279 2201 pra

150 2229 280 2289 tereunt.
325 2245 380 2305 per
396 2245 473 2308 quas
490 2227 582 2290 ctiam
602 2227 641 2291 ad
665 2226 826 2291 dominum
850 2225 1076 2301 conscenditur,
1099 2227 1176 2291 dum
1191 2224 1278 2288 diuina

149 2328 328 2407 pradicatio
351 2330 408 2394 iter
432 2329 521 2395 nobis
544 2331 631 2412 regni
655 2330 789 2396 caelestis
811 2331 959 2397 ostendit:
983 2337 1015 2395 et
1037 2331 1108 2395 ideo
1124 2329 1173 2394 hae
1194 2329 1277 2393 nubes

97 2457 123 2495 oo
149 2432 239 2498 nobis
262 2433 369 2512 positae
393 2441 465 2498 sunt
487 2435 519 2498 in
541 2454 713 2500 ascensum.
759 2435 874 2499 ueritas
897 2453 1023 2518 quoque
1052 2435 1104 2500 dei
1134 2430 1275 2517 usquead

149 2535 248 2601 nubes
282 2540 409 2602 easdem
444 2545 499 2616 est,
535 2540 606 2622 quia
630 2540 670 2603 in
704 2560 739 2605 se
773 2558 879 2605 ueram
912 2539 962 2604 dei
992 2539 1198 2622 cognitionem
1219 2536 1272 2600 tue

125 2678 127 2684 ν
149 2639 286 2705 doctrina
308 2640 489 2722 prophetica
513 2644 657 2708 continet.

193 2745 221 2809 9.
248 2744 323 2810 Haec
348 2766 421 2830 ergo
445 2748 484 2810 ad
504 2747 829 2813 commemorationem
852 2747 901 2812 dei
924 2746 1062 2811 laudium
1086 2754 1271 2812 creaturarum

149 2867 265 2931 genera
289 2848 386 2914 electa
409 2863 488 2928 suut
512 2871 588 2942 qua,
605 2871 673 2916 cnm
697 2851 882 2931 praeconium
907 2851 938 2915 in
962 2870 996 2915 se
1019 2851 1167 2916 creatoris
1188 2854 1270 2913 osten·

97 2977 122 3014 aa
149 2953 268 3028 dorent,
286 2952 492 3033 parabolicam
511 2962 623 3032 tamem
639 2955 713 3032 siue,
730 2961 764 3020 ut
778 2953 935 3036 apostolus
950 2955 1002 3031 ait,
1026 2954 1268 3040 allegorumenam
1293 2994 1297 3003 ·

150 3057 237 3121 nobis
272 3058 446 3122 doctrinam
483 3059 526 3122 ita
564 3069 804 3124 commemorata
841 3058 1025 3139 praeberent.
1071 3057 1178 3125 calum
1210 3072 1266 3137 argu

150 3161 282 3226 nubibus
299 3161 479 3246 subtegitur,
504 3163 534 3226 id
555 3170 603 3228 est
625 3162 805 3246 prophetica
821 3163 959 3228 doctrina
973 3163 1067 3230 rebus
1091 3171 1139 3228 est
1153 3161 1265 3227 subiecta

149 3264 270 3330 diuinis.
316 3264 419 3346 pluuia
452 3267 543 3331 terris
577 3267 756 3345 infunditur,
792 3266 911 3351 eloquia
944 3267 1063 3333 scilicet
1087 3266 1191 3332 harum
1210 3263 1264 3328 sub

149 3377 302 3433 tertarum
333 3370 460 3434 nubium
484 3370 718 3450 profunduntur,
742 3392 798 3452 per
821 3392 889 3455 qua
911 3371 1094 3437 infructuosi
1117 3370 1172 3451 ipsi
1193 3377 1264 3451 atque
1321 3318 1324 3455 l

192 3561 299 3612 aaran.
319 3560 349 3624 r,
368 3565 392 3614 o.
429 3562 506 3614 aas.
526 3562 611 3628 aru,
632 3565 671 3616 ra.
709 3565 740 3616 11
760 3563 802 3616 aa.
822 3562 892 3629 0111,
910 3566 934 3615 a.
973 3565 1005 3617 ra
1024 3564 1065 3616 a..
1087 3563 1155 3628 nm,
1174 3565 1210 3615 ιι.
1321 3542 1324 3617 l

194 3720 205 3769 l
227 3717 303 3769 cibos
322 3735 352 3770 ca
370 3718 439 3771 cibis
463 3716 495 3772 m.
516 3720 532 3770 1
551 3720 576 3772 R
629 3723 730 3788 8prao
757 3721 882 3788 fulgorate
901 3721 926 3773 R
982 3722 1014 3774 10
1032 3738 1101 3788 quaa
1128 3738 1157 3774 a
1181 3710 1267 3788 quali
1321 3696 1324 3813 l

149 3806 181 3856 13
201 3804 308 3871 aliquot
334 3823 364 3857 cr
390 3806 502 3873 aliquod
529 3807 555 3859 R
610 3810 642 3860 15
660 3807 787 3874 aoloqnia
815 3808 841 3861 R
868 3805 919 3871 (ito
946 3818 973 3859 at
1000 3825 1084 3861 occroe.
1111 3826 1167 3861 cunr
1191 3805 1269 3875 pluero

147 3893 337 3958 conioapendar
363 3895 403 3955 air,
430 3894 465 3961 cs.
493 3895 556 3946 Abla.
586 3894 635 3956 IV,
666 3893 700 3945 73
726 3894 836 3962 eloquio
861 3895 889 3946 E
945 3894 1066 3963 irrigant
1094 3895 1120 3948 R
1146 3887 1273 3964 riganti

149 3978 181 4029 16
199 3978 309 4030 eolacR
362 3978 559 4033 haebetaturll
614 3983 646 4033 17
665 3982 808 4034 doctrinae
817 3983 868 4035 Ed.
878 3982 962 4034 Bocil.
982 3981 1059 4034 1550
1075 3992 1099 4036 et
1115 3983 1199 4035 Para.
1215 3974 1276 4033 fait

147 4062 275 4116 doctrina
294 4065 319 4117 a
371 4072 549 4134 praetereunt
568 4087 580 4120 c
598 4072 755 4135 praetereat
773 4069 799 4121 R
815 4067 848 4130 cs.
867 4068 931 4121 Aba.
951 4069 1002 4131 IV,
1023 4069 1056 4122 74
1111 4072 1146 4124 23
1169 4069 1281 4124 laudium

147 4149 173 4201 R
191 4151 225 4217 cs.
246 4151 319 4204 Neue
337 4153 467 4205 Formenl.
487 4155 509 4219 J,
528 4152 587 4206 279
604 4155 755 4208 laudumE
805 4154 1079 4223 auellegomminnm
1092 4158 1117 4209 R
1169 4160 1205 4212 28
1221 4158 1284 4212 sclo-

147 4236 212 4302 quia
232 4237 257 4288 R
309 4241 499 4294 subtextarum
519 4242 544 4294 R
562 4242 750 4295 subtectarum
770 4242 803 4295 E.
