2790 4844
401 268 584 318 tractatus
603 265 636 317 in
654 266 827 335 psalmum
846 264 964 319 CXLIX.
1191 263 1253 329 867

100 475 175 520 oum
211 455 339 520 dicitur:
373 461 537 520 cantate
574 456 736 520 domino
770 454 974 520 oantieum
1009 473 1160 519 nouum.
1206 460 1256 520 est

102 559 198 640 plane
221 579 335 625 nouum
352 560 514 624 oantioum.
560 558 645 624 euius
661 558 785 642 quidem
804 559 874 623 noui
889 558 997 623 cantici
1014 557 1251 642 gratulationem

102 665 169 728 iam
182 670 212 729 et
222 663 253 727 in
267 664 475 745 superioribus
488 661 625 744 psalmia,
641 664 671 727 in
686 663 797 746 quibus
811 682 924 728 nouum
938 663 1089 728 eantioum
1103 667 1252 744 cantatur,

102 768 313 832 ostendimus:
337 787 405 832 curn
423 768 453 832 in
469 767 615 852 gentihus
627 767 771 832 dominus
787 786 856 831 esse
868 772 1055 850 regnaturus
1071 767 1252 846 ostenditur,

103 891 176 936 oum
199 871 301 953 ipsum
317 872 356 936 ud
373 871 461 954 regni
485 870 618 954 gloriam
635 872 761 936 dextera
776 890 830 935 sua
846 869 986 947 saluabit‚
1002 890 1072 935 oum
1085 872 1257 954 adsumens
1292 897 1305 936 a

104 995 143 1040 ex
158 975 281 1040 insarno
297 976 434 1040 animam
446 994 532 1039 suam
549 995 605 1040 nos
621 994 726 1040 seeum
742 975 914 1054 adsumpsit
925 975 957 1038 in
970 993 1068 1059 reges.
1092 975 1251 1056 proprium

103 1099 180 1164 ergo
196 1078 255 1144 hoo
272 1079 424 1145 oantioum
443 1099 554 1143 nouum
572 1085 620 1144 est
631 1079 745 1143 sanctis
758 1080 832 1143 eius,
856 1079 888 1143 id
900 1079 982 1144 enim
995 1080 1150 1162 sequitur:
1173 1077 1252 1143 lau·

104 1183 219 1248 datio
243 1184 329 1249 eius
353 1183 383 1246 in
408 1182 587 1248 ecelesia
615 1187 857 1248 sanctorum.
903 1181 1064 1247 laetetur
1087 1181 1253 1249 Israhel

104 1289 143 1352 in
167 1276 219 1365 eo,
255 1288 320 1371 qui
355 1287 458 1352 feeit
492 1306 588 1369 eum,
623 1292 663 1351 et
696 1285 780 1351 filii
805 1287 899 1351 Sion
924 1286 1253 1368 exultentsuper

104 1411 242 1476 regem
265 1412 392 1456 auum:
416 1390 586 1456 laudent
609 1410 750 1455 nomen
774 1391 860 1455 eius
883 1390 921 1454 in
945 1390 1130 1468 ohorain
1155 1401 1250 1473 tym·
1281 1418 1309 1455 ro

104 1516 206 1576 pano
230 1501 269 1561 et
291 1494 493 1577 psalterio
516 1494 699 1576 psallant
722 1495 772 1573 ei;
796 1495 827 1559 id
845 1495 996 1571 estinea
1013 1495 1064 1578 qui
1081 1497 1251 1560 seeundum

102 1600 299 1679 nonagesimi
338 1606 369 1664 et
407 1600 506 1682 quinti
543 1598 655 1680 psalmi
694 1598 847 1663 canticum
886 1618 998 1663 nouum
1038 1600 1180 1682 regnabit
1218 1600 1250 1664 in

101 1703 250 1787 gentibus
274 1711 305 1768 et
327 1723 421 1787 quem
444 1703 475 1767 ia
498 1703 640 1787 sequenti
664 1703 783 1768 cantico
807 1723 885 1767 nouo
902 1703 931 1767 in
950 1702 1143 1768 mirabilibus
1159 1702 1250 1769 factis

101 1808 167 1873 suis
204 1808 363 1874 dominum
398 1806 530 1873 saluabit
564 1809 693 1872 dextera
726 1826 791 1871 sua
839 1826 930 1887 super
964 1806 1022 1872 hoo
1057 1808 1152 1891 igitur
1174 1827 1248 1889 rege

101 1911 225 1976 laetatur
248 1910 368 1976 Israhel
392 1917 422 1976 et
444 1911 516 1976 Sion
548 1911 611 1987 filii,
647 1911 712 1976 eius
742 1910 859 1976 scilieet
882 1909 963 1988 Sion,
995 1931 1063 1994 qua
1094 1917 1194 1976 mater
1215 1912 1247 1976 in
1276 1935 1301 1972 ra

101 2015 188 2080 oaelis
203 2021 258 2092 est,
275 2035 343 2098 quae
359 2016 602 2096 conscriptorum
621 2015 847 2096 primitiuorum
864 2021 894 2078 et
908 2014 1089 2098 angelorum
1105 2015 1248 2100 frequen·

102 2119 233 2183 tantiam
258 2119 366 2184 ciuitas
390 2126 444 2197 eat,
480 2127 509 2185 et
532 2118 652 2184 Israhel
675 2118 736 2194 ille,
773 2120 825 2203 qui
859 2119 977 2198 spiritu,
1001 2138 1061 2183 non
1098 2119 1198 2185 littera
1221 2127 1252 2184 et

101 2243 196 2303 super
230 2243 323 2306 quem
359 2223 489 2304 apostoli
522 2245 580 2303 pax
615 2231 671 2288 est.
717 2222 750 2286 hi
774 2242 848 2307 ergo
871 2221 935 2298 filii,
970 2225 1023 2306 qui
1045 2224 1250 2304 suscipientes

103 2326 350 2411 confitentesque
383 2347 491 2411 regem
526 2326 582 2391 filii
617 2327 666 2392 dei
700 2327 773 2391 faeti
809 2334 888 2401 sunt,
924 2326 1117 2411 ethiergo
1142 2328 1248 2411 quiin

102 2451 229 2512 corpore
253 2431 343 2496 deurn
368 2432 483 2496 mentis
506 2431 601 2496 oeulis
635 2437 837 2514 agnouerunt
872 2429 1056 2496 laetabuntur
1085 2432 1116 2496 in
1147 2431 1249 2510 choro,
1277 2463 1303 2500 ao

104 2535 133 2599 in
158 2542 307 2619 tympano
330 2534 539 2619 psalterioque
567 2534 743 2616 psallentes.
789 2533 857 2599 haeo
887 2541 990 2600 autem
1021 2555 1107 2601 musa
1135 2534 1249 2601 latitia

103 2640 132 2703 in
157 2639 362 2705 tabernaculis
392 2640 540 2705 iustorum
565 2646 621 2716 est,
645 2648 675 2705 et
699 2639 729 2703 iu
753 2639 946 2723 symphoniae
969 2646 1063 2704 oantu
1085 2646 1192 2705 cantus
1215 2641 1248 2706 in

105 2744 202 2808 reditu
226 2743 281 2808 filii
305 2744 480 2824 paenitentis
504 2745 633 2808 auditur.

147 2847 176 2912 3.
200 2846 276 2928 Quae
300 2852 402 2913 autem
426 2868 507 2912 nuno
530 2848 651 2929 proprie
675 2854 745 2927 post
767 2854 973 2912 ereaturarum
990 2847 1194 2913 laudationem
1217 2853 1249 2914 et

105 2953 263 3036 superiora
293 2953 412 3017 eantiea
437 2972 516 3017 noua
539 2951 629 3016 huius
654 2951 766 3016 oantioi
788 2951 859 3015 noui
884 2971 977 3016 eausa
1000 2957 1091 3030 esset,
1113 2953 1248 3017 ostendit
1276 2982 1327 3020 aa·

106 3055 228 3121 dicens:
268 3057 361 3138 quia
395 3055 703 3136 beneplacitum
739 3062 801 3119 est
834 3057 996 3120 domino
1030 3056 1068 3120 in
1103 3056 1250 3137 populo

107 3179 190 3225 suo:
215 3159 418 3225 exaltabit
450 3165 682 3225 mansuetos
714 3160 751 3222 in
777 3158 962 3224 salutern.
1009 3159 1252 3226 exultabunt

108 3260 238 3329 sancti
266 3265 304 3329 in
331 3263 473 3348 gloria.
519 3265 623 3328 omnia
638 3265 765 3347 quidem
781 3264 846 3341 deo,
863 3283 932 3328 oum
957 3270 1159 3340 sumerseta,
1186 3264 1248 3346 pla·

107 3374 234 3434 suerunt
256 3367 371 3434 Genesi
406 3373 549 3446 testante,
583 3388 653 3432 oum
689 3368 779 3432 dicit:
815 3375 851 3433 et
887 3369 991 3433 uidit
1024 3368 1133 3448 deus,
1157 3369 1250 3453 quia

106 3468 206 3537 hona
237 3479 344 3550 sunt;
379 3474 434 3538 sed
468 3472 695 3553 beneplacitum
720 3473 746 3536 ei
779 3473 808 3536 in
833 3471 943 3553 populo
967 3493 1020 3537 suo
1044 3494 1111 3539 esse
1137 3493 1249 3557 cogno·
1276 3501 1302 3538 ao

105 3578 229 3642 seimus.
276 3578 356 3641 bona
387 3578 513 3660 quidem
537 3577 653 3642 creatio
676 3575 813 3641 hominis
838 3584 893 3654 est,
925 3578 997 3660 quia
1028 3597 1095 3660 qua
1124 3578 1248 3642 initium

147 3717 181 3771 18
200 3716 260 3769 Gal.
280 3716 324 3784 Vl,
346 3720 384 3770 16.
420 3719 454 3770 29
473 3716 539 3769 Gen.
559 3717 579 3783 1,
599 3717 640 3770 31.

145 3838 331 3893 GleteturR
386 3840 415 3891 11
437 3837 465 3891 id
484 3837 661 3892 estRiden
716 3841 747 3892 13
767 3838 1001 3906 quequuaan
1053 3842 1088 3905 14
1106 3820 1249 3892 dominum
1299 3814 1304 3827 ¹

99 3921 127 3977 R
145 3944 197 3978 om.
216 3942 238 3975 π
290 3926 325 3978 20
339 3936 398 3995 post
426 3941 542 3993 corpore
571 3923 678 3976 14-15
707 3926 754 3977 lin.
782 3925 892 3977 eroaR
946 3926 1059 3993 agnouit
1079 3925 1250 3979 letabuntR

95 4059 325 4132 21timpanors
376 4081 455 4117 musa
474 4064 499 4116 R
518 4063 622 4117 musica
649 4065 690 4116 ael
717 4080 799 4118 causa
817 4066 881 4116 coni.
901 4064 996 4117 Bened.
1050 4065 1084 4118 112
1103 4010 1164 4117 at¹¹¹
1185 4064 1250 4117 sim·

95 4151 224 4212 phoniae
251 4156 335 4204 cantu
362 4156 460 4204 cantus
480 4152 505 4203 R
523 4156 551 4203 et
569 4151 749 4219 symphoniae
776 4156 872 4204 cantus
897 4153 960 4203 coni.
982 4151 1077 4204 Bened.
1131 4154 1163 4204 31
1185 4153 1248 4218 quia

94 4249 174 4302 quse
193 4239 220 4291 R
237 4242 268 4291 ut
287 4254 355 4305 quae
374 4239 415 4291 uel
434 4238 536 4306 quippe
556 4254 625 4305 quae
646 4238 741 4290 Bened.
829 4302 832 4308 Ι
