2790 4844
191 235 252 300 174
522 237 639 288 sancti
665 236 799 289 Hilarii
824 237 989 305 episcopi

233 428 261 488 a.
288 426 365 506 Quid
390 434 496 505 autem
514 425 720 490 confitendum
753 427 783 489 in
819 425 938 507 populis
972 425 1227 510 psallendumque
1252 429 1334 492 iuter

191 537 299 614 gentes
323 537 412 603 esset,
436 529 585 594 ostendit:
610 530 702 613 quia
726 530 998 614 magnificata
1032 538 1094 594 est
1127 550 1254 615 usque
1285 533 1332 596 ad

191 634 308 699 caelos
333 635 618 699 misericordia
641 642 707 699 tua
731 647 770 699 et
793 654 917 719 usque
942 635 988 698 ad
1023 635 1148 699 nubes
1171 638 1332 701 ueritas

192 747 261 803 tua.
289 738 1334 823 hecestorgcinpopulisgentibusqueconsessioquiamagnificata

152 868 165 906 a
192 844 343 926 usquead
360 842 449 906 caelos
471 843 681 908 misericordia
697 844 737 907 sit
752 849 783 908 et
801 844 915 908 ueritas
935 864 1032 926 usque
1052 845 1090 908 ad
1107 845 1214 909 nubes.
1261 865 1332 908 nam

192 967 260 1011 cum
279 947 401 1011 dominc
417 947 540 1010 obuiam
559 948 654 1011 sancti
671 949 828 1028 rapientur
843 949 874 1011 in
891 948 1021 1012 nubibus
1036 948 1103 1029 ipsc
1123 947 1174 1013 illc
1197 951 1279 1014 nube
1302 951 1333 1013 in

193 1053 422 1116 resurrectionis
445 1072 572 1132 corpore
596 1053 713 1116 eleuata
736 1059 766 1116 et
790 1060 976 1117 creatura
1008 1055 1133 1117 omnis
1164 1054 1332 1118 secuudum

192 1155 363 1236 apostolum
384 1177 402 1220 a
424 1156 686 1239 corruptione
710 1157 763 1220 sit
785 1155 1001 1220 liberanda
1023 1158 1334 1241 pacificataque

193 1262 323 1324 omnia
347 1280 415 1341 per
439 1280 524 1325 eum
548 1261 645 1324 etin
670 1259 930 1325 caelcsintet
960 1262 996 1325 in
1023 1267 1141 1338 terra,
1170 1263 1281 1327 merito
1305 1270 1335 1327 et

141 1388 165 1424 ιο
192 1385 289 1447 usque
299 1365 336 1428 ud
347 1365 443 1429 nubes
455 1365 567 1428 ueritas
579 1376 692 1428 nostrae
704 1365 735 1427 in
745 1384 779 1428 ec
792 1365 1023 1429 resurrectionis
1032 1366 1165 1430 ecfertur
1174 1377 1203 1431 ot
1213 1367 1335 1449 magni-

192 1469 300 1534 ficatur
316 1488 413 1551 usquc
430 1471 468 1532 ad
485 1468 574 1533 caulos
593 1469 802 1533 misericordia
815 1470 888 1543 eius,
906 1469 1168 1552 congemescentis
1185 1481 1336 1535 creature

193 1573 383 1652 corruptione
399 1573 535 1652 depulsa.
581 1575 636 1637 sed
652 1572 760 1637 hcrum
778 1573 903 1655 quidem
920 1592 1016 1656 usque
1029 1574 1068 1636 ad
1080 1574 1177 1638 nubes
1190 1581 1220 1638 et
1236 1594 1336 1658 usque

194 1677 233 1740 ad
261 1675 351 1741 caelos
385 1677 576 1761 significatur
610 1677 716 1746 elatio:
750 1697 858 1741 uerum
893 1676 934 1740 illi
972 1678 1126 1758 proprium
1161 1687 1208 1743 est
1242 1679 1336 1744 caelos

194 1781 369 1865 transgredi
395 1789 425 1845 et
447 1801 570 1845 omnem
595 1801 720 1845 sensum
752 1781 933 1845 existimatae
964 1781 1159 1846 sublimitatis
1190 1784 1334 1848 euadere.

143 1904 167 1943 15
240 1885 289 1949 lt).
314 1884 456 1966 Repetite
478 1886 581 1969 itaque
603 1886 668 1965 spei
693 1907 756 1949 suae
781 1887 955 1964 precatione
972 1884 1121 1968 propheta
1144 1887 1188 1951 sic
1212 1886 1336 1952 clausit:

195 1987 379 2053 exaltare
397 1990 657 2069 supercalcs.
682 1991 788 2066 dena,
810 1998 844 2054 et
867 2009 1156 2070 superomnem
1181 2001 1334 2056 terram

194 2093 326 2176 gloria
360 2100 433 2158 tun.
480 2093 580 2157 nullus
614 2094 775 2158 exaltando
810 2096 866 2158 den
898 2096 1007 2158 modus
1042 2102 1104 2162 est:
1139 2115 1211 2159 nain
1245 2116 1335 2177 super

195 2197 285 2262 caulos
309 2198 373 2262 eius
398 2197 486 2261 elatio
503 2206 559 2262 est.
606 2199 747 2262 deminus
764 2199 844 2262 enini
863 2192 1070 2263 creaturarum
1086 2198 1166 2263 ultra
1180 2212 1333 2264 creaturas

194 2300 418 2386 intellegendus
431 2314 485 2366 est.
532 2310 646 2366 etcum
664 2302 751 2366 nobis
764 2323 824 2366 non
838 2302 919 2366 aliud
933 2303 972 2366 sit
994 2304 1025 2366 in
1047 2304 1224 2387 cognitione
1245 2324 1334 2387 quam

142 2424 168 2461 20
195 2404 310 2482 eaelum,
335 2406 413 2470 ultra
437 2426 560 2470 omnem
595 2426 721 2470 sensum
756 2414 811 2483 est,
846 2407 896 2489 qui
933 2427 1024 2488 super
1058 2406 1149 2472 caelos
1184 2409 1332 2473 exaltatus

195 2530 319 2574 sensnm
342 2510 474 2574 notionis
498 2511 625 2575 excedit.
673 2510 882 2575 misericordia
916 2512 1041 2594 quidenr
1076 2511 1141 2576 eius
1174 2533 1275 2596 usque
1306 2515 1334 2577 in

196 2633 251 2677 nos
279 2615 472 2690 redundriuit,
497 2616 551 2678 sed
578 2614 775 2697 magnificata
808 2617 966 2697 usquead
991 2615 1083 2679 caelcs
1106 2616 1137 2679 in
1161 2616 1334 2682 celestibus

195 2737 263 2780 mox
298 2717 417 2782 futuris.
464 2725 584 2783 etcum
619 2739 717 2802 usque
751 2720 791 2782 ad
826 2720 923 2783 nubes
959 2719 1072 2784 ueritas
1106 2721 1171 2784 eius
1195 2720 1276 2785 elata
1299 2721 1336 2785 sit

195 2822 284 2885 uobis
308 2822 428 2886 obuiam
453 2823 484 2886 in
508 2824 588 2887 nube
612 2823 775 2902 rapiendis
811 2825 864 2888 sed
888 2822 980 2887 caelcs
1004 2844 1113 2888 omnes
1137 2832 1240 2889 tamen
1267 2845 1334 2890 ccu-

143 2942 169 2979 2⁶
195 2945 335 2990 sessurus
358 2948 377 2990 a
400 2927 448 2991 dei
473 2927 588 2992 dextris
612 2927 683 3007 ipse
700 2927 897 3005 transcendit,
932 2927 1030 3012 gloria
1063 2948 1185 3012 quoque
1217 2930 1283 2994 cius
1306 2930 1335 2993 in

240 3086 255 3135 7
274 3083 352 3136 Rom.
370 3082 444 3149 Vlll,
463 3086 504 3136 21.
540 3086 557 3137 8
576 3083 677 3137 Coloss.
697 3085 717 3151 l,
736 3087 776 3139 20.

239 3258 301 3309 3et
326 3257 428 3310 ueritas
455 3265 503 3310 tua
530 3275 615 3324 usque
642 3258 676 3310 ad
703 3257 789 3311 nubes
818 3258 870 3309 PE
920 3258 1146 3312 amisericordia
1173 3259 1210 3311 sit
1237 3260 1338 3328 scripsi,

196 3342 550 3396 misericordia÷÷÷R
562 3344 599 3396 sit
617 3344 806 3397 misericordia
818 3344 895 3396 VI'E
945 3348 962 3398 θ
980 3344 1124 3412 rapiantur
1142 3363 1173 3397 ex
1191 3345 1339 3414 rapientur

199 3431 223 3481 'i'
262 3430 341 3482 illae
394 3430 422 3482 in
450 3432 660 3484 resurrectionis
688 3447 824 3501 corporee
848 3452 866 3481 α
894 3431 922 3484 in
952 3431 1162 3484 resurrectionis
1187 3447 1338 3501 corporeae

196 3516 314 3585 gloriam
323 3519 361 3569 ed.
379 3518 460 3569 Basti.
480 3517 560 3584 1550,
576 3517 639 3570 Par.
654 3517 729 3570 1:572
782 3521 797 3571 7
816 3520 924 3572 eleuatc
936 3519 1004 3587 Ros.
1015 3519 1059 3571 Ps.
1070 3518 1152 3570 LXII
1160 3536 1217 3588 cap.
1228 3519 1256 3585 3,
1266 3519 1341 3573 elato

197 3621 227 3655 ea
245 3603 311 3655 elati
329 3604 353 3654 T
371 3602 437 3656 elati
456 3623 485 3657 ea·
503 3604 572 3657 eluti
600 3605 626 3654 l'
647 3605 745 3657 elatio
770 3605 874 3658 elatee
926 3603 1198 3673 Spacificadaquee
1253 3609 1341 3675 9per

197 3706 258 3742 eum
279 3706 349 3757 qnae
367 3696 395 3744 et
413 3691 442 3744 in
463 3692 489 3743 Ε
543 3694 574 3745 10
591 3695 701 3744 nostrae
719 3693 899 3758 ‹·cni.Beaed.,
918 3698 1013 3745 nostra
1026 3692 1116 3745 Rl'Ye
1168 3690 1344 3746 h⁹ferturP

196 3775 263 3830 haec
281 3777 371 3829 fertur
390 3778 414 3828 T
468 3780 497 3831 ll
524 3779 759 3846 congemescentis
779 3779 804 3831 R
822 3778 1050 3847 congemiscentis
1069 3778 1149 3830 Pru
1200 3780 1235 3833 111
1261 3796 1343 3848 prae·

196 3863 305 3918 catione
323 3865 349 3916 R
403 3867 435 3918 16
453 3881 536 3933 super
554 3864 639 3918 coelis
666 3867 704 3918 ed.
733 3865 796 3917 Pur.
822 3865 896 3918 1572
913 3865 1031 3919 coeliab
1085 3868 1117 3918 17
1135 3864 1226 3934 gloria
1244 3871 1296 3921 tua
1313 3886 1344 3921 ea

196 3951 315 4019 gloriam
332 3955 409 4004 tuam
427 3952 453 4004 11
508 3953 539 4004 18
557 3956 747 4005 creaturarum
765 3951 840 4005 ultra
860 3951 949 4005 RPTo
968 3957 1158 4006 creaturarum
1176 3957 1220 4006 est
1240 3954 1343 4008 ultrae

199 4040 230 4091 19
248 4037 444 4106 intelligendus
462 4038 478 4091 e
497 4035 549 4103 (cst
569 4035 603 4104 Τ)
622 4039 675 4091 11Τ
691 4038 887 4107 intelligendus
907 4039 947 4091 Pa
999 4040 1031 4093 21
1052 4039 1163 4093 excedit
1185 4057 1218 4093 ea
1236 4040 1344 4095 excidit

195 4142 263 4178 coar.
281 4143 314 4178 m.
334 4125 350 4177 1
369 4126 394 4177 11
412 4125 535 4178 excludit
556 4125 617 4178 I'Te
670 4126 704 4178 22
722 4125 888 4188 redundabit
908 4126 932 4178 11
984 4127 1019 4178 24
1038 4126 1087 4179 sed
1101 4126 1214 4178 anan
1233 4127 1344 4182 scilicet

198 4214 235 4265 ed.
254 4212 337 4266 Basti.
357 4211 440 4280 1550,
460 4213 522 4265 Par.
543 4210 617 4265 1572>
668 4214 702 4266 25
721 4213 897 4266 transcendet
915 4213 948 4265 11,
