2790 4844
154 221 194 285 42
493 220 610 273 sancti
635 220 770 273 Hilarii
795 221 956 289 episcopi

152 410 251 475 batur.
297 416 327 475 et
350 410 407 476 hoc
437 412 468 473 in
493 411 641 474 Actorum
665 410 742 474 libro
766 412 808 473 ita
831 411 988 475 scribitur:
1013 419 1128 476 erant
1161 418 1293 477 antem

152 516 190 579 in
231 513 489 580 Hierusalem
527 513 766 579 habitantes
800 512 940 590 Iudrni,
986 516 1063 579 uiri
1100 516 1295 581 timentes

153 621 277 700 deum,
301 619 347 683 ab
371 620 474 683 ‹irnni
498 626 628 703 gente,
660 639 742 701 quic
777 619 849 683 sub
872 617 967 682 caelo
990 626 1060 684 est.
1107 619 1209 702 populi
1239 621 1294 684 ita·

153 744 213 806 que
235 724 286 787 isti
310 724 448 788 meditati
473 724 577 788 inania
600 731 671 788 sunt
694 743 731 788 ex
755 722 859 787 multis
885 722 1003 803 populis
1028 724 1058 786 iu
1081 744 1176 787 nuum
1199 745 1295 805 popu-

128 827 215 892 slum
241 829 429 912 congregati.

90 1002 93 1006 ,
196 931 224 996 8.
247 931 352 1015 Reges
375 952 497 1015 quoque
519 932 711 1006 adstiterunt,
743 931 858 995 Pilatus
890 931 1008 997 scilicet
1037 938 1066 996 et
1091 931 1240 1008 Herodes,
1263 935 1293 996 in

153 1036 264 1119 quibus
286 1056 378 1120 reges
401 1043 489 1101 terrae
512 1034 746 1119 intelleguntur:
774 1042 803 1100 et
826 1042 953 1118 uterque
976 1056 1031 1116 prr}
1054 1035 1167 1119 legum,
1184 1036 1296 1119 quibus

151 1147 313 1221 praetant,
351 1141 533 1206 necessitate
571 1142 743 1221 praeseutia
776 1161 839 1205 sna*
873 1141 1013 1206 adhibuit
1053 1140 1196 1205 officinm.
1243 1143 1295 1224 qui

152 1251 255 1308 aulem
278 1244 372 1325 impio
397 1244 633 1327 inreligiosoque
656 1244 782 1310 consilio
805 1244 910 1309 multis
929 1245 1129 1310 conuentibus
1144 1245 1295 1309 aduersus

100 1376 124 1410 a·
152 1350 311 1414 dominnm
346 1348 527 1426 tractabant,
563 1348 593 1412 hi
629 1350 782 1430 principes
816 1351 1001 1414 conueniunt
1034 1351 1199 1413 inunum:
1234 1348 1296 1413 fre·

152 1463 281 1534 quenter
304 1451 419 1516 scilicet
441 1453 471 1516 iu
495 1454 621 1517 dominu
648 1452 774 1533 (laiphae
797 1453 941 1517 erunibus
964 1454 1157 1517 sacerdotum
1182 1454 1294 1532 princi·

152 1556 242 1635 pibus
276 1557 483 1640 congregatis.
520 1558 653 1639 denique
683 1577 803 1641 reges
834 1567 951 1622 terrm
982 1558 1204 1648 cognominati
1222 1566 1294 1621 suut

152 1659 293 1724 Herodes
316 1660 469 1725 tetrarcha
491 1666 521 1725 et
543 1659 660 1725 Pilatus
684 1673 805 1741 prator,
836 1663 909 1744 qnia
932 1664 996 1726 iure
1027 1663 1140 1726 terreni
1171 1662 1292 1742 imperii

152 1763 344 1828 adstiterunt.
368 1765 461 1829 ceteri
477 1772 591 1841 autem,
608 1766 659 1848 qui
676 1767 707 1829 iu
729 1785 823 1829 unum
848 1777 1061 1839 conuenerunt,
1085 1785 1185 1848 neque
1208 1766 1293 1846 prin·

100 1896 125 1931 a
152 1868 236 1948 cipes
259 1873 347 1932 terrm
371 1874 449 1945 sunt,
473 1870 740 1952 neqneprincipes
756 1871 958 1945 sacerdotum,
982 1871 1053 1952 quia
1067 1889 1125 1935 nec
1141 1871 1187 1933 ius
1203 1871 1293 1949 regni

152 1972 198 2034 sui
232 1973 353 2051 praetori
389 1971 528 2036 Romano
563 1980 593 2037 et
627 1973 787 2039 tetrarcha
822 1973 936 2038 subditi
970 1973 1158 2050 obtinebant,
1192 1992 1293 2056 neque

151 2073 230 2138 ultra
253 2077 313 2138 iam
337 2077 491 2159 principes
522 2078 714 2141 sacerdotum
747 2078 957 2162 cognominari
990 2077 1197 2157 atterebantur,
1222 2079 1294 2159 quia

152 2179 238 2258 impii
261 2181 292 2243 iu
316 2181 407 2244 deum
431 2200 466 2245 ac
490 2181 649 2245 dominum
673 2183 768 2262 ipsius
792 2181 953 2247 sacerdotii
978 2182 1154 2246 extitissent.

195 2283 224 2346 9.
249 2283 288 2347 Et
311 2285 384 2366 quia
405 2305 466 2348 nun
491 2286 671 2370 ambiguum
695 2291 751 2361 est,
775 2307 811 2351 ex
835 2305 968 2365 persona
988 2286 1036 2349 dei
1061 2285 1161 2348 Patris
1185 2304 1292 2350 secun·

27 2428 29 2432 ν
99 2413 124 2450 so
152 2388 225 2451 dum
250 2387 445 2468 apostolicam
469 2391 680 2454 auctoritatem
714 2388 868 2470 psalmum
904 2400 1036 2469 coepturn
1071 2408 1147 2464 esse,
1178 2389 1292 2471 quippe

152 2511 220 2556 cum
244 2492 390 2556 dixerint:
426 2493 491 2576 qui
526 2513 658 2574 perus
690 2495 821 2573 patris
845 2496 973 2558 nostri
997 2494 1133 2559 Dauid.
1157 2494 1290 2558 sancti

151 2597 264 2678 pueri
297 2597 361 2669 tui,
386 2597 542 2669 dixisti,
578 2598 691 2663 idcirco
720 2600 802 2663 eninr
827 2600 865 2663 ad
889 2597 1128 2680 intellegendam
1153 2616 1290 2678 persona

151 2700 391 2764 demutationem
416 2702 455 2765 ab
479 2702 749 2782 interpretantibus
769 2703 959 2767 interiectum
985 2700 1214 2781 diapsalma
1237 2711 1289 2774 est,

149 2802 221 2868 licet
244 2805 273 2867 in
297 2803 384 2869 libris
410 2804 609 2870 Hebrruorum
633 2826 693 2869 non
717 2807 932 2871 contineretur.
957 2825 1088 2885 persona
1115 2824 1197 2889 ergo,
1223 2825 1289 2888 quen

98 2936 123 2973 as
150 2908 331 2983 demutatur,
366 2908 570 2988 apostolomm
594 2929 661 2974 esse
685 2909 893 2992 intellegenda
916 2924 970 2987 est,
1001 2910 1182 2974 dicentium:
1215 2910 1285 2973 dis·

150 3031 378 3090 rumpamus
411 3012 575 3101 uincula
608 3034 741 3079 eorum
776 3021 814 3079 et
850 3014 1098 3094 proiciamus
1132 3035 1149 3076 a
1174 3013 1289 3078 nobis

150 3115 283 3198 iugum
318 3116 506 3196 ipsorum.
553 3118 697 3182 detestari
721 3137 773 3182 eos
807 3138 935 3182 necesse
962 3118 1115 3201 estquod
1149 3125 1289 3202 arguunt.

150 3217 259 3282 horum
283 3239 366 3304 ergo,
389 3221 441 3302 qui
466 3227 495 3285 et
519 3221 713 3285 fremuerunt
735 3228 765 3286 et
788 3223 893 3286 inania
908 3223 1044 3285 meditati
1068 3228 1147 3293 sunt,
1170 3221 1291 3286 uincula

150 3323 344 3405 disrumpunt
373 3337 404 3388 et
425 3325 531 3408 iugum
567 3325 710 3389 abiciunt.
757 3335 787 3390 et
821 3346 880 3389 nou
915 3327 1095 3409 ambiguum
1131 3333 1186 3401 est,
1217 3327 1290 3408 quin

150 3424 272 3491 differat
309 3429 416 3511 iugum
450 3427 572 3493 abicere
607 3435 637 3493 et
669 3429 792 3493 uincula
821 3450 979 3510 nurrperc;
1014 3429 1094 3512 quud
1127 3435 1290 3512 utrumque

194 3551 207 3600 1
227 3550 288 3601 Act.
307 3566 349 3616 ap.
368 3549 402 3616 ll,
420 3552 444 3602 5.

192 3687 274 3740 edin
300 3687 323 3737 l'
347 3687 489 3741 dominnm
514 3690 568 3741 RE
636 3694 654 3743 4
677 3691 803 3745 meditati
828 3710 858 3744 cc
884 3691 1024 3744 meditatis
1044 3710 1075 3742 ur.
1098 3691 1110 3741 l
1135 3691 1159 3741 V
1228 3698 1293 3745 aunt

149 3772 241 3826 inania
260 3773 288 3824 E
346 3773 496 3828 dher-odes
514 3794 544 3828 ec·
561 3776 670 3830 herodis
689 3797 721 3830 nr.
741 3778 760 3830 2
784 3779 806 3831 l·
866 3778 1047 3832 9aducrsum
1068 3777 1093 3829 V
1144 3780 1177 3831 10
1199 3778 1247 3831 driu
1273 3779 1295 3830 l'

149 3860 307 3913 tractabant
325 3878 355 3913 ex
372 3863 533 3917 tractabunt
557 3883 589 3916 nr.
614 3863 634 3915 2²
657 3865 681 3917 V
750 3868 780 3918 11
806 3865 893 3918 caitae
924 3866 969 3917 Vll
1041 3867 1074 3918 14
1097 3880 1187 3931 neque
1213 3881 1293 3935 reges

149 3951 239 3999 terrac
266 3966 277 3994 ε
350 3950 381 4001 lo
417 3949 521 4003 subditi
548 3950 711 4004 obtinebant
735 3950 794 4016 (ant
820 3972 850 4005 es
876 3957 927 4004 unt
954 3970 986 4004 m.
1015 3951 1044 4016 2)
1080 3952 1105 4003 V
1129 3952 1295 4005 obtinebant

150 4032 252 4086 subditi
272 4034 300 4085 Ε
353 4037 385 4087 18
403 4035 592 4089 sacerdotale
644 4039 675 4090 21
696 4038 799 4091 dixerit
825 4040 848 4091 l'
898 4040 966 4106 quib
981 4054 1030 4106 per
1048 4055 1078 4091 os
1096 4056 1161 4091 corr.
1182 4039 1248 4091 m.I
1273 4041 1297 4093 l'

149 4119 237 4171 Dauid
256 4120 340 4172 ouuR
392 4125 426 4175 22
445 4123 518 4176 enim
531 4141 578 4176 om.
597 4125 645 4176 ΓΕ
695 4127 730 4178 23
748 4127 783 4179 ab
801 4126 1066 4194 interpraetantibus
1082 4124 1129 4178 Vll
1177 4128 1296 4180 210οῃ·

149 4205 285 4259 tineretur
303 4228 333 4261 eu
351 4210 511 4262 continetur
527 4229 593 4263 corr.
613 4230 645 4262 m.
664 4211 684 4263 2
708 4212 732 4265 V
781 4213 982 4267 corbinianus
1003 4211 1060 4265 RE.
