2790 4844
369 275 549 324 tractatus
568 270 602 322 in
621 271 792 338 psalmum
811 269 930 322 CXLIII.
1162 266 1225 331 823

745 355 764 381 Q

123 461 174 525 16.
198 459 260 524 Sed
294 479 354 523 non
388 459 487 524 solum
523 459 579 523 tilii
612 459 706 524 alieni
740 468 812 525 sunt
846 458 1004 523 dominum
1036 479 1125 523 suum
1161 480 1225 523 uon

74 564 265 644 recipiendo,
277 564 333 628 sed
350 564 443 628 etiam
461 564 503 640 id,
518 564 600 646 quod
616 564 770 647 sequitur:
795 584 960 646 quorum
983 583 1025 628 os
1047 563 1226 629 locutum

75 678 143 733 eat
178 668 408 732 uanitatem.
455 668 574 732 uanitas
608 668 669 732 oris
692 676 723 733 et
745 668 950 733 consessionis
986 667 1042 731 luit
1073 666 1135 744 illa,
1167 687 1228 751 qua

75 773 282 837 dictumest:
315 791 385 836 nos
418 792 493 835 non
526 771 719 837 habemus
742 792 888 856 regem,
912 773 992 836 nisi
1018 770 1226 837 Caesarem.

76 896 188 959 regem
213 875 297 940 enim
320 875 434 951 saeculi,
458 875 490 940 id
508 882 555 940 est
569 876 714 941 uanitatis
731 875 860 958 populus
876 876 907 939 in
925 895 1056 960 regnum
1072 884 1223 942 aternum
1266 897 1279 934 e

75 979 197 1045 electus
220 981 324 1062 elegit.
370 986 407 1044 et
431 981 600 1045 dextera
623 1001 755 1045 eorum
780 983 948 1046 dextera
974 981 1225 1064 iniquitatis,

75 1085 188 1167 iniqua
211 1086 335 1149 dextera
359 1093 413 1159 est,
437 1103 507 1148 cum
531 1084 641 1167 palmis
664 1087 761 1159 caedIt.
786 1105 856 1150 cum
886 1086 984 1168 uirgis
1016 1084 1120 1155 laniat,
1155 1106 1225 1150 cum

75 1188 199 1253 tatano
232 1187 365 1265 conlidit,
403 1208 473 1252 cum
511 1208 655 1253 coronam
693 1190 831 1269 spineam
866 1197 997 1269 coaptat,
1032 1209 1102 1254 oum
1140 1197 1227 1255 clauo

76 1312 192 1357 manue
215 1313 250 1357 ac
273 1294 368 1373 pedes
391 1291 467 1374 figit,
491 1311 562 1357 cum
586 1291 627 1357 sel
649 1300 735 1358 aceto
758 1294 916 1368 admiscet,
945 1313 1015 1358 cum
1042 1294 1148 1357 omnia
1171 1294 1225 1357 iui-

76 1397 232 1479 quitatum
255 1416 349 1477 opera
371 1405 574 1461 consummat.
1251 1417 1273 1453 ιο

130 1501 177 1564 17.
201 1500 275 1565 Post
297 1521 366 1584 quae
389 1507 531 1580 potenter
554 1521 572 1564 a
595 1501 718 1565 domino
740 1509 828 1584 gesta
851 1509 941 1583 atque
973 1501 1111 1580 perlecta
1145 1486 1227 1566 nouo

78 1604 171 1669 nobis
205 1604 346 1688 gloriosae
383 1604 518 1688 uictoria
553 1605 609 1668 erit
641 1605 760 1669 cantico
784 1606 1018 1671 concinendum.
1064 1605 1106 1669 ait
1129 1605 1226 1671 enlin:

78 1710 189 1781 deus,
221 1709 454 1773 cantionem
491 1728 632 1773 nouam
678 1710 851 1774 cantabo
896 1710 987 1785 tibi,
1026 1707 1226 1789 psalterio

79 1812 339 1878 decachordo
361 1811 539 1892 psallam
564 1812 647 1877 tibi.
693 1819 724 1876 et
746 1814 829 1896 quod
858 1813 914 1878 hoc
937 1833 1047 1877 nouum
1073 1814 1225 1877 canticum

79 1919 129 1989 sit,
155 1917 360 1981 contuendum
396 1927 451 1981 est.
498 1915 602 2000 plures
625 1927 726 1981 autem
750 1937 863 1981 nouum
886 1917 1040 1981 canticum
1065 1924 1227 1982 cantantes
1254 1935 1279 1971 ¹⁶

80 2020 193 2101 psalmi
218 2020 417 2101 reperiuntur.
463 2021 686 2103 nonagesimus
721 2021 801 2085 enim
826 2029 855 2085 et
877 2023 1001 2104 quiatus
1025 2020 1162 2101 psalmus
1185 2022 1228 2086 ita

81 2125 193 2208 acepit:
235 2133 405 2189 cantate
444 2125 602 2188 domino
640 2126 841 2190 canticum
881 2145 1028 2198 nouum,
1067 2132 1227 2190 cantate

84 2229 249 2294 domino
286 2228 417 2292 omnis
455 2236 563 2293 terra
600 2235 628 2292 et
666 2249 804 2293 rursum:
842 2230 1083 2293 adnuntiate
1121 2230 1228 2293 inter

82 2333 419 2417 gentesgloriam
436 2332 535 2409 eius,
552 2333 590 2396 in
610 2333 713 2396 omni
740 2333 885 2417 populo
908 2332 1118 2397 mirabilia
1141 2334 1227 2397 eiua

82 2454 111 2502 ct
142 2457 281 2502 rursum:
317 2444 619 2502 coinmoueatur
642 2459 659 2501 a
682 2437 791 2501 facie
826 2437 912 2502 cius
947 2438 1073 2501 omnis
1109 2444 1226 2516 terra,
1255 2454 1280 2490 20

83 2542 212 2606 dicite
235 2542 274 2605 in
298 2541 555 2605 nationibus:
573 2541 976 2625 deminueregnabit.
1001 2540 1227 2606 hocoanticum

83 2667 207 2724 nouum,
241 2646 324 2729 quod
357 2646 457 2709 omnis
490 2652 570 2710 terra
603 2653 714 2716 cantat,
737 2647 819 2728 quod
842 2647 904 2709 iam
928 2666 988 2709 non
1012 2646 1092 2711 intra
1116 2645 1228 2710 Iudaea

85 2751 177 2814 libros
201 2759 293 2833 atque
316 2749 395 2814 lines
420 2749 554 2832 cognitio
585 2750 658 2825 eius,
689 2750 741 2832 qui
771 2751 875 2814 omnia
898 2750 1020 2823 creauit,
1056 2769 1124 2814 csse
1148 2750 1226 2816 cele·

82 2856 207 2931 bratur3
230 2856 312 2937 quod
325 2854 384 2917 iam
400 2854 480 2919 inter
490 2864 599 2937 gentes
611 2852 711 2936 gloria
727 2854 774 2918 dei
788 2854 951 2919 inuisibilis
963 2855 1129 2929 nuntiatur,
1143 2856 1226 2937 quod

84 2979 192 3023 omnes
223 2957 330 3042 patriae
361 2958 499 3040 gentium
535 2957 743 3022 laudationem
769 2957 891 3022 honoris
915 2958 1008 3022 debiti
1033 2958 1226 3033 confitentur,
1254 2972 1279 3010 2⁶

85 3064 166 3145 quod
201 3062 232 3126 in
268 3063 444 3127 nationibus
477 3065 554 3127 dens
577 3068 762 3145 regnaturus
796 3063 976 3129 ostenditur.
1023 3082 1134 3126 nouum
1169 3061 1228 3127 hoc

85 3168 163 3232 inter
187 3173 230 3230 tot
252 3186 371 3231 errores
394 3165 497 3231 saculi
514 3167 666 3231 nataticum
678 3174 726 3231 est
741 3173 771 3231 et
787 3167 959 3230 errantibus
976 3172 1067 3232 antea
1082 3166 1227 3250 gentibus

86 3271 261 3351 iaopInatus
285 3269 334 3333 hic
356 3269 491 3353 hymnus
515 3277 569 3345 est,
605 3290 660 3353 per
694 3289 784 3353 quem
816 3271 894 3334 deus
925 3270 1098 3345 inuisibilis,
1130 3271 1228 3335 incor-

88 3395 205 3453 poreus,
234 3380 368 3438 aeternus
399 3382 430 3438 et
463 3374 533 3440 iusti
556 3374 658 3438 iudicii
683 3374 774 3438 iudex
797 3381 828 3439 et
849 3374 949 3438 beatae
972 3374 1151 3439 aeternitatis
1175 3394 1227 3439 rex

89 3499 153 3543 cese
176 3484 326 3543 cantatur.
1220 3494 1224 3503 ·
1255 3491 1280 3527 ³⁰

127 3622 145 3671 a
163 3617 221 3671 10n.
240 3618 312 3684 mx,
334 3619 373 3671 15.
411 3620 442 3670 ιτ
462 3617 504 3669 Pa.
524 3593 604 3686 lov,
625 3621 647 3672 1.
686 3620 717 3671 ιε
738 3617 779 3669 a.
798 3618 845 3684 ax,
866 3620 905 3670 12.
941 3619 976 3671 ao
993 3617 1035 3670 ns.
1055 3616 1135 3684 xcv,
1154 3621 1177 3671 a.

127 3713 316 3826 asequitIG
367 3759 385 3808 4
408 3761 451 3809 eet
474 3774 522 3808 out.
547 3756 585 3809 G?
638 3761 654 3810 6
678 3713 763 3809 elecIs
791 3755 815 3806 G
868 3757 884 3808 7
910 3757 987 3809 iambo
1006 3773 1068 3809 cnm
1088 3756 1175 3825 uirgis
1194 3784 1228 3793 —

89 3844 203 3897 conlidit
220 3861 269 3897 om.
291 3842 366 3906 Ges.
386 3844 466 3895 Acod.
482 3862 511 3913 p.
529 3841 616 3911 32sq.
670 3843 833 3896 9admiscit
852 3844 877 3896 lt
936 3842 1114 3910 iniquitatum
1134 3845 1159 3896 R
1176 3844 1229 3897 ini·

90 3931 202 3998 quitatis
231 3931 259 3982 E
311 3932 342 3984 la
369 3931 526 3983 cantionem
552 3947 652 3983 nouam
681 3931 705 3982 R
732 3932 765 3992 us.
793 3931 912 3983 *Iabctt'er
940 3930 978 3996 II,
1006 3929 1061 3983 278
1089 3933 1231 3988 cantIcum

89 4035 189 4071 notium
215 4018 242 4069 E
292 4019 370 4070 uertat
388 4017 521 4085 psalterio
547 4045 579 4053 -
603 4017 664 4084 tibi,
682 4035 788 4086 quorum
807 4018 915 4086 tamtiyin
933 4020 961 4069 ia
982 4019 1006 4068 (ι’
1025 4028 1122 4088 alutae,
1141 4018 1233 4079 enata

91 4160 119 4212 16
147 4156 345 4226 repperiuntur
374 4156 426 4208 GR
496 4156 569 4209 enim
597 4157 633 4208 tis
660 4175 709 4209 scr.
733 4157 758 4207 G
829 4156 861 4210 19
880 4113 919 4210 eis
941 4157 965 4207 (ι’
1035 4156 1242 4230 221Πρθῆοῆ

88 4247 119 4298 23
132 4245 218 4298 libros
231 4244 283 4296 GR
291 4242 390 4296 limbos
402 4244 429 4294 lt
479 4244 513 4295 24
526 4242 599 4310 qaod
612 4243 667 4295 iam
680 4260 735 4295 non
748 4244 771 4294 a
823 4245 857 4297 25
870 4260 965 4296 omnen
978 4260 1006 4295 aa
1020 4254 1129 4320 omnig
1142 4287 1179 4326 m·
1194 4251 1205 4309 1
1219 4242 1251 4301 R.
