2790 4844
155 251 196 315 36
496 253 612 305 sancti
637 253 769 305 Hilarii
795 254 955 321 episcopi

155 443 259 522 impiis
286 442 442 517 iudicium,
475 443 546 524 rpuia
569 442 628 505 iam
665 442 786 506 indicati
822 450 902 522 sunt,
938 463 998 505 non
1033 443 1190 526 relinquit:
1226 465 1296 523 pec-

156 547 309 610 catoribus
333 553 443 619 alitem,
479 566 554 628 qurrs
588 547 743 626 superiore
778 566 918 610 sermone
953 547 1085 611 discerni
1121 549 1159 611 ab
1195 548 1298 628 impiis

156 651 322 725 docuimus
347 649 505 714 consiliunt
538 650 693 726 iustorum,
729 650 800 733 qnia
833 651 986 714 iudicandi
1023 651 1090 726 sint,
1122 653 1297 735 denegant.

156 753 223 818 illos
247 754 329 818 enirn
353 754 565 835 praeiudicatos
588 754 730 834 impietas
756 754 833 829 lacit,
870 753 927 818 hos
957 775 1029 818 uero
1060 760 1221 835 peecatum
1245 756 1298 820 dc·

116 888 127 922 a
156 859 232 922 tinet
255 858 440 922 iudicandos.
486 859 588 939 itaque
612 877 711 941 nequo
734 858 882 937 impietas,
906 878 974 941 quan
997 859 1058 921 iam
1085 859 1218 922 indicata
1242 866 1299 939 est,

156 969 348 1042 pematorum
374 969 420 1025 ost
443 962 593 1041 permissa
616 961 735 1039 iudicio,
756 981 856 1044 neque
872 968 1057 1042 peccatores,
1074 963 1124 1046 qui
1141 963 1296 1026 indicandi

156 1073 235 1142 sunt,
261 1067 418 1142 iustorum,
451 1066 501 1147 (pri
533 1085 592 1128 non
625 1065 845 1140 iudicabuntur,
869 1066 969 1129 meriti
1002 1074 1071 1129 sunt
1105 1067 1192 1148 digni
1229 1087 1298 1131 esse

155 1170 290 1234 consilio.

198 1274 247 1337 21.
272 1273 312 1337 nt
336 1273 424 1336 huius
449 1271 628 1336 differentia
652 1271 724 1335 hine
748 1272 821 1335 ordo
846 1273 1061 1352 proficiscitur:
1094 1275 1186 1355 qnia
1209 1294 1296 1356 crig-

103 1407 127 1441 10
155 1379 297 1446 noscit,
331 1378 439 1460 inquit,
474 1377 660 1439 dominus
695 1378 794 1440 uiam
831 1377 1037 1453 iustorum,
1074 1389 1110 1440 et
1140 1378 1200 1440 niu
1234 1379 1297 1440 inr-

155 1482 308 1564 piornm
353 1479 516 1560 peribit.
567 1479 726 1543 consilium
770 1481 915 1544 iustorum
963 1488 1139 1560 peccatores
1180 1481 1296 1544 ideirco

155 1606 213 1648 non
238 1587 361 1660 adeunt,
387 1585 561 1667 quioniam
588 1584 735 1647 iustorum
763 1586 903 1648 dominus
927 1586 1093 1664 cognoscit.
1139 1585 1297 1668 cognoscit

156 1696 256 1753 autern
280 1709 339 1751 non
365 1689 564 1772 ignorationis
581 1689 717 1761 scientia,
742 1691 796 1752 sed
813 1690 991 1773 dignatione
1016 1689 1171 1752 noscendi.
1194 1708 1296 1771 neque.

155 1795 237 1857 enirn
269 1793 335 1856 hac
366 1793 396 1855 in
428 1793 484 1856 deo
519 1793 695 1872 passionum
731 1793 934 1857 huma-narum
971 1794 1137 1857 demutatio
1172 1799 1228 1868 est,
1264 1798 1295 1855 nt

103 1923 126 1957 n
154 1897 269 1979 aliquid
304 1910 353 1959 aur
386 1903 558 1980 ‹ffrrgnoscat
588 1904 638 1961 aut
669 1896 795 1962 nesciat.
842 1898 949 1961 beatus
984 1895 1138 1978 apostolus
1176 1897 1295 1969 Paulus,

154 2022 213 2083 <pua
243 2001 360 2064 ratione
391 2022 408 2063 a
439 2001 495 2064 deo
526 2020 781 2084 cognoscerentur
804 2002 951 2082 exposuit,
976 2002 1096 2065 dicens:
1143 2002 1175 2065 si
1204 2002 1293 2084 quis

154 2112 213 2168 est
253 2106 288 2168 in
328 2106 443 2168 nobis
482 2105 681 2186 propheto
719 2114 783 2169 aut
817 2106 1034 2186 spiritalis,
1072 2111 1293 2188 cognoscat

155 2229 236 2291 quan
261 2210 398 2272 scribo
421 2209 544 2285 uoltis,
570 2209 662 2291 qnia
686 2210 837 2273 domini
863 2219 968 2273 sunt:
993 2210 1024 2272 si
1050 2209 1139 2292 quis
1163 2217 1292 2274 autern

153 2334 227 2376 non
252 2313 472 2397 cognoscit,
507 2333 579 2376 non
610 2314 886 2396 cognoscitur.
932 2334 984 2377 eos
1008 2333 1082 2397 ergo
1106 2315 1252 2393 cognosci
1276 2334 1291 2375 a

100 2441 125 2478 a·
153 2417 210 2481 deo
233 2417 374 2493 ostendit,
399 2417 458 2499 qni,
483 2437 549 2499 qna
574 2417 622 2481 dei
645 2426 724 2493 suot,
749 2418 961 2500 cognouerint:
986 2425 1050 2481 tum
1074 2417 1290 2500 cognoscendi.

153 2542 222 2584 cum
246 2522 456 2604 cognouerat,
487 2522 698 2605 dignationem
722 2521 839 2586 scilieet
862 2521 1047 2605 cognitionis
1071 2542 1125 2601 per
1149 2521 1290 2585 meritum

151 2623 309 2709 religionis
347 2626 478 2706 cognitae
516 2634 749 2708 consequentes
794 2634 827 2690 ut
865 2625 944 2708 rpuod
983 2625 1189 2709 cognoscitur.
1233 2645 1289 2687 uon

152 2730 322 2813 ignorant-is
357 2730 509 2809 profectus
545 2728 739 2813 intellegatur
773 2751 849 2807 esse,
886 2730 940 2793 sed
975 2730 1099 2813 cogniti.
1152 2728 1290 2793 absolute

151 2840 252 2896 autern
289 2833 430 2896 dominns
454 2835 588 2897 ostendit
623 2835 651 2896 iu
679 2835 778 2897 Adam
810 2841 900 2917 atque
925 2833 1085 2897 Abraham
1115 2841 1291 2912 peccatores

99 2962 123 2998 aa
151 2958 184 2999 se
220 2938 367 3019 ignorare.
406 2956 593 3020 cognoscere
632 2944 733 3001 antem
775 2936 890 3002 fideles.
946 2956 1078 3019 nanrque
1113 2936 1192 2999 Adae
1224 2944 1291 3016 post

151 3047 308 3121 peceatum
334 3041 450 3104 dictum
475 3049 537 3104 est:
569 3042 636 3104 nbi
660 3062 709 3108 es,
743 3040 889 3105 Adam?
913 3061 974 3104 uon
993 3042 1074 3124 qnod
1090 3040 1176 3108 deus,
1201 3059 1290 3123 quern

149 3142 249 3206 adhuc
275 3146 303 3206 in
329 3145 469 3223 paradiso
494 3145 633 3218 habebat,
651 3146 680 3207 in
706 3146 847 3224 paradiso
871 3165 939 3209 esse
956 3145 1103 3221 nesciret;
1128 3145 1182 3207 sed
1202 3145 1290 3226 quod,

149 3249 221 3310 dum
245 3248 295 3312 nbi
320 3249 359 3311 sit
382 3249 595 3331 interrogatur,
620 3249 766 3332 indignus
789 3250 964 3333 cognitione
988 3249 1037 3311 dei
1060 3269 1114 3329 per
1138 3249 1177 3324 id,
1209 3249 1288 3330 qnod

148 3353 294 3430 peccunt,
318 3353 496 3415 ostenditur.
544 3352 703 3415 Abraham
720 3361 819 3417 autent
845 3354 895 3416 diu
920 3354 1087 3436 ignoratus,
1111 3351 1229 3417 seilicet
1251 3353 1289 3415 ad

97 3480 121 3516 aa
150 3475 239 3536 (pirent
253 3457 518 3538 septuagenarium
537 3457 596 3519 iarn
613 3458 660 3521 dei
679 3456 735 3520 t'uit
757 3477 865 3533 sermo,
888 3476 957 3520 cnm
976 3477 1008 3519 se
1025 3476 1079 3536 per
1102 3455 1289 3520 oblationem

193 3557 266 3612 161.
287 3559 346 3611 Cor.
369 3563 407 3625 14,
427 3562 468 3612 37.
510 3564 544 3615 26
564 3561 630 3615 Gen.
650 3562 696 3628 ΙΙΙ,
716 3565 740 3615 ll.

1238 3694 1247 3716 11

194 3736 203 3784 1
235 3733 288 3810 ient
317 3752 345 3784 aa·
372 3733 434 3785 darn
464 3754 494 3786 ur.
523 3734 542 3785 2
578 3736 597 3784 1’
667 3735 799 3802 relinquit
826 3753 855 3787 er·
882 3733 1021 3801 relinquid
1051 3734 1073 3784 H
1143 3735 1235 3800 Qquo
1266 3734 1289 3786 R

281 3813 287 3838 1

146 3854 286 3920 superiore
309 3856 333 3906 n
361 3856 496 3922 superiori
519 3857 544 3906 E
595 3873 721 3910 sermone
740 3875 769 3908 er
798 3872 887 3908 sermo
906 3874 938 3907 ra.
959 3854 978 3906 2
997 3855 1019 3906 l'
1088 3856 1104 3904 3
1133 3853 1251 3908 indicati
1270 3855 1290 3907 l'

146 3940 238 3992 lsecit
255 3941 277 3992 l'
328 3946 343 3992 o
354 3947 529 4009 peccatorum
540 3947 554 3994 ἔ
566 3941 590 4001 le
601 3961 630 3995 cr
640 3947 671 3995 ae
678 3943 691 3995 Ρ
697 3954 756 4012 post
767 3948 781 3996 ἔ
792 3944 866 3994 2-ἶί
875 3945 921 3994 tio.
932 3959 1007 4005 cros„
1011 3941 1130 4009 fortuma
1139 3941 1186 3992 litt.
1197 3941 1255 4002 rit.)
1267 3943 1290 3994 R

150 4029 181 4078 12
208 4028 274 4079 inter
301 4029 443 4096 cognoscit
471 4041 492 4080 er
520 4030 661 4097 cognoscit
689 4035 780 4082 autern
808 4049 874 4082 erus.
904 4029 956 4082 dr‘is
986 4030 1010 4080 n
1077 4028 1108 4080 15
1134 4027 1238 4133 {liquit
1270 4028 1293 4082 l*

148 4150 179 4200 16
206 4148 240 4200 ab
268 4165 299 4200 eo
327 4155 539 4216 cognoscentem
566 4147 586 4194 V
639 4154 670 4203 19
695 4155 877 4217 cognoscetur
897 4146 960 4201 ltlE
1012 4151 1047 4202 ‘20
1074 4147 1139 4215 quia
1167 4166 1241 4217 quae
1268 4152 1292 4204 n

145 4236 175 4286 21
197 4235 358 4303 cognouerit
383 4236 406 4287 t'
455 4237 488 4288 24
507 4236 595 4303 adque
621 4237 666 4288 l'lt
719 4239 752 4288 27
770 4237 798 4290 in
818 4236 953 4304 paradyso
975 4238 997 4287 n
1049 4237 1084 4288 30
1111 4235 1157 4288 dei
1176 4235 1234 4291 iarn
1261 4239 1293 4291 n.
