2790 4844
159 270 221 335 492
501 273 617 326 annoti
642 272 775 326 Hilarii
800 272 961 341 episcopi

202 462 230 526 8.
254 460 545 545 Dehincsequitur:
569 463 715 526 adiuua
738 483 804 540 me,
828 468 866 527 et
889 459 1025 526 saluus
1046 482 1112 528 ero
1129 468 1167 527 et
1184 463 1293 528 medi·

158 566 274 632 tabor
302 565 635 631 iustificationes
667 571 756 631 tuas
787 585 954 647 semper.
1000 566 1141 647 superius
1166 567 1290 632 dixerat:

158 670 321 735 adiutor
350 675 388 735 et
421 679 638 750 susceptor
661 689 778 747 meus,
801 690 882 735 nune
904 678 1007 735 autem
1031 672 1196 735 nominum
1218 691 1291 737 oom-

157 780 397 840 memoratorum
420 794 487 839 rem
510 780 661 854 precatur,
684 781 724 847 ut,
749 776 800 857 qui
822 781 984 854 susceptor
1007 781 1062 853 eat,
1093 776 1239 856 suscipiat
1258 781 1289 845 et

118 906 130 941 s
158 879 211 961 qui
235 879 355 943 adiutor
378 883 433 954 est,
457 879 588 944 adiuuet.
634 898 694 943 non
710 879 821 944 abesae
836 900 854 942 a
870 899 904 943 se
920 879 1105 943 adiutorium
1127 880 1289 944 adiuuantis

157 988 310 1063 precatur.
361 1001 421 1046 nou
456 988 529 1058 orat,
553 1003 592 1048 no
631 981 837 1066 malignantes
876 1002 936 1047 non
974 981 1097 1057 habeat,
1136 984 1209 1066 quia
1243 1002 1288 1064 per

156 1087 335 1167 passionum
373 1086 554 1168 patientiam
592 1086 671 1152 fides
708 1087 869 1168 probatur3
907 1088 972 1163 sed
997 1093 1031 1151 ut
1063 1087 1215 1152 aduersus
1246 1105 1287 1151 eos

156 1191 326 1267 adimetur,
351 1198 424 1267 orat,
456 1193 527 1275 quia
549 1190 695 1257 auxilium
718 1212 736 1255 a
760 1191 885 1255 domino
915 1211 1040 1272 semper
1069 1191 1221 1257 orandum
1242 1196 1286 1255 est.

156 1296 211 1359 sed
234 1297 500 1378 quemadmodum
524 1296 555 1360 in
578 1297 735 1377 superiore
758 1303 919 1376 susceptus
941 1297 1033 1373 uiuet,
1067 1295 1111 1360 ita
1134 1302 1165 1361 et
1187 1295 1217 1360 in
1238 1293 1284 1359 hoe

104 1428 128 1464 ιο
156 1400 277 1464 adiutus
300 1398 476 1465 saluabitur.
522 1399 624 1465 adhue
647 1400 730 1465 enim
754 1400 811 1464 sibi
836 1400 979 1466 obeunda
1002 1419 1086 1464 mors
1109 1408 1168 1480 est,
1198 1397 1281 1464 adhue

155 1503 246 1568 inseri
270 1505 466 1568 sustinendis
496 1518 567 1569 tuno
591 1503 766 1580 saluabitur,
790 1524 859 1569 oum
884 1525 922 1569 er
944 1524 1091 1586 corporea
1114 1511 1280 1586 torrensque

155 1614 263 1671 natura
285 1608 315 1671 in
340 1607 510 1688 spiritalem
533 1608 665 1692 gloriam
689 1609 922 1674 transformatus
955 1606 1074 1672 nullum
1105 1605 1278 1673 aduersantis

154 1711 273 1776 inimici
295 1711 466 1792 perieulum
490 1719 614 1790 metunt,
638 1713 723 1777 uiuat
745 1714 827 1778 inter
849 1711 963 1778 eleetos
987 1711 1124 1796 angelos,
1148 1712 1187 1776 sit
1207 1727 1276 1792 para·

155 1815 212 1879 disi
236 1812 337 1880 insola
360 1823 390 1880 et
413 1816 557 1897 absorpta
580 1818 773 1898 corruptione
789 1838 825 1882 ex
842 1815 963 1880 mortali
979 1814 1151 1880 inmortalis
1175 1815 1273 1881 existat.

102 2018 126 2055 ιι
198 1989 226 2053 9.
252 1988 315 2054 Sed
338 1990 419 2072 quod
444 1991 664 2055 meditaturum
686 2011 720 2055 se
743 1991 775 2054 in
798 1991 921 2055 iustitiis
944 1990 992 2054 dei
1018 1991 1092 2054 dioit
1116 1996 1145 2055 et
1167 1985 1272 2054 medita·

155 2100 254 2159 turum
280 2114 415 2174 semper,
439 2095 589 2177 numquid
613 2115 673 2158 non
697 2095 870 2172 meditatur,
905 2094 956 2178 qui
982 2099 1012 2159 et
1041 2095 1073 2158 in
1097 2091 1271 2159 meditatione

153 2196 312 2279 sperauit?
358 2203 457 2277 potest
481 2198 606 2281 quidem
632 2206 662 2263 et
685 2200 716 2263 in
740 2218 877 2278 praesens
907 2197 977 2262 uitae
1008 2218 1086 2278 opus
1117 2196 1268 2281 acciptur.

154 2320 315 2385 quousque
337 2301 368 2365 in
392 2322 520 2382 corpore
543 2304 591 2377 sit,
615 2321 740 2386 semper
763 2301 995 2367 iustificationes
1025 2302 1204 2377 meditetur;
1228 2289 1268 2358 sed

153 2405 353 2470 nihilomiuus
377 2414 408 2470 et
429 2406 459 2469 in
485 2406 619 2471 futurum
643 2426 745 2471 sermo
761 2405 907 2486 procedit.
954 2406 1012 2470 soit
1034 2405 1065 2469 in
1090 2404 1164 2470 eaelo
1185 2410 1267 2467 omnes

100 2534 126 2573 ao
153 2509 280 2594 angelos
304 2510 333 2573 iu
359 2510 558 2575 meditatione
581 2510 832 2575 iustificationum
853 2510 901 2574 dei
919 2529 995 2574 esse.
1040 2508 1120 2575 nihil
1136 2497 1266 2574 enimilio

152 2616 293 2682 otiosum.
326 2613 403 2678 nihil
441 2614 525 2679 iners
565 2621 619 2691 est,
654 2634 763 2679 omnes
797 2615 928 2678 uirtutes
962 2613 1104 2679 eaelestea
1137 2615 1166 2678 in
1198 2616 1266 2688 opert

152 2719 314 2784 ministerii
339 2719 385 2783 sui
408 2724 600 2799 permanent.
646 2724 676 2783 et
699 2738 768 2782 eum
794 2719 881 2782 nobis
912 2724 984 2781 tuno
1015 2718 1079 2782 uita
1110 2713 1264 2801 angelorum

152 2823 320 2887 uiuendum
340 2823 385 2899 sit,
410 2829 511 2903 potest
526 2824 697 2887 seeundum
714 2842 775 2899 eos,
800 2823 852 2905 qui
868 2841 993 2904 semper
1008 2832 1178 2905 operantur,
1199 2805 1264 2881 nobis

151 2946 275 3010 quoque
299 2933 414 2991 aeterna
438 2927 688 2991 iustificationum
711 2946 780 2991 esse
805 2927 971 2991 meditatio.

98 3106 124 3143 as
197 3082 245 3146 10.
271 3082 392 3148 Dehine
415 3084 567 3166 sequitur:
591 3083 792 3163 spreuisti
814 3102 951 3148 omnes
982 3080 1263 3148 discedentesl

150 3181 530 3252 iustificationibus
550 3188 639 3265 tuis,
664 3186 1262 3270 quiainiquncogitatioeoruffl·

194 3417 365 3471 letdehino
382 3413 414 3470 V’
467 3418 522 3470 ‘lin
533 3415 772 3471 iustificationibus
782 3417 837 3470 tuis
852 3418 901 3470 ΟΕ
951 3419 1145 3488 dmeusonup
1193 3400 1262 3464 οιιῗῑῑΐΓ

149 3510 272 3556 ratorum
294 3505 316 3556 C
365 3506 428 3557 det
447 3505 495 3572 qui
514 3504 623 3556 adiutor
650 3503 762 3556 adiuuet
783 3505 836 3574 l'pd
890 3503 1163 3557 oaadd.m.21·'
1205 3487 1261 3548 adin·

682 3601 692 3628 Ι

149 3644 293 3696 nantesV
344 3647 359 3696 'l
385 3642 448 3696 fidis
474 3643 497 3694 V
546 3645 624 3711 opat*
637 3661 658 3712 p
681 3638 819 3710 ‚perabat‘
838 3645 860 3693 t'
910 3643 927 3695 8
954 3641 1090 3695 auxilium
1110 3629 1261 3696 exeuntium

149 3729 282 3782 auxilium
302 3729 373 3783 nu?
402 3731 425 3781 V
475 3730 550 3783 aits
568 3734 597 3782 et
614 3728 695 3799 hiep
749 3730 783 3782 10
800 3727 890 3782 adhue
917 3727 991 3781 enim
1009 3756 1044 3765 —
1062 3730 1208 3783 saluabitur
1227 3724 1262 3766 on·

151 3816 188 3886 Op
243 3818 272 3869 1]
293 3816 376 3870 inferi
401 3835 430 3870 es
453 3816 591 3870 inferendi
610 3814 687 3869 aa?
716 3817 738 3867 l'
788 3821 939 3884 eternaque
964 3816 987 3867 V
1039 3818 1072 3868 12
1090 3813 1228 3887 spiritalem
1242 3807 1262 3848 α

149 3902 277 3970 spitalem
302 3903 326 3954 l'
378 3906 409 3957 13
428 3903 539 3970 angelos
566 3921 596 3956 ex
623 3904 781 3971 angelusC
831 3906 864 3957 14
883 3903 993 3957 absorta
1012 3903 1078 3974 ch
1131 3891 1262 3979 mortali?

148 3988 274 4042 mortalia
292 4008 324 4041 m.
344 3989 411 4042 211
461 3989 617 4043 inmortalis
636 4008 666 4042 es
684 3989 874 4042 inmortaliV
925 3991 957 4043 15
976 3993 1006 4043 et
1023 3990 1121 4044 om.V
1171 3990 1200 4042 16
1214 3963 1262 4047 qual

148 4075 177 4127 in
198 4076 220 4127 (¹
273 4078 304 4129 17
323 4077 445 4144 sperabit
471 4077 516 4129 VC
565 4076 739 4147 presentiap
794 4079 826 4131 19
844 4076 913 4129 nihil
932 4075 1079 4130 homin'R
1131 4077 1165 4130 80
1182 4069 1262 4128 illicet

148 4162 223 4215 eillio
232 4181 265 4216 m.
280 4162 335 4215 IV
384 4164 417 4217 21
431 4179 526 4217 ornnes
540 4163 740 4217 euomuisse?
756 4164 780 4217 V
829 4164 1044 4231 adoperandum
1059 4163 1082 4216 V
1133 4158 1262 4230 idqu⁰li¹¹e

149 4267 196 4302 rim.
222 4250 246 4303 V
295 4251 330 4302 25
348 4249 506 4303 desoedr'stes
534 4251 562 4302 V.
