2790 4844
152 242 215 307 350
487 243 606 295 sancti
631 243 763 296 Hilarii
787 242 949 311 episcopi

196 437 223 496 6.
249 434 310 498 Sed
347 435 444 516 surgit
480 432 530 496 lric
564 433 602 495 ad
627 431 737 508 uiolati,
772 441 804 495 ut
827 434 982 512 putabant,
1017 433 1136 497 sabbati
1170 433 1268 518 grauior

151 539 330 622 indignatio,
355 539 436 620 quod
461 546 579 617 patrem
601 556 690 600 suum
707 537 799 600 deum
817 537 934 607 dixerit.
958 535 1112 619 aequalem
1128 558 1163 604 se
1177 538 1268 603 faciens

152 643 219 706 deo.
265 643 321 707 sed
344 642 426 706 unde
450 640 501 705 hie
528 640 637 704 iudeis
668 639 754 704 dolor
777 643 847 705 est‘?
892 661 951 703 unu
987 642 1070 705 enim
1104 643 1148 705 ita
1175 640 1271 706 loeutus

151 753 213 810 est:
237 747 312 810 deus
336 754 423 826 pater
447 765 534 809 meus
558 753 614 809 est.
659 744 713 808 sed
739 746 801 808 uim
825 744 933 808 adtulit
956 746 1079 823 ueritas,
1115 753 1145 811 et
1174 743 1269 810 confes·

111 883 123 917 θ
152 850 268 913 sionem
293 851 395 913 inuitis
419 851 495 913 ratio
526 848 667 922 extorsit;
703 849 760 912 deo
795 850 878 912 enim
913 867 980 913 θεεθ
1014 849 1167 933 aequalem
1198 866 1269 932 open

151 953 362 1036 loquebantur.
409 952 451 1016 illi
485 954 657 1017 irascuntur
691 972 759 1034 quae
791 973 849 1015 non
880 953 1014 1025 audiunt.
1049 960 1080 1018 et
1102 955 1164 1034 pati
1187 952 1268 1016 nolunt

151 1058 232 1139 quod
249 1059 391 1141 ignorare
407 1076 467 1119 non
485 1065 626 1137 possuut;
651 1063 681 1120 et
705 1055 763 1119 hoe
787 1058 816 1119 in
841 1055 963 1120 Christo
980 1058 1120 1138 oderunt,
1144 1058 1218 1141 quod
1231 1071 1267 1119 eor

151 1159 333 1244 intellegere
357 1168 403 1225 est
427 1180 563 1225 neeesse.
609 1181 684 1240 opus
716 1181 790 1244 ergo
823 1162 916 1240 patris
947 1162 978 1224 in
1003 1181 1063 1244 quo
1087 1160 1157 1226 est?
1199 1163 1224 1224 in
1242 1176 1267 1221 eo

151 1265 276 1342 scilicet,
299 1265 381 1348 quod
404 1266 469 1348 agit
491 1264 591 1341 filius;
616 1266 657 1328 ait
680 1266 780 1329 enirn:
815 1285 888 1328 non
924 1271 1059 1344 potest
1094 1265 1206 1330 filius
1231 1262 1267 1326 fu·

99 1400 125 1436 ιο
152 1390 244 1434 rere
282 1392 300 1434 a
337 1390 378 1435 εθ
416 1370 646 1453 quicquam.
685 1371 764 1433 nisi
803 1371 905 1451 quod
945 1370 1100 1434 uiderit
1137 1378 1269 1451 patrem

154 1474 383 1539 facientem.
430 1495 488 1537 nun
521 1474 625 1555 utique
656 1475 713 1538 sibi
749 1475 891 1537 uirtutem
916 1475 1040 1549 ademit,
1065 1476 1121 1539 sed
1144 1469 1271 1554 obsequio

152 1585 279 1658 paterno
303 1579 441 1643 deuinnit
463 1579 596 1642 arbitrio.
643 1598 701 1641 non
727 1580 809 1642 enim
835 1579 916 1641 undo
946 1598 1089 1643 sermone
1120 1575 1274 1662 significat:

153 1700 225 1744 non
250 1690 385 1762 potest
408 1682 525 1746 filius
549 1682 695 1760 faeeref
719 1682 774 1746 sed
798 1683 924 1746 adiecit:
948 1702 966 1746 a
996 1701 1037 1747 se
1065 1684 1277 1766 quicquam.

152 1786 232 1850 nisi
255 1788 359 1868 quod
383 1787 537 1851 uiderit
560 1794 714 1867 patrem
739 1786 969 1851 facientem.
1001 1806 1076 1869 ergo
1093 1806 1191 1860 omne,
1205 1774 1283 1867 quud

99 1923 123 1961 15
151 1890 224 1953 furit
247 1888 306 1963 ille,
331 1890 495 1954 famulatus
519 1900 574 1955 est.
599 1892 669 1973 quia
693 1910 751 1953 non
776 1911 794 1953 a
817 1910 850 1954 se
874 1892 1049 1974 quicquam,
1073 1890 1183 1961 sediti,
1205 1878 1283 1970 quod

149 1994 269 2071 uiderit,
293 1994 381 2058 feeit:
406 1995 612 2058 ministerium
636 1996 764 2059 ueniens
789 1995 827 2058 de
852 1993 992 2074 exemplo
1016 2014 1077 2058 non
1101 1994 1207 2074 operis.
1225 1981 1286 2054 sed

149 2097 319 2175 uoluntatis
344 2100 414 2182 quia
438 2119 514 2178 opus
538 2100 633 2178 patris
657 2099 687 2162 in
712 2098 866 2162 uoluntate
891 2108 946 2162 est.
992 2099 1023 2163 id
1040 2098 1130 2163 enim
1147 2096 1287 2161 dominus

149 2203 206 2265 ait:
242 2222 314 2265 non
351 2203 440 2266 ueni
465 2201 716 2266 uoluntatem
753 2222 877 2265 meam
916 2202 1060 2278 faeere,
1093 2204 1160 2267 sed
1190 2200 1289 2264 eius,

150 2306 215 2388 qni
240 2326 297 2369 ine
331 2307 451 2382 misit,
487 2308 600 2370 docens
624 2327 683 2369 non
708 2306 791 2370 aliud
814 2305 893 2370 uelle
916 2327 950 2371 se
975 2326 1068 2388 quam
1093 2306 1172 2389 quod
1194 2295 1292 2367 uellet

100 2444 125 2480 io
153 2408 212 2476 ille.
236 2411 287 2492 qui
311 2430 379 2474 eum
406 2411 540 2473 miserat.
589 2430 663 2492 ergo
693 2409 879 2474 uoluntatem
905 2410 1000 2489 petris
1023 2409 1106 2474 filius
1130 2413 1289 2489 tamquam

150 2513 322 2593 exemplum
348 2515 535 2594 operationis
559 2515 737 2596 introspicit,
762 2515 832 2596 quia
856 2515 959 2577 oinnie
983 2515 1062 2577 intra
1093 2515 1291 2594 paternarum

149 2618 368 2701 cogitationum
400 2618 623 2697 prouidentiam
650 2621 784 2700 quadam
810 2620 977 2681 futurarum
1004 2637 1108 2681 rerum
1131 2604 1293 2697 praedesti‘

149 2723 271 2785 natione
306 2723 483 2785 formantur.
530 2723 701 2801 introspicit
730 2730 832 2786 autem
864 2742 919 2802 per
956 2731 1092 2786 mutuam
1129 2720 1292 2784 raritatem

149 2836 241 2907 atque
264 2833 420 2890 naturam:
444 2827 487 2889 ait
510 2827 608 2889 enim:
640 2833 753 2906 pater
776 2824 920 2909 diligit
943 2824 1075 2890 filium
1100 2832 1135 2890 et
1159 2818 1295 2887 omnifi

97 2964 121 3000 a
150 2930 404 2993 demonstrat
427 2930 469 2995 ei.
494 2950 577 3012 quae
608 2931 694 3009 ipse
720 2930 827 2994 facit.
873 2931 915 2993 ito¹
938 2937 968 2995 et
992 2929 1062 2994 huic
1087 2931 1144 3002 dei,
1168 2947 1201 2993 er
1220 2924 1296 3005 [11¹⁰

149 3035 215 3113 ipse
250 3035 325 3097 deus
359 3040 447 3097 nutus
483 3041 536 3101 est.
571 3033 759 3098 uoluntatem
796 3054 887 3100 nosse
911 3034 1050 3114 peruium
1082 3042 1144 3099 est:
1174 3039 1201 3096 et
1225 3014 1298 3090 itti·

149 3139 231 3220 qnod
255 3137 415 3228 uoluntatis
432 3158 494 3201 suae
511 3139 717 3220 cognitionem
735 3137 796 3201 filio
813 3139 1022 3221 congenuerit,
1047 3146 1094 3202 est
1111 3137 1300 3219 benignusn-

193 3241 220 3305 ἵ.
245 3242 327 3325 Ergo
362 3243 401 3305 ad
440 3242 560 3306 sabbati
596 3244 687 3318 diem,
722 3264 758 3306 en
794 3264 854 3325 quo
886 3243 990 3307 ouium
1026 3238 1302 3306 commonebatur·

149 3365 330 3425 responsum
355 3355 416 3411 est:
448 3353 563 3425 pat-er
597 3366 705 3410 meus
736 3367 860 3429 usque
890 3349 1004 3410 modo
1027 3324 1303 3425 operatuaef‘

96 3481 121 3517 ao
149 3470 220 3533 ego
243 3471 394 3530 operor.
441 3458 488 3514 est
512 3470 587 3533 ergo
610 3471 685 3530 opus
720 3451 768 3515 (lei
804 3450 954 3515 sabbato?
1000 3457 1047 3515 est
1078 3447 1185 3530 plane:
1213 3447 1295 3509 omn

192 3592 284 3645 arou.
303 3592 335 3658 u,
356 3595 395 3645 19.
433 3596 465 3646 is
484 3592 540 3645 ion.
560 3592 604 3658 rr,
624 3595 665 3646 ne.
702 3595 736 3645 ar
755 3593 811 3645 nu.
831 3593 863 3657 v,
883 3596 923 3646 20.

191 3707 208 3757 2
227 3705 273 3757 din
292 3708 350 3756 amr.
370 3725 401 3756 m.
415 3703 434 3756 2
449 3705 474 3758 V
525 3706 541 3755 6
560 3705 744 3773 loquebantur
763 3725 793 3758 er
811 3706 969 3774 loquibatnr
989 3725 1020 3757 m.
1040 3704 1102 3757 :21'
1154 3706 1288 3758 irascitur

148 3810 178 3843 er
195 3791 403 3844 narenturna?
419 3791 443 3843 V
493 3792 566 3858 quod
586 3809 640 3845 non
659 3792 817 3845 oudiuntrl)
872 3795 938 3846 lua
956 3791 1093 3845 sefacere
1113 3785 1286 3859 quidquamt

151 3881 178 3930 ll
202 3878 333 3931 uirtutem
352 3879 404 3931 sibi
424 3880 453 3929 rb
507 3879 637 3946 obsequio
665 3897 693 3931 se
720 3886 837 3946 paterno
855 3880 884 3931 rb
939 3881 971 3932 12
988 3878 1092 3932 mundo
1120 3894 1245 3932 sermone
1266 3867 1290 3925 V

151 3966 183 4017 13
202 3965 236 4017 ub
263 3982 291 4017 se
319 3965 469 4032 quidquam
489 3967 503 4015 u
557 3969 589 4018 14
608 3981 764 4019 onrne‘onr.
794 3968 822 4017 rt
876 3969 1009 4032 requam
1036 3983 1085 4018 oar.
1115 3965 1142 4017 V
1192 3968 1227 4019 ‘20
1244 3962 1287 4032 qui

148 4050 260 4103 miseret
288 4069 317 4103 aa
344 4052 389 4118 qui
419 4070 462 4104 me
490 4053 603 4105 miseret
631 4071 661 4104 nr.
693 4053 706 4103 1
731 4053 755 4104 l'
804 4055 834 4105 21
857 4053 949 4104 omnia
967 4069 1049 4103 erar
1101 4053 1138 4105 24
1159 4053 1247 4121 adque
1269 4050 1289 4101 l'

148 4139 182 4187 ‘25
200 4138 240 4190 ita
258 4144 289 4190 ut
307 4138 370 4191 huic
389 4159 403 4188 r·
456 4141 490 4192 26
508 4139 634 4206 peruium
660 4158 690 4191 er
708 4157 823 4207 puerum
843 4158 876 4191 an.
897 4141 915 4190 2
933 4138 957 4191 V
1007 4140 1042 4190 28
1061 4155 1116 4206 quo
1136 4158 1168 4192 er
1186 4139 1290 4208 quomi-

149 4242 199 4275 nus
220 4243 251 4276 ιη.
271 4228 290 4275 ·.)
313 4226 342 4277 l'.
