2790 4844
217 267 281 330 794
558 267 677 320 sancti
702 266 835 320 Hilarii
860 266 1024 336 episcopi

218 455 386 530 hominem,
421 455 539 520 faciens
572 475 693 536 pacem,
727 462 760 518 ut
793 454 1003 520 reconciliaret
1037 457 1156 521 ambos
1182 460 1243 524 deo
1265 460 1296 522 in
1316 478 1359 522 nno

217 580 354 643 corpore,
386 560 541 624 internum
576 559 693 624 seilicet
727 557 887 623 hominem
910 566 940 624 et
962 565 1129 624 externum
1168 561 1246 628 feeit
1276 583 1358 626 nnun

217 684 278 728 non
302 684 376 748 ergo
399 663 609 740 continemur,
632 664 689 728 sed
712 663 848 726 unimur:
873 662 944 746 quia
958 664 1062 728 unitas
1078 665 1159 729 fidei
1176 674 1236 744 est,
1259 675 1358 730 atueru

218 768 393 832 conbinatio
417 768 603 833 consortium
628 768 780 832 factionis.

179 902 191 938 a
263 872 291 936 8.
315 871 386 936 Non
412 872 501 963 inodo
524 879 626 936 antem
650 891 710 935 non
735 871 893 936 combinari
916 890 950 935 se
975 871 1130 952 propheta
1161 894 1235 939 cnm
1269 873 1356 939 electis

218 979 394 1062 iniquorum
419 997 481 1042 non
505 985 597 1058 optat,
630 980 686 1042 sed
711 978 811 1055 etiam,
842 978 913 1061 quia
935 977 1053 1042 homini
1088 1000 1202 1046 errare
1234 980 1354 1045 debiturn

219 1095 275 1159 est,
310 1083 336 1146 si
371 1083 446 1164 quid
481 1081 559 1146 forte
593 1101 681 1147 secus
716 1093 747 1146 et
780 1081 956 1147 humanitus
980 1084 1125 1166 gesserit
1162 1085 1277 1178 corripi
1298 1103 1355 1149 sea

219 1186 298 1250 iusto
322 1187 351 1249 in
385 1185 598 1251 misericordia
621 1193 652 1251 et
674 1185 762 1269 argui
787 1185 911 1250 mauult.
956 1187 1088 1251 formam
1116 1208 1260 1272 namque
1282 1190 1309 1251 in
1328 1207 1353 1250 se
1387 1195 1389 1269 ξ

220 1295 336 1354 naturae
352 1296 464 1354 nostrae
484 1290 733 1373 infirmitatisque
749 1291 912 1355 constituit.
953 1289 1057 1373 plures
1080 1293 1201 1357 etenim
1224 1302 1353 1363 nostrum,
1387 1274 1389 1313 ³

170 1418 193 1453 ιο
220 1413 291 1458 cum
315 1392 392 1473 lapsi
428 1393 550 1469 suerint,
581 1413 652 1458 cum
683 1395 863 1470 errauerint
895 1395 1055 1459 emendari
1078 1415 1114 1460 se
1138 1397 1230 1461 iustae
1254 1395 1352 1460 miseri

220 1498 332 1563 cordia
366 1498 537 1581 arguitione
567 1497 728 1562 fastidiunt
751 1512 781 1563 et
814 1499 973 1563 conbinari
1004 1499 1123 1564 malunt
1154 1502 1352 1581 peccatoribus

221 1621 313 1685 quam
347 1622 403 1682 per
436 1602 585 1666 iustorum
619 1604 846 1682 correptionem
880 1605 919 1668 ad
950 1604 1165 1684 paenitentiam
1189 1604 1352 1687 retorqueri

220 1707 319 1772 tenuit
341 1713 442 1771 autem
467 1707 594 1792 egregie
617 1708 767 1772 rationem
789 1708 854 1772 ueri
878 1709 1077 1789 propheticus
1108 1729 1216 1773 sermo
1247 1709 1350 1773 dicens:

220 1811 422 1891 corripiet
456 1831 513 1876 me
539 1813 670 1876 iustus
693 1812 733 1876 in
757 1812 1044 1877 misericordia
1068 1820 1106 1877 et
1130 1810 1351 1894 increpabit

170 1939 194 1974 a
220 1935 287 1979 me.
335 1923 383 1979 est
413 1916 497 1979 enim
522 1915 743 1980 misericordia
772 1917 891 1993 modus,
922 1925 953 1981 et
983 1917 1155 1981 miserandi
1190 1913 1350 1981 adhibenda

220 2019 336 2083 iustitia
359 2026 414 2083 est.
461 2018 547 2084 dolor
563 2019 689 2102 quidem
706 2026 806 2102 potest
821 2039 891 2084 ease
906 2039 981 2104 erga
1004 2039 1067 2098 eoa,
1090 2040 1223 2103 qnorum
1239 2019 1349 2086 erimina

221 2124 329 2207 grauia
362 2129 442 2203 sunt,
478 2124 533 2187 sed
568 2123 787 2188 misericordia
820 2122 904 2188 locus
927 2122 1028 2188 nullus
1051 2133 1106 2190 est.
1155 2121 1349 2189 misericordia

221 2228 303 2291 enim
326 2246 360 2291 se
383 2228 422 2290 ad
444 2227 568 2291 ueniam
593 2227 631 2292 de
655 2228 713 2291 deo
743 2229 894 2292 orandam
924 2227 982 2301 nis,
1007 2246 1075 2310 quae
1098 2237 1172 2293 sunt
1193 2239 1289 2312 gesta
1310 2226 1349 2289 de

221 2331 331 2397 flectit:
356 2340 493 2396 ceterum
508 2331 631 2396 ueniam
650 2338 796 2412 praestare
818 2331 943 2396 inlicitis
967 2350 1027 2395 non
1048 2337 1096 2396 est
1118 2331 1347 2398 misericordiam

169 2455 194 2491 20
220 2446 378 2516 praestare,
395 2436 451 2500 sed
467 2434 616 2499 iustitiam
633 2435 851 2499 misericordiae
866 2455 926 2499 non
944 2442 1059 2500 tenere.
1105 2455 1203 2520 qnam
1217 2437 1347 2501 rationem

221 2538 461 2621 diligentissime
494 2538 648 2618 apostolus
683 2538 840 2604 lohannes
883 2539 1009 2604 retinuit
1041 2539 1167 2605 dicens:
1200 2541 1233 2604 si
1274 2537 1346 2622 quis

221 2644 299 2707 seit
323 2643 492 2708 fratrem
516 2662 626 2706 suum
651 2640 906 2725 delinquere.
930 2644 999 2708 sed
1024 2663 1099 2707 non
1122 2645 1344 2708 admortem.

221 2754 335 2827 petat
357 2757 393 2811 et
418 2747 532 2810 dabit
553 2745 618 2810 illi
643 2748 741 2811 deus
764 2748 896 2811 uitam.
942 2755 1004 2812 est
1027 2748 1133 2811 enim
1157 2753 1345 2831 peccatum

221 2852 268 2915 ad
292 2859 471 2928 mortem,
495 2851 564 2916 sed
589 2871 663 2914 non
688 2870 757 2931 pro
781 2872 825 2916 eo
849 2852 947 2916 dico.
993 2853 1075 2934 quod
1098 2864 1204 2917 aulem
1225 2850 1344 2914 inmise

168 2974 194 3011 π
221 2955 352 3019 ricordia
389 2956 486 3019 iustus
521 2956 675 3037 corripere
709 2963 800 3038 atque
834 2973 964 3039 arguere
998 2975 1079 3031 enm,
1104 2955 1157 3039 qui
1181 2955 1280 3036 lapsus
1305 2951 1341 3021 ait

222 3059 343 3136 debeat,
368 3060 476 3124 beatus
502 3058 612 3124 Paulus
629 3062 720 3125 docet
736 3061 858 3124 dicens:
882 3059 1047 3136 fratrea,
1071 3067 1110 3124 et
1131 3060 1165 3123 si
1190 3073 1341 3140 praenen-

221 3171 284 3228 tus
320 3164 447 3229 luerit
482 3163 597 3227 homo
633 3165 670 3227 in
706 3163 843 3246 aliquo
877 3163 1144 3241 delineanda,
1173 3157 1340 3247 quiestis

222 3267 448 3348 spiritales,
483 3279 762 3332 consummate
797 3287 879 3330 earm
914 3268 952 3330 in
983 3267 1135 3348 spiritu
1167 3263 1339 3332 lenitatis,

222 3372 278 3436 sed
302 3391 340 3435 ne
362 3372 430 3455 ipsc
453 3371 577 3454 quidem
615 3371 741 3435 rationis
764 3372 851 3435 inatae
875 3371 1094 3436 misericordiae
1116 3371 1266 3437 inmemor
1284 3365 1338 3430 luit:

169 3495 194 3530 ³0
221 3482 410 3556 prouentum
443 3475 580 3539 enimin
606 3475 725 3551 delicto,
756 3495 816 3538 non
847 3474 1000 3539 uoluntate
1031 3473 1260 3557 delinquentem
1286 3487 1339 3535 oan-

221 3579 371 3644 sumnmri
393 3599 448 3659 per
471 3580 674 3663 arguitionem
698 3580 791 3644 iubet.
836 3587 929 3664 atque
952 3580 1021 3644 ideo
1037 3578 1199 3659 propbeta
1220 3597 1282 3643 cnm
1296 3572 1338 3637 ait:

264 3721 295 3772 21
316 3721 329 3772 Ι
348 3719 404 3772 loh.
424 3721 448 3783 5,
470 3721 509 3773 lo.
545 3721 580 3772 26
600 3718 688 3772 Galat.
708 3718 753 3786 W,
773 3722 795 3772 l.

268 3829 328 3881 lin
358 3845 473 3896 corpore
502 3845 556 3880 uno
584 3828 612 3879 Ε
664 3830 695 3880 11
715 3827 823 3880 malunt
848 3846 879 3880 cx
905 3827 1025 3881 mellunt
1053 3828 1077 3880 R
1131 3831 1165 3883 13
1184 3820 1343 3898 egregiacss

223 3919 255 3968 16
282 3915 390 3967 iustitia
420 3934 450 3967 er
479 3914 601 3967 institiae
633 3933 665 3968 m.
695 3916 710 3966 1
739 3915 764 3967 R
833 3914 904 3983 proh
932 3914 1012 3968 dolor
1044 3915 1113 3983 quid
1143 3920 1237 3984 potest
1263 3926 1345 3968 essee

221 4004 254 4054 21
283 4001 511 4068 diligentissimae
542 4003 566 4053 lt
637 4003 751 4054 loannes
783 4002 810 4053 E
877 4003 912 4055 24
939 4002 1027 4055 iustus
1057 4003 1088 4055 in
1117 4001 1305 4057 misericordia
1330 3994 1348 4048 Ε

1192 4091 1213 4128 rl

222 4160 256 4210 28
274 4164 479 4210 consummatae
507 4158 532 4210 a
585 4160 619 4212 29
647 4157 868 4210 misecricordiam
895 4159 921 4211 R
973 4159 1007 4211 30
1035 4141 1248 4231 consummdiip
1276 4155 1352 4213 araui-

222 4244 325 4296 tionem
345 4242 379 4306 (ri
397 4262 468 4314 urrpr.
486 4263 536 4297 scr.
555 4263 572 4296 o
591 4263 624 4297 m.
643 4244 659 4296 1
668 4246 758 4296 deinde
768 4262 843 4309 eruc,
853 4244 956 4314 ripere
966 4246 993 4297 in
1002 4263 1054 4298 ros.
1064 4245 1095 4311 3)
1110 4247 1133 4299 R
1188 4249 1221 4303 31
1233 4248 1317 4315 adque
1329 4242 1355 4296 li.
