2790 4844
414 240 595 290 tractatus
614 236 649 289 in
668 237 841 306 psalmum
861 236 956 290 LXIV.
1194 237 1258 304 233

120 406 238 489 homo.
282 434 322 491 et
346 425 696 491 adnuntiauernnt
718 445 839 506 opera
863 427 926 492 dei
962 434 1000 492 et
1030 427 1141 493 sacta
1172 431 1259 495 eins

129 511 421 596 intellexerunt.
466 528 681 596 laetabitur
702 531 837 596 iustus
867 531 905 594 in
929 531 1090 596 domino
1114 539 1152 598 et
1174 554 1259 615 spe·

137 619 227 698 rtbit
259 636 296 700 in
333 655 387 710 eo,
425 640 464 700 ct
500 633 776 700 laudabuntur
812 654 948 700 omnes
985 636 1091 700 recti
1128 638 1259 704 corde.

140 721 262 804 aduersos
291 738 491 804 unlnerantes
522 739 653 823 sagittas
683 736 881 818 paruulorum
904 738 988 822 loqui
1010 738 1126 823 aliquid
1149 742 1259 806 aduer-

143 839 249 907 santum
271 843 379 928 lingna
402 862 461 908 non
486 842 601 907 habuit.
647 848 679 907 et
702 843 754 926 qui
777 842 924 908 uidebant
946 842 1090 925 paruulos
1109 845 1259 929 sagittan-
1299 871 1312 911 n

142 937 182 1016 10⁸,
205 948 419 1013 conturbantur
441 953 473 1012 et
507 951 658 1024 metuunt
681 966 751 1011 cum
776 967 810 1012 se
833 948 864 1011 in
887 966 990 1012 errore
1013 947 1088 1012 sitos
1111 968 1260 1032 recogno·

140 1057 215 1128 oruc,
236 1072 306 1118 cnm
332 1053 416 1117 diem
439 1051 542 1116 iudicii
567 1059 598 1116 et
621 1050 855 1117 retributionem
878 1056 953 1116 uotae
985 1052 1016 1116 in
1039 1071 1166 1133 corpore
1188 1053 1259 1119 uitae

137 1163 293 1235 agnoscunt,
329 1176 401 1220 oum
424 1175 517 1237 opera
540 1157 590 1220 dei
625 1155 755 1220 audiunt
788 1162 819 1221 et
853 1155 935 1220 sacta
968 1155 1033 1220 eius
1067 1155 1260 1241 intellegunt.

132 1251 156 1320 1'n
173 1257 219 1326 his
242 1267 289 1327 est
311 1260 419 1325 latitm
441 1266 627 1336 sanatorum,
651 1261 682 1323 in
707 1258 755 1323 his
786 1279 859 1340 apes
889 1258 1078 1325 firmissima.
1123 1261 1161 1324 ob
1193 1260 1259 1326 heac

129 1360 206 1428 deum
229 1365 282 1449 qui
305 1369 390 1430 recto
413 1364 506 1429 corde
530 1374 601 1428 sunt
632 1363 765 1437 landant,
797 1363 929 1440 scientes
960 1382 1029 1428 essa
1059 1365 1260 1430 remissorem
1288 1392 1312 1427 lo

122 1478 318 1547 peccatorum,
343 1468 451 1532 mortis
473 1473 703 1549 peremptorem
733 1475 765 1531 et
787 1467 900 1531 diaboli
929 1465 1158 1546 debellatorem,
1182 1469 1260 1533 iudi·

119 1592 181 1637 cern
204 1572 317 1650 saculi,
341 1571 522 1638 {aternitatis
545 1571 736 1654 largitorem,
760 1571 853 1635 deum
877 1577 907 1635 et
930 1571 1090 1635 dominum
1110 1577 1258 1651 nostrum,

114 1678 164 1760 qui
188 1682 236 1742 est
258 1676 442 1742 benedictus
464 1676 495 1740 in
519 1674 631 1740 saeonla
655 1674 843 1740 saeptorum.
892 1695 991 1740 amen.

529 1849 715 1932 cunctos
743 1849 850 1931 LXIV.

408 1989 451 2053 In
476 1990 598 2056 finem
622 1989 802 2071 psalmus
827 1989 965 2055 Dauid.
1288 2015 1313 2054 re

151 2129 206 2195 Te
223 2132 345 2195 decet
367 2128 566 2214 hymnum,
591 2130 697 2206 deus,
720 2129 759 2193 in
783 2129 878 2195 Sion
902 2136 939 2193 et
962 2128 1038 2194 tibi
1063 2130 1261 2194 reddetur

106 2244 247 2300 notum
270 2236 310 2299 in
334 2232 595 2299 Hierusalem
618 2232 798 2316 etreliqua

153 2374 184 2439 1.
209 2372 366 2454 Oportune
389 2372 579 2453 superiorem
596 2371 751 2453 psalmum
768 2372 827 2447 hic,
847 2373 899 2456 qui
917 2372 1062 2450 subiacet,
1078 2379 1261 2437 consecutus

105 2486 168 2544 est
215 2483 265 2542 est
287 2483 392 2541 antem
415 2477 535 2558 etipse
558 2477 597 2541 in
621 2475 745 2542 finem
769 2484 800 2540 ct
822 2476 1095 2560 congregationem
1111 2479 1260 2560 gentium,

105 2602 182 2667 qnae
207 2582 367 2646 dominnm
390 2580 558 2647 laudatura
581 2589 660 2649 sunt
683 2582 820 2659 nuntiat;
855 2591 886 2646 et
909 2581 974 2661 ipse
998 2579 1087 2646 huius
1109 2581 1260 2662 interpre·
1288 2606 1313 2642 ro

105 2687 238 2752 tationis
260 2693 374 2751 nostrae
396 2684 494 2750 fidem
516 2686 633 2751 reddet.

152 2807 185 2872 2.
210 2806 247 2871 In
282 2808 408 2872 exordio
443 2813 547 2874 antem
582 2808 646 2872 eius
681 2807 851 2872 secundnm
886 2806 1141 2871 consuetudinem
1172 2826 1260 2871 snam

102 2909 268 2997 propheta
289 2912 460 2976 orationem
482 2931 605 2976 omnem
628 2913 668 2976 ad
691 2913 785 2977 deum
808 2911 910 2994 erigit
954 2911 1054 2976 omnis
1071 2911 1155 2976 onim
1171 2909 1260 2975 nobis

102 3037 162 3084 res
188 3020 281 3098 atque
304 3035 408 3080 sermo
432 3035 504 3082 eum
527 3014 719 3082 confessione
743 3014 793 3080 dei
816 3014 969 3080 ineundus
987 3021 1042 3080 est
1087 3015 1143 3080 sed
1159 3014 1260 3080 sciens

101 3117 275 3205 propheta
298 3119 402 3201 plnres
418 3139 474 3201 pro
497 3120 677 3185 diuersitate
700 3120 871 3183 studiorum
887 3118 918 3182 in
934 3119 1131 3199 superuacuis
1155 3119 1260 3183 demo·
1288 3140 1314 3177 ce

100 3225 185 3300 rari,
228 3222 395 3304 specialem
429 3229 461 3288 et
493 3224 653 3305 proprium
688 3224 737 3288 dei
771 3243 789 3286 a
823 3223 912 3287 nobis
947 3221 1095 3287 honorem
1131 3222 1261 3306 requirit

151 3435 172 3487 2
193 3441 254 3485 ante
271 3431 472 3486 intellexerunt
490 3449 556 3484 eruc.
569 3448 625 3485 non
638 3431 664 3484 R
716 3434 733 3484 6
752 3448 780 3484 se
798 3430 828 3483 in
847 3447 942 3483 errore
960 3431 1028 3484 sitos
1042 3431 1106 3484 Pse
1125 3431 1154 3484 in
1166 3447 1261 3485 errore

96 3521 197 3576 :ircoe
215 3517 242 3571 R
259 3519 288 3572 in
305 3536 335 3573 se
353 3534 462 3573 errores
480 3519 547 3572 istos
566 3537 579 3572 c
633 3519 667 3572 10
684 3518 860 3571 remissorem
887 3515 929 3583 (a
951 3517 1129 3571 remissorum
1148 3516 1183 3583 R)
1211 3517 1265 3571 ΒΡ

96 3603 305 3664 remissionem
332 3624 351 3655 α
377 3602 432 3671 (V)
505 3607 536 3660 11
563 3604 739 3673 peremptore
774 3602 815 3669 (in
847 3621 925 3657 wau
951 3615 1050 3657 acuat.
1076 3604 1092 3659 ὃ
1119 3602 1207 3666 euno.)
1235 3606 1261 3658 R

95 3710 279 3766 oannem
301 3710 327 3762 r>
342 3707 468 3778 Explicit
484 3709 544 3777 pse
564 3694 653 3763 niun
678 3708 743 3778 imp
766 3707 890 3777 pruma
920 3707 982 3775 (so)
1010 3709 1114 3762 nxrm
1133 3708 1166 3775 n,
1192 3711 1218 3761 a
1238 3710 1265 3762 r>

97 3799 183 3852 deur
211 3795 370 3867 rubmiptia
397 3797 429 3849 de
453 3795 478 3850 V
500 3795 535 3863 cs.
560 3796 650 3866 praes.
723 3796 755 3848 15
782 3795 843 3863 psal
869 3795 895 3848 R
957 3799 990 3850 lo
1018 3795 1151 3864 hymnum
1177 3796 1200 3848 V
1224 3798 1260 3866 cs.

98 3882 236 3939 Saturio
261 3880 376 3947 11,125
403 3882 523 3952 hymnus
543 3883 598 3936 RE
668 3885 700 3936 18
717 3887 871 3950 oportunae
895 3879 959 3936 BP*
982 3887 1119 3951 oportune
1137 3878 1194 3935 P'oe
1212 3901 1261 3952 op-

97 3973 264 4043 portunae
316 3968 425 4040 psalmi
442 3988 473 4024 a
489 3970 613 4038 psalmus
632 3970 658 4023 R
710 3968 836 4023 subiacet
860 3987 890 4022 er
914 3968 1039 4022 subiacet
1058 3969 1126 4023 &R
1180 3971 1214 4025 19
1232 3970 1261 4024 in

98 4058 166 4113 fine
188 4054 217 4107 P
265 4057 301 4112 20
317 4058 429 4112 nuntiat
446 4064 475 4112 et
494 4057 531 4110 Pe
557 4055 697 4110 nuntiauit
715 4074 746 4109 er
762 4055 905 4109 nuncianit
924 4055 951 4109 R
1001 4056 1037 4109 112
1055 4073 1134 4109 snam
1151 4074 1182 4109 a
1199 4074 1262 4111 scu·

100 4162 157 4200 tm
178 4142 209 4197 R
259 4143 404 4214 moirigtc
414 4142 482 4209 PE(
486 4143 520 4210 V)
574 4142 778 4199 ibstudiorum
791 4141 844 4195 ΚΡ
853 4157 947 4195 rerum
960 4142 1116 4196 studiorum
1135 4162 1153 4192 α
1166 4160 1261 4198 renum

99 4249 140 4287 nc
160 4227 324 4284 studiorum
343 4250 363 4284 r.
