<?xml version="1.0" encoding="UTF-8"?>
<!DOCTYPE html PUBLIC "-//W3C//DTD XHTML 1.0 Transitional//EN"
    "http://www.w3.org/TR/xhtml1/DTD/xhtml1-transitional.dtd">
<html xmlns="http://www.w3.org/1999/xhtml" xml:lang="en" lang="en">
 <head>
  <title>
</title>
<meta http-equiv="Content-Type" content="text/html;charset=utf-8" />
  <meta name='ocr-system' content='tesseract 3.04.00' />
  <meta name='ocr-capabilities' content='ocr_page ocr_carea ocr_par ocr_line ocrx_word'/>
</head>
<body>
  <div class='ocr_page' id='page_1' title='image "./shilariiepiscop00hilagoog_0353.png"; bbox 0 0 2790 4844; ppageno 0'>
   <div class='ocr_carea' id='block_1_1' title="bbox 219 231 1023 301">
    <p class='ocr_par' dir='ltr' id='par_1_1' title="bbox 219 231 1023 301">
     <span class='ocr_line' id='line_1_1' title="bbox 219 231 1023 301; baseline -0.006 -11"><span class='ocrx_word' id='word_1_1' title='bbox 219 231 281 297; x_wconf 80' lang='grc'>322</span> <span class='ocrx_word' id='word_1_2' title='bbox 556 233 673 286; x_wconf 86' lang='lat' dir='ltr'>sancti</span> <span class='ocrx_word' id='word_1_3' title='bbox 697 232 831 286; x_wconf 86' lang='lat' dir='ltr'>Hilarii</span> <span class='ocrx_word' id='word_1_4' title='bbox 858 232 1023 301; x_wconf 75' lang='lat' dir='ltr'>episcopi</span> 
     </span>
    </p>
   </div>
   <div class='ocr_carea' id='block_1_2' title="bbox 161 420 1339 3107">
    <p class='ocr_par' dir='ltr' id='par_1_2' title="bbox 217 420 1339 819">
     <span class='ocr_line' id='line_1_2' title="bbox 217 420 1324 506; baseline 0 -19"><span class='ocrx_word' id='word_1_5' title='bbox 217 421 388 502; x_wconf 81' lang='lat' dir='ltr'>exprobret,</span> <span class='ocrx_word' id='word_1_6' title='bbox 423 422 592 506; x_wconf 77' lang='lat' dir='ltr'>ingeritur3</span> <span class='ocrx_word' id='word_1_7' title='bbox 626 422 715 486; x_wconf 89' lang='lat' dir='ltr'>sicuti</span> <span class='ocrx_word' id='word_1_8' title='bbox 750 421 893 485; x_wconf 75' lang='lat' dir='ltr'>demanii</span> <span class='ocrx_word' id='word_1_9' title='bbox 924 420 1053 485; x_wconf 83' lang='lat' dir='ltr'>infamia</span> <span class='ocrx_word' id='word_1_10' title='bbox 1084 422 1111 485; x_wconf 91' lang='lat' dir='ltr'>ei</span> <span class='ocrx_word' id='word_1_11' title='bbox 1136 421 1246 506; x_wconf 82' lang='lat' dir='ltr'>magis,</span> <span class='ocrx_word' id='word_1_12' title='bbox 1271 422 1324 506; x_wconf 90' lang='lat' dir='ltr'>qui</span> 
     </span>
     <span class='ocr_line' id='line_1_3' title="bbox 218 524 1339 608; baseline 0.001 -17"><span class='ocrx_word' id='word_1_13' title='bbox 218 528 276 592; x_wconf 92' lang='lat' dir='ltr'>deo</span> <span class='ocrx_word' id='word_1_14' title='bbox 299 526 339 591; x_wconf 88' lang='lat' dir='ltr'>sit</span> <span class='ocrx_word' id='word_1_15' title='bbox 367 526 494 604; x_wconf 77' lang='lat' dir='ltr'>alienun,</span> <span class='ocrx_word' id='word_1_16' title='bbox 525 536 574 591; x_wconf 87' lang='lat' dir='ltr'>est</span> <span class='ocrx_word' id='word_1_17' title='bbox 603 526 737 607; x_wconf 84' lang='lat' dir='ltr'>propria.</span> <span class='ocrx_word' id='word_1_18' title='bbox 784 545 852 608; x_wconf 82' lang='lat' dir='ltr'>quae</span> <span class='ocrx_word' id='word_1_19' title='bbox 884 545 956 591; x_wconf 88' lang='lat' dir='ltr'>cum</span> <span class='ocrx_word' id='word_1_20' title='bbox 987 524 1092 590; x_wconf 88' lang='lat' dir='ltr'>omnia</span> <span class='ocrx_word' id='word_1_21' title='bbox 1121 525 1149 590; x_wconf 92' lang='lat' dir='ltr'>ei</span> <span class='ocrx_word' id='word_1_22' title='bbox 1179 527 1339 606; x_wconf 80' lang='lat' dir='ltr'>exprobrat</span> 
     </span>
     <span class='ocr_line' id='line_1_4' title="bbox 217 629 1339 712; baseline 0.002 -19"><span class='ocrx_word' id='word_1_23' title='bbox 217 636 288 694; x_wconf 89' lang='lat' dir='ltr'>sunt</span> <span class='ocrx_word' id='word_1_24' title='bbox 310 639 436 711; x_wconf 87' lang='lat' dir='ltr'>propter</span> <span class='ocrx_word' id='word_1_25' title='bbox 458 633 568 695; x_wconf 84' lang='lat' dir='ltr'>domus</span> <span class='ocrx_word' id='word_1_26' title='bbox 593 630 642 695; x_wconf 93' lang='lat' dir='ltr'>dei</span> <span class='ocrx_word' id='word_1_27' title='bbox 666 629 775 705; x_wconf 87' lang='lat' dir='ltr'>zelum,</span> <span class='ocrx_word' id='word_1_28' title='bbox 808 649 923 703; x_wconf 87' lang='lat' dir='ltr'>eorum,</span> <span class='ocrx_word' id='word_1_29' title='bbox 955 630 1007 712; x_wconf 94' lang='lat' dir='ltr'>qui</span> <span class='ocrx_word' id='word_1_30' title='bbox 1039 630 1132 694; x_wconf 92' lang='lat' dir='ltr'>deum</span> <span class='ocrx_word' id='word_1_31' title='bbox 1163 631 1339 710; x_wconf 85' lang='lat' dir='ltr'>exprobrnn</span> 
     </span>
     <span class='ocr_line' id='line_1_5' title="bbox 217 733 1339 819; baseline 0 -21"><span class='ocrx_word' id='word_1_32' title='bbox 217 754 309 815; x_wconf 89' lang='lat' dir='ltr'>super</span> <span class='ocrx_word' id='word_1_33' title='bbox 332 755 402 801; x_wconf 90' lang='lat' dir='ltr'>enm</span> <span class='ocrx_word' id='word_1_34' title='bbox 425 735 589 819; x_wconf 86' lang='lat' dir='ltr'>opprobria</span> <span class='ocrx_word' id='word_1_35' title='bbox 611 745 827 818; x_wconf 83' lang='lat' dir='ltr'>congeruntur.</span> <span class='ocrx_word' id='word_1_36' title='bbox 873 743 903 799; x_wconf 89' lang='lat' dir='ltr'>et</span> <span class='ocrx_word' id='word_1_37' title='bbox 927 733 1018 798; x_wconf 86' lang='lat' dir='ltr'>huina</span> <span class='ocrx_word' id='word_1_38' title='bbox 1042 734 1115 798; x_wconf 88' lang='lat' dir='ltr'>dicti</span> <span class='ocrx_word' id='word_1_39' title='bbox 1139 735 1179 798; x_wconf 88' lang='lat' dir='ltr'>ad</span> <span class='ocrx_word' id='word_1_40' title='bbox 1204 733 1339 800; x_wconf 79' lang='lat' dir='ltr'>Romanu</span> 
     </span>
    </p>

    <p class='ocr_par' dir='ltr' id='par_1_3' title="bbox 176 837 1339 1026">
     <span class='ocr_line' id='line_1_6' title="bbox 176 837 1339 922; baseline -0.002 -19"><span class='ocrx_word' id='word_1_41' title='bbox 176 865 189 904; x_wconf 79' lang='lat' dir='ltr'>a</span> <span class='ocrx_word' id='word_1_42' title='bbox 217 839 372 918; x_wconf 86' lang='lat' dir='ltr'>apostolus</span> <span class='ocrx_word' id='word_1_43' title='bbox 389 840 528 904; x_wconf 83' lang='lat' dir='ltr'>scribens</span> <span class='ocrx_word' id='word_1_44' title='bbox 548 840 605 904; x_wconf 88' lang='lat' dir='ltr'>sub</span> <span class='ocrx_word' id='word_1_45' title='bbox 621 837 713 903; x_wconf 86' lang='lat' dir='ltr'>huius</span> <span class='ocrx_word' id='word_1_46' title='bbox 730 837 967 922; x_wconf 85' lang='lat' dir='ltr'>significationis</span> <span class='ocrx_word' id='word_1_47' title='bbox 983 839 1124 902; x_wconf 83' lang='lat' dir='ltr'>meminit</span> <span class='ocrx_word' id='word_1_48' title='bbox 1140 837 1339 922; x_wconf 72' lang='lat' dir='ltr'>intellegenda</span> 
     </span>
     <span class='ocr_line' id='line_1_7' title="bbox 260 942 1339 1026; baseline 0.003 -20"><span class='ocrx_word' id='word_1_49' title='bbox 260 942 310 1008; x_wconf 79' lang='lat'>12.</span> <span class='ocrx_word' id='word_1_50' title='bbox 335 942 407 1026; x_wconf 87' lang='lat' dir='ltr'>Ipsa</span> <span class='ocrx_word' id='word_1_51' title='bbox 431 944 523 1008; x_wconf 84' lang='lat' dir='ltr'>etiam</span> <span class='ocrx_word' id='word_1_52' title='bbox 547 943 653 1008; x_wconf 90' lang='lat' dir='ltr'>ieiunii</span> <span class='ocrx_word' id='word_1_53' title='bbox 675 943 863 1007; x_wconf 81' lang='lat' dir='ltr'>continentia</span> <span class='ocrx_word' id='word_1_54' title='bbox 878 942 989 1008; x_wconf 79' lang='lat' dir='ltr'>recidit</span> <span class='ocrx_word' id='word_1_55' title='bbox 1007 943 1038 1005; x_wconf 91' lang='lat' dir='ltr'>in</span> <span class='ocrx_word' id='word_1_56' title='bbox 1062 942 1269 1023; x_wconf 88' lang='lat' dir='ltr'>opprobrium,</span> <span class='ocrx_word' id='word_1_57' title='bbox 1293 963 1339 1009; x_wconf 83' lang='lat' dir='ltr'>cur</span> 
     </span>
    </p>

    <p class='ocr_par' dir='ltr' id='par_1_4' title="bbox 161 1045 1339 3107">
     <span class='ocr_line' id='line_1_8' title="bbox 216 1045 1339 1129; baseline 0.001 -19"><span class='ocrx_word' id='word_1_58' title='bbox 216 1067 234 1111; x_wconf 88' lang='lat' dir='ltr'>a</span> <span class='ocrx_word' id='word_1_59' title='bbox 257 1046 379 1111; x_wconf 81' lang='lat' dir='ltr'>diabolo</span> <span class='ocrx_word' id='word_1_60' title='bbox 403 1052 578 1126; x_wconf 87' lang='lat' dir='ltr'>temptatur,</span> <span class='ocrx_word' id='word_1_61' title='bbox 602 1067 671 1112; x_wconf 88' lang='lat' dir='ltr'>cnm</span> <span class='ocrx_word' id='word_1_62' title='bbox 698 1048 728 1110; x_wconf 90' lang='lat' dir='ltr'>in</span> <span class='ocrx_word' id='word_1_63' title='bbox 752 1045 860 1126; x_wconf 90' lang='lat' dir='ltr'>templi</span> <span class='ocrx_word' id='word_1_64' title='bbox 883 1047 978 1126; x_wconf 91' lang='lat' dir='ltr'>pinna</span> <span class='ocrx_word' id='word_1_65' title='bbox 1007 1045 1132 1123; x_wconf 84' lang='lat' dir='ltr'>locatur,</span> <span class='ocrx_word' id='word_1_66' title='bbox 1162 1066 1234 1111; x_wconf 88' lang='lat' dir='ltr'>cum</span> <span class='ocrx_word' id='word_1_67' title='bbox 1270 1066 1339 1129; x_wconf 89' lang='lat' dir='ltr'>supr</span> 
     </span>
     <span class='ocr_line' id='line_1_9' title="bbox 215 1150 1339 1231; baseline 0.002 -17"><span class='ocrx_word' id='word_1_68' title='bbox 215 1158 351 1216; x_wconf 89' lang='lat' dir='ltr'>montem</span> <span class='ocrx_word' id='word_1_69' title='bbox 373 1150 479 1229; x_wconf 79' lang='lat' dir='ltr'>fertur,</span> <span class='ocrx_word' id='word_1_70' title='bbox 513 1170 581 1215; x_wconf 93' lang='lat' dir='ltr'>cum</span> <span class='ocrx_word' id='word_1_71' title='bbox 608 1157 764 1231; x_wconf 88' lang='lat' dir='ltr'>postremo</span> <span class='ocrx_word' id='word_1_72' title='bbox 797 1150 837 1214; x_wconf 92' lang='lat' dir='ltr'>ad</span> <span class='ocrx_word' id='word_1_73' title='bbox 871 1150 1063 1214; x_wconf 86' lang='lat' dir='ltr'>adorandum</span> <span class='ocrx_word' id='word_1_74' title='bbox 1094 1156 1234 1215; x_wconf 86' lang='lat' dir='ltr'>satanam</span> <span class='ocrx_word' id='word_1_75' title='bbox 1270 1151 1339 1216; x_wconf 89' lang='lat' dir='ltr'>totiu</span> 
     </span>
     <span class='ocr_line' id='line_1_10' title="bbox 216 1254 1339 1339; baseline -0.001 -20"><span class='ocrx_word' id='word_1_76' title='bbox 216 1256 323 1319; x_wconf 93' lang='lat' dir='ltr'>mundi</span> <span class='ocrx_word' id='word_1_77' title='bbox 358 1254 524 1319; x_wconf 81' lang='lat' dir='ltr'>ambitione</span> <span class='ocrx_word' id='word_1_78' title='bbox 559 1260 731 1334; x_wconf 87' lang='lat' dir='ltr'>temptatur.</span> <span class='ocrx_word' id='word_1_79' title='bbox 777 1254 830 1319; x_wconf 88' lang='lat' dir='ltr'>flet</span> <span class='ocrx_word' id='word_1_80' title='bbox 863 1254 1015 1318; x_wconf 90' lang='lat' dir='ltr'>interdum</span> <span class='ocrx_word' id='word_1_81' title='bbox 1049 1267 1080 1318; x_wconf 89' lang='lat' dir='ltr'>et</span> <span class='ocrx_word' id='word_1_82' title='bbox 1113 1255 1300 1339; x_wconf 80' lang='lat' dir='ltr'>ingemescit</span> <span class='ocrx_word' id='word_1_83' title='bbox 1332 1277 1339 1318; x_wconf 75' lang='lat' dir='ltr'>r</span> 
     </span>
     <span class='ocr_line' id='line_1_11' title="bbox 164 1358 1339 1440; baseline 0.002 -18"><span class='ocrx_word' id='word_1_84' title='bbox 164 1386 188 1422; x_wconf 83' lang='grc' dir='ltr'>ιο</span> <span class='ocrx_word' id='word_1_85' title='bbox 216 1358 312 1423; x_wconf 89' lang='lat' dir='ltr'>tristis</span> <span class='ocrx_word' id='word_1_86' title='bbox 345 1365 403 1438; x_wconf 80' lang='lat' dir='ltr'>est,</span> <span class='ocrx_word' id='word_1_87' title='bbox 437 1367 469 1423; x_wconf 92' lang='lat' dir='ltr'>et</span> <span class='ocrx_word' id='word_1_88' title='bbox 501 1359 533 1424; x_wconf 93' lang='lat' dir='ltr'>id</span> <span class='ocrx_word' id='word_1_89' title='bbox 564 1359 666 1439; x_wconf 88' lang='lat' dir='ltr'>ipsum</span> <span class='ocrx_word' id='word_1_90' title='bbox 702 1359 739 1422; x_wconf 88' lang='lat' dir='ltr'>nd</span> <span class='ocrx_word' id='word_1_91' title='bbox 775 1358 963 1422; x_wconf 82' lang='lat' dir='ltr'>infirmitatis</span> <span class='ocrx_word' id='word_1_92' title='bbox 997 1358 1140 1423; x_wconf 87' lang='lat' dir='ltr'>tribuitur</span> <span class='ocrx_word' id='word_1_93' title='bbox 1174 1358 1339 1440; x_wconf 82' lang='lat' dir='ltr'>exemplum</span> 
     </span>
     <span class='ocr_line' id='line_1_12' title="bbox 215 1461 1339 1547; baseline 0.001 -20"><span class='ocrx_word' id='word_1_94' title='bbox 215 1463 299 1527; x_wconf 89' lang='lat' dir='ltr'>omni</span> <span class='ocrx_word' id='word_1_95' title='bbox 324 1463 458 1547; x_wconf 91' lang='lat' dir='ltr'>denique</span> <span class='ocrx_word' id='word_1_96' title='bbox 480 1464 590 1547; x_wconf 84' lang='lat' dir='ltr'>generi</span> <span class='ocrx_word' id='word_1_97' title='bbox 613 1461 773 1538; x_wconf 89' lang='lat' dir='ltr'>hominnm</span> <span class='ocrx_word' id='word_1_98' title='bbox 797 1469 827 1527; x_wconf 89' lang='lat' dir='ltr'>et</span> <span class='ocrx_word' id='word_1_99' title='bbox 850 1462 1031 1527; x_wconf 80' lang='lat' dir='ltr'>obtrectatio</span> <span class='ocrx_word' id='word_1_100' title='bbox 1054 1462 1187 1528; x_wconf 84' lang='lat' dir='ltr'>efficitur</span> <span class='ocrx_word' id='word_1_101' title='bbox 1209 1469 1242 1527; x_wconf 89' lang='lat' dir='ltr'>et</span> <span class='ocrx_word' id='word_1_102' title='bbox 1264 1465 1339 1529; x_wconf 84' lang='lat' dir='ltr'>canti</span> 
     </span>
     <span class='ocr_line' id='line_1_13' title="bbox 215 1566 1336 1650; baseline 0 -18"><span class='ocrx_word' id='word_1_103' title='bbox 215 1587 294 1632; x_wconf 89' lang='lat' dir='ltr'>cum.</span> <span class='ocrx_word' id='word_1_104' title='bbox 339 1567 399 1647; x_wconf 85' lang='lat' dir='ltr'>ipsi</span> <span class='ocrx_word' id='word_1_105' title='bbox 432 1567 524 1645; x_wconf 91' lang='lat' dir='ltr'>enim,</span> <span class='ocrx_word' id='word_1_106' title='bbox 560 1566 611 1650; x_wconf 91' lang='lat' dir='ltr'>qui</span> <span class='ocrx_word' id='word_1_107' title='bbox 647 1567 678 1631; x_wconf 91' lang='lat' dir='ltr'>in</span> <span class='ocrx_word' id='word_1_108' title='bbox 712 1567 808 1646; x_wconf 87' lang='lat' dir='ltr'>portis</span> <span class='ocrx_word' id='word_1_109' title='bbox 839 1566 947 1630; x_wconf 86' lang='lat' dir='ltr'>orandi</span> <span class='ocrx_word' id='word_1_110' title='bbox 976 1567 1074 1632; x_wconf 89' lang='lat' dir='ltr'>uictus</span> <span class='ocrx_word' id='word_1_111' title='bbox 1106 1586 1198 1632; x_wconf 86' lang='lat' dir='ltr'>causa</span> <span class='ocrx_word' id='word_1_112' title='bbox 1221 1569 1336 1632; x_wconf 86' lang='lat' dir='ltr'>sedean</span> 
     </span>
     <span class='ocr_line' id='line_1_14' title="bbox 214 1670 1339 1750; baseline 0 -15"><span class='ocrx_word' id='word_1_113' title='bbox 214 1670 395 1736; x_wconf 88' lang='lat' dir='ltr'>oblocuntur</span> <span class='ocrx_word' id='word_1_114' title='bbox 417 1678 448 1736; x_wconf 89' lang='lat' dir='ltr'>et</span> <span class='ocrx_word' id='word_1_115' title='bbox 470 1670 645 1747; x_wconf 88' lang='lat' dir='ltr'>detrahunt,</span> <span class='ocrx_word' id='word_1_116' title='bbox 676 1682 707 1735; x_wconf 91' lang='lat' dir='ltr'>et</span> <span class='ocrx_word' id='word_1_117' title='bbox 735 1671 765 1735; x_wconf 90' lang='lat' dir='ltr'>in</span> <span class='ocrx_word' id='word_1_118' title='bbox 797 1691 833 1735; x_wconf 89' lang='lat' dir='ltr'>eo</span> <span class='ocrx_word' id='word_1_119' title='bbox 863 1671 940 1737; x_wconf 86' lang='lat' dir='ltr'>ebrii</span> <span class='ocrx_word' id='word_1_120' title='bbox 971 1670 1114 1750; x_wconf 85' lang='lat' dir='ltr'>psallunt.</span> <span class='ocrx_word' id='word_1_121' title='bbox 1159 1670 1228 1737; x_wconf 83' lang='lat' dir='ltr'>haec</span> <span class='ocrx_word' id='word_1_122' title='bbox 1257 1679 1339 1736; x_wconf 78' lang='lat' dir='ltr'>autm</span> 
     </span>
     <span class='ocr_line' id='line_1_15' title="bbox 214 1773 1339 1858; baseline 0.002 -20"><span class='ocrx_word' id='word_1_123' title='bbox 214 1774 316 1839; x_wconf 89' lang='lat' dir='ltr'>omnia</span> <span class='ocrx_word' id='word_1_124' title='bbox 338 1774 387 1840; x_wconf 88' lang='lat' dir='ltr'>uel</span> <span class='ocrx_word' id='word_1_125' title='bbox 418 1776 588 1840; x_wconf 88' lang='lat' dir='ltr'>secundnm</span> <span class='ocrx_word' id='word_1_126' title='bbox 619 1781 778 1858; x_wconf 86' lang='lat' dir='ltr'>gestorum</span> <span class='ocrx_word' id='word_1_127' title='bbox 809 1773 903 1838; x_wconf 90' lang='lat' dir='ltr'>fidem</span> <span class='ocrx_word' id='word_1_128' title='bbox 934 1773 984 1838; x_wconf 82' lang='lat' dir='ltr'>uel</span> <span class='ocrx_word' id='word_1_129' title='bbox 1015 1775 1185 1839; x_wconf 88' lang='lat' dir='ltr'>secundum</span> <span class='ocrx_word' id='word_1_130' title='bbox 1215 1774 1339 1840; x_wconf 71' lang='lat' dir='ltr'>humana</span> 
     </span>
     <span class='ocr_line' id='line_1_16' title="bbox 162 1878 1338 1961; baseline 0.002 -19"><span class='ocrx_word' id='word_1_131' title='bbox 162 1905 188 1943; x_wconf 53' lang='grc' dir='ltr'>ιδ</span> <span class='ocrx_word' id='word_1_132' title='bbox 215 1879 443 1944; x_wconf 83' lang='lat' dir='ltr'>consuetudinis</span> <span class='ocrx_word' id='word_1_133' title='bbox 478 1880 602 1944; x_wconf 90' lang='lat' dir='ltr'>modum</span> <span class='ocrx_word' id='word_1_134' title='bbox 638 1879 669 1942; x_wconf 92' lang='lat' dir='ltr'>in</span> <span class='ocrx_word' id='word_1_135' title='bbox 704 1898 738 1942; x_wconf 89' lang='lat' dir='ltr'>se</span> <span class='ocrx_word' id='word_1_136' title='bbox 773 1878 815 1942; x_wconf 90' lang='lat' dir='ltr'>ita</span> <span class='ocrx_word' id='word_1_137' title='bbox 848 1883 936 1961; x_wconf 85' lang='lat' dir='ltr'>gesta</span> <span class='ocrx_word' id='word_1_138' title='bbox 970 1897 1039 1943; x_wconf 88' lang='lat' dir='ltr'>esse</span> <span class='ocrx_word' id='word_1_139' title='bbox 1073 1879 1286 1961; x_wconf 85' lang='lat' dir='ltr'>conqueritur:</span> <span class='ocrx_word' id='word_1_140' title='bbox 1322 1900 1338 1944; x_wconf 90' lang='lat' dir='ltr'>e</span> 
     </span>
     <span class='ocr_line' id='line_1_17' title="bbox 214 1982 1338 2062; baseline 0.002 -16"><span class='ocrx_word' id='word_1_141' title='bbox 214 1982 356 2062; x_wconf 89' lang='lat' dir='ltr'>operui</span> <span class='ocrx_word' id='word_1_142' title='bbox 394 1983 432 2047; x_wconf 92' lang='lat' dir='ltr'>in</span> <span class='ocrx_word' id='word_1_143' title='bbox 470 1983 622 2048; x_wconf 88' lang='lat' dir='ltr'>ieiunio</span> <span class='ocrx_word' id='word_1_144' title='bbox 660 1983 832 2046; x_wconf 85' lang='lat' dir='ltr'>animam</span> <span class='ocrx_word' id='word_1_145' title='bbox 872 2001 1009 2058; x_wconf 83' lang='lat' dir='ltr'>aream,</span> <span class='ocrx_word' id='word_1_146' title='bbox 1044 1988 1083 2048; x_wconf 88' lang='lat' dir='ltr'>et</span> <span class='ocrx_word' id='word_1_147' title='bbox 1116 1983 1265 2047; x_wconf 86' lang='lat' dir='ltr'>iactum</span> <span class='ocrx_word' id='word_1_148' title='bbox 1299 2003 1338 2049; x_wconf 88' lang='lat' dir='ltr'>es</span> 
     </span>
     <span class='ocr_line' id='line_1_18' title="bbox 214 2086 1339 2167; baseline 0.002 -17"><span class='ocrx_word' id='word_1_149' title='bbox 214 2086 312 2151; x_wconf 91' lang='lat' dir='ltr'>mihi</span> <span class='ocrx_word' id='word_1_150' title='bbox 335 2086 373 2150; x_wconf 91' lang='lat' dir='ltr'>in</span> <span class='ocrx_word' id='word_1_151' title='bbox 397 2088 669 2167; x_wconf 88' lang='lat' dir='ltr'>obprobrium.</span> <span class='ocrx_word' id='word_1_152' title='bbox 713 2092 751 2152; x_wconf 91' lang='lat' dir='ltr'>et</span> <span class='ocrx_word' id='word_1_153' title='bbox 773 2087 888 2166; x_wconf 86' lang='lat' dir='ltr'>posui</span> <span class='ocrx_word' id='word_1_154' title='bbox 913 2086 1209 2152; x_wconf 86' lang='lat' dir='ltr'>uestimentum</span> <span class='ocrx_word' id='word_1_155' title='bbox 1233 2106 1339 2152; x_wconf 89' lang='lat' dir='ltr'>moun</span> 
     </span>
     <span class='ocr_line' id='line_1_19' title="bbox 214 2189 1339 2270; baseline 0.002 -16"><span class='ocrx_word' id='word_1_156' title='bbox 214 2190 584 2266; x_wconf 86' lang='lat' dir='ltr'>saccum,etiactus</span> <span class='ocrx_word' id='word_1_157' title='bbox 608 2210 688 2254; x_wconf 90' lang='lat' dir='ltr'>sum</span> <span class='ocrx_word' id='word_1_158' title='bbox 706 2189 795 2254; x_wconf 88' lang='lat' dir='ltr'>illis</span> <span class='ocrx_word' id='word_1_159' title='bbox 816 2191 852 2253; x_wconf 91' lang='lat' dir='ltr'>in</span> <span class='ocrx_word' id='word_1_160' title='bbox 873 2189 1118 2270; x_wconf 85' lang='lat' dir='ltr'>parabolam.</span> <span class='ocrx_word' id='word_1_161' title='bbox 1143 2191 1339 2257; x_wconf 84' lang='lat' dir='ltr'>adnersnn</span> 
     </span>
     <span class='ocr_line' id='line_1_20' title="bbox 215 2293 1339 2377; baseline 0.001 -20"><span class='ocrx_word' id='word_1_162' title='bbox 215 2293 1339 2377; x_wconf 76' lang='lat' dir='ltr'>medetrahebant,quisedebantinportaetinrnepsal</span> 
     </span>
     <span class='ocr_line' id='line_1_21' title="bbox 162 2396 1339 2481; baseline 0.001 -20"><span class='ocrx_word' id='word_1_163' title='bbox 162 2424 186 2461; x_wconf 79' lang='lat' dir='ltr'>a</span> <span class='ocrx_word' id='word_1_164' title='bbox 214 2396 361 2476; x_wconf 78' lang='lat' dir='ltr'>lebant,</span> <span class='ocrx_word' id='word_1_165' title='bbox 385 2397 450 2480; x_wconf 89' lang='lat' dir='ltr'>qni</span> <span class='ocrx_word' id='word_1_166' title='bbox 476 2397 674 2463; x_wconf 82' lang='lat' dir='ltr'>bibebant</span> <span class='ocrx_word' id='word_1_167' title='bbox 707 2397 850 2462; x_wconf 88' lang='lat' dir='ltr'>uinum.</span> <span class='ocrx_word' id='word_1_168' title='bbox 896 2398 953 2462; x_wconf 87' lang='lat' dir='ltr'>suit</span> <span class='ocrx_word' id='word_1_169' title='bbox 976 2397 1081 2481; x_wconf 87' lang='lat' dir='ltr'>itaque</span> <span class='ocrx_word' id='word_1_170' title='bbox 1103 2398 1252 2462; x_wconf 91' lang='lat' dir='ltr'>ieiunium</span> <span class='ocrx_word' id='word_1_171' title='bbox 1275 2400 1303 2464; x_wconf 91' lang='lat' dir='ltr'>ei</span> <span class='ocrx_word' id='word_1_172' title='bbox 1325 2399 1339 2462; x_wconf 93' lang='lat' dir='ltr'>i·</span> 
     </span>
     <span class='ocr_line' id='line_1_22' title="bbox 212 2499 1339 2586; baseline 0.003 -22"><span class='ocrx_word' id='word_1_173' title='bbox 212 2499 419 2580; x_wconf 89' lang='lat' dir='ltr'>obprobrium,</span> <span class='ocrx_word' id='word_1_174' title='bbox 451 2501 522 2585; x_wconf 89' lang='lat' dir='ltr'>quia</span> <span class='ocrx_word' id='word_1_175' title='bbox 551 2522 608 2582; x_wconf 87' lang='lat' dir='ltr'>per</span> <span class='ocrx_word' id='word_1_176' title='bbox 630 2501 786 2566; x_wconf 88' lang='lat' dir='ltr'>esuriendi</span> <span class='ocrx_word' id='word_1_177' title='bbox 816 2501 1013 2582; x_wconf 87' lang='lat' dir='ltr'>obprobrium</span> <span class='ocrx_word' id='word_1_178' title='bbox 1036 2521 1135 2586; x_wconf 89' lang='lat' dir='ltr'>usque</span> <span class='ocrx_word' id='word_1_179' title='bbox 1151 2503 1192 2567; x_wconf 86' lang='lat' dir='ltr'>ad</span> <span class='ocrx_word' id='word_1_180' title='bbox 1208 2503 1339 2567; x_wconf 81' lang='lat' dir='ltr'>adorant¹</span> 
     </span>
     <span class='ocr_line' id='line_1_23' title="bbox 212 2604 1339 2685; baseline 0.004 -17"><span class='ocrx_word' id='word_1_181' title='bbox 212 2611 328 2669; x_wconf 82' lang='lat' dir='ltr'>satanae</span> <span class='ocrx_word' id='word_1_182' title='bbox 362 2604 581 2670; x_wconf 89' lang='lat' dir='ltr'>coutumeliam</span> <span class='ocrx_word' id='word_1_183' title='bbox 617 2611 784 2685; x_wconf 84' lang='lat' dir='ltr'>temptatus</span> <span class='ocrx_word' id='word_1_184' title='bbox 818 2612 873 2670; x_wconf 75' lang='lat' dir='ltr'>est,</span> <span class='ocrx_word' id='word_1_185' title='bbox 924 2606 1020 2670; x_wconf 86' lang='lat' dir='ltr'>uestis</span> <span class='ocrx_word' id='word_1_186' title='bbox 1055 2611 1159 2670; x_wconf 86' lang='lat' dir='ltr'>autem</span> <span class='ocrx_word' id='word_1_187' title='bbox 1194 2608 1233 2671; x_wconf 91' lang='lat' dir='ltr'>de</span> <span class='ocrx_word' id='word_1_188' title='bbox 1267 2626 1339 2672; x_wconf 81' lang='lat' dir='ltr'>sace</span> 
     </span>
     <span class='ocr_line' id='line_1_24' title="bbox 212 2707 1339 2776; baseline -0.001 -5"><span class='ocrx_word' id='word_1_189' title='bbox 212 2707 336 2772; x_wconf 86' lang='lat' dir='ltr'>habitus</span> <span class='ocrx_word' id='word_1_190' title='bbox 361 2714 408 2773; x_wconf 89' lang='lat' dir='ltr'>est</span> <span class='ocrx_word' id='word_1_191' title='bbox 430 2707 538 2773; x_wconf 78' lang='lat' dir='ltr'>luctus</span> <span class='ocrx_word' id='word_1_192' title='bbox 584 2708 684 2773; x_wconf 85' lang='lat' dir='ltr'>luctus</span> <span class='ocrx_word' id='word_1_193' title='bbox 707 2729 780 2774; x_wconf 89' lang='lat' dir='ltr'>uero</span> <span class='ocrx_word' id='word_1_194' title='bbox 803 2709 903 2773; x_wconf 86' lang='lat' dir='ltr'>omnis</span> <span class='ocrx_word' id='word_1_195' title='bbox 927 2709 1065 2774; x_wconf 87' lang='lat' dir='ltr'>adfectus</span> <span class='ocrx_word' id='word_1_196' title='bbox 1090 2710 1122 2773; x_wconf 92' lang='lat' dir='ltr'>in</span> <span class='ocrx_word' id='word_1_197' title='bbox 1145 2709 1219 2775; x_wconf 90' lang='lat' dir='ltr'>fletu</span> <span class='ocrx_word' id='word_1_198' title='bbox 1235 2717 1289 2776; x_wconf 87' lang='lat' dir='ltr'>est.</span> <span class='ocrx_word' id='word_1_199' title='bbox 1325 2734 1339 2770; x_wconf 85' lang='grc' dir='ltr'>ι</span> 
     </span>
     <span class='ocr_line' id='line_1_25' title="bbox 212 2811 1339 2890; baseline 0.004 -14"><span class='ocrx_word' id='word_1_200' title='bbox 212 2831 283 2876; x_wconf 83' lang='lat' dir='ltr'>curn</span> <span class='ocrx_word' id='word_1_201' title='bbox 321 2811 472 2877; x_wconf 88' lang='lat' dir='ltr'>Lazarum</span> <span class='ocrx_word' id='word_1_202' title='bbox 511 2813 696 2878; x_wconf 79' lang='lat' dir='ltr'>excitaturus</span> <span class='ocrx_word' id='word_1_203' title='bbox 742 2811 923 2890; x_wconf 82' lang='lat' dir='ltr'>inlacrimat,</span> <span class='ocrx_word' id='word_1_204' title='bbox 969 2812 1184 2879; x_wconf 85' lang='lat' dir='ltr'>infidelitatem</span> <span class='ocrx_word' id='word_1_205' title='bbox 1229 2814 1339 2880; x_wconf 76' lang='lat' dir='ltr'>human</span> 
     </span>
     <span class='ocr_line' id='line_1_26' title="bbox 161 2915 1339 3002; baseline 0.002 -21"><span class='ocrx_word' id='word_1_206' title='bbox 161 2945 185 2982; x_wconf 74' lang='lat'>2⁶</span> <span class='ocrx_word' id='word_1_207' title='bbox 212 2916 337 2997; x_wconf 84' lang='lat' dir='ltr'>generis</span> <span class='ocrx_word' id='word_1_208' title='bbox 358 2915 498 3002; x_wconf 85' lang='lat' dir='ltr'>lugebat:</span> <span class='ocrx_word' id='word_1_209' title='bbox 534 2917 565 2980; x_wconf 91' lang='lat' dir='ltr'>in</span> <span class='ocrx_word' id='word_1_210' title='bbox 590 2916 697 2981; x_wconf 88' lang='lat' dir='ltr'>habitu</span> <span class='ocrx_word' id='word_1_211' title='bbox 721 2917 802 2982; x_wconf 86' lang='lat' dir='ltr'>enirn</span> <span class='ocrx_word' id='word_1_212' title='bbox 834 2917 933 2982; x_wconf 86' lang='lat' dir='ltr'>luctus</span> <span class='ocrx_word' id='word_1_213' title='bbox 963 2916 1057 2981; x_wconf 87' lang='lat' dir='ltr'>flendi</span> <span class='ocrx_word' id='word_1_214' title='bbox 1087 2917 1283 3001; x_wconf 85' lang='lat' dir='ltr'>significatur</span> <span class='ocrx_word' id='word_1_215' title='bbox 1302 2938 1339 2982; x_wconf 74' lang='lat' dir='ltr'>a·</span> 
     </span>
     <span class='ocr_line' id='line_1_27' title="bbox 211 3019 1339 3107; baseline 0.003 -23"><span class='ocrx_word' id='word_1_216' title='bbox 211 3020 318 3084; x_wconf 82' lang='lat' dir='ltr'>sectae.</span> <span class='ocrx_word' id='word_1_217' title='bbox 365 3020 447 3103; x_wconf 89' lang='lat' dir='ltr'>quod</span> <span class='ocrx_word' id='word_1_218' title='bbox 470 3025 572 3085; x_wconf 87' lang='lat' dir='ltr'>autem</span> <span class='ocrx_word' id='word_1_219' title='bbox 596 3040 657 3084; x_wconf 92' lang='lat' dir='ltr'>non</span> <span class='ocrx_word' id='word_1_220' title='bbox 674 3019 831 3097; x_wconf 87' lang='lat' dir='ltr'>Lazarum,</span> <span class='ocrx_word' id='word_1_221' title='bbox 855 3021 939 3084; x_wconf 90' lang='lat' dir='ltr'>cuius</span> <span class='ocrx_word' id='word_1_222' title='bbox 956 3026 986 3085; x_wconf 88' lang='lat' dir='ltr'>et</span> <span class='ocrx_word' id='word_1_223' title='bbox 1001 3027 1100 3086; x_wconf 89' lang='lat' dir='ltr'>morte</span> <span class='ocrx_word' id='word_1_224' title='bbox 1116 3020 1246 3099; x_wconf 77' lang='lat' dir='ltr'>laetatur,</span> <span class='ocrx_word' id='word_1_225' title='bbox 1263 3041 1339 3107; x_wconf 88' lang='lat' dir='ltr'>que·</span> 
     </span>
    </p>
   </div>
   <div class='ocr_carea' id='block_1_3' title="bbox 255 3141 487 3208">
    <p class='ocr_par' dir='ltr' id='par_1_5' title="bbox 255 3141 487 3208">
     <span class='ocr_line' id='line_1_28' title="bbox 255 3141 487 3208; baseline 0.017 -15"><span class='ocrx_word' id='word_1_226' title='bbox 255 3141 367 3195; x_wconf 68' lang='lat' dir='ltr'>raom.</span> <span class='ocrx_word' id='word_1_227' title='bbox 386 3142 444 3208; x_wconf 85' lang='lat' dir='ltr'>XV,</span> <span class='ocrx_word' id='word_1_228' title='bbox 463 3144 487 3197; x_wconf 89' lang='lat'>3.</span> 
     </span>
    </p>
   </div>
   <div class='ocr_carea' id='block_1_4' title="bbox 209 3245 1339 3675">
    <p class='ocr_par' dir='ltr' id='par_1_6' title="bbox 209 3245 1339 3675">
     <span class='ocr_line' id='line_1_29' title="bbox 256 3245 1339 3316; baseline 0 -18"><span class='ocrx_word' id='word_1_229' title='bbox 256 3245 427 3313; x_wconf 81' lang='lat' dir='ltr'>lingeritur</span> <span class='ocrx_word' id='word_1_230' title='bbox 444 3265 474 3300; x_wconf 78' lang='lat' dir='ltr'>ex</span> <span class='ocrx_word' id='word_1_231' title='bbox 492 3246 579 3313; x_wconf 80' lang='lat' dir='ltr'>igitur</span> <span class='ocrx_word' id='word_1_232' title='bbox 597 3245 660 3299; x_wconf 71' lang='lat' dir='ltr'>aa?</span> <span class='ocrx_word' id='word_1_233' title='bbox 675 3247 700 3298; x_wconf 87' lang='lat' dir='ltr'><em>V</em></span> <span class='ocrx_word' id='word_1_234' title='bbox 750 3246 956 3299; x_wconf 65' lang='lat' dir='ltr'>daemoni-²:12</span> <span class='ocrx_word' id='word_1_235' title='bbox 1008 3262 1114 3316; x_wconf 85' lang='lat' dir='ltr'>asnpr.</span> <span class='ocrx_word' id='word_1_236' title='bbox 1132 3265 1181 3299; x_wconf 73' lang='lat' dir='ltr'>scr.</span> <span class='ocrx_word' id='word_1_237' title='bbox 1201 3248 1227 3300; x_wconf 86' lang='lat' dir='ltr'><em>R</em></span> <span class='ocrx_word' id='word_1_238' title='bbox 1280 3249 1339 3301; x_wconf 83' lang='grc' dir='ltr'>2ε</span> 
     </span>
     <span class='ocr_line' id='line_1_30' title="bbox 210 3330 1339 3400; baseline -0.003 -16"><span class='ocrx_word' id='word_1_239' title='bbox 210 3332 358 3399; x_wconf 80' lang='lat' dir='ltr'>obprobria</span> <span class='ocrx_word' id='word_1_240' title='bbox 374 3333 398 3383; x_wconf 87' lang='lat' dir='ltr'><em>V</em></span> <span class='ocrx_word' id='word_1_241' title='bbox 447 3349 614 3400; x_wconf 86' lang='lat' dir='ltr'>quaecumq:</span> <span class='ocrx_word' id='word_1_242' title='bbox 633 3332 764 3385; x_wconf 87' lang='lat' dir='ltr'>omniaP</span> <span class='ocrx_word' id='word_1_243' title='bbox 814 3333 904 3387; x_wconf 72' lang='lat' dir='ltr'>duint</span> <span class='ocrx_word' id='word_1_244' title='bbox 917 3333 944 3384; x_wconf 86' lang='grc' dir='ltr'><em>Ε</em></span> <span class='ocrx_word' id='word_1_245' title='bbox 994 3332 1042 3399; x_wconf 92' lang='lat' dir='ltr'>qui</span> <span class='ocrx_word' id='word_1_246' title='bbox 1057 3332 1113 3386; x_wconf 80' lang='lat' dir='ltr'>diro</span> <span class='ocrx_word' id='word_1_247' title='bbox 1129 3333 1153 3385; x_wconf 80' lang='lat' dir='ltr'><em>V</em></span> <span class='ocrx_word' id='word_1_248' title='bbox 1204 3330 1339 3388; x_wconf 78' lang='lat' dir='ltr'>dreccidr</span> 
     </span>
     <span class='ocr_line' id='line_1_31' title="bbox 210 3419 1339 3488; baseline -0.001 -17"><span class='ocrx_word' id='word_1_249' title='bbox 210 3438 241 3471; x_wconf 76' lang='lat' dir='ltr'>er</span> <span class='ocrx_word' id='word_1_250' title='bbox 258 3419 358 3472; x_wconf 86' lang='lat' dir='ltr'>recidit</span> <span class='ocrx_word' id='word_1_251' title='bbox 376 3438 408 3472; x_wconf 83' lang='lat' dir='ltr'>m.</span> <span class='ocrx_word' id='word_1_252' title='bbox 427 3419 447 3471; x_wconf 82' lang='grc'><strong>2</strong></span> <span class='ocrx_word' id='word_1_253' title='bbox 463 3420 487 3471; x_wconf 89' lang='lat' dir='ltr'><em>V</em></span> <span class='ocrx_word' id='word_1_254' title='bbox 537 3425 572 3473; x_wconf 78' lang='lat' dir='ltr'>cu</span> <span class='ocrx_word' id='word_1_255' title='bbox 590 3436 605 3472; x_wconf 91' lang='lat' dir='ltr'>a</span> <span class='ocrx_word' id='word_1_256' title='bbox 624 3419 650 3471; x_wconf 88' lang='lat' dir='ltr'><em>P</em></span> <span class='ocrx_word' id='word_1_257' title='bbox 666 3436 720 3487; x_wconf 91' lang='lat' dir='ltr'>quo</span> <span class='ocrx_word' id='word_1_258' title='bbox 739 3420 793 3472; x_wconf 84' lang='lat' dir='ltr'>aV</span> <span class='ocrx_word' id='word_1_259' title='bbox 845 3419 978 3473; x_wconf 78' lang='lat' dir='ltr'>&#39;izabnlo</span> <span class='ocrx_word' id='word_1_260' title='bbox 993 3419 1042 3472; x_wconf 89' lang='lat' dir='ltr'>VP</span> <span class='ocrx_word' id='word_1_261' title='bbox 1093 3436 1147 3488; x_wconf 90' lang='lat' dir='ltr'>quo</span> <span class='ocrx_word' id='word_1_262' title='bbox 1167 3420 1197 3473; x_wconf 92' lang='lat' dir='ltr'>in</span> <span class='ocrx_word' id='word_1_263' title='bbox 1211 3420 1236 3474; x_wconf 96' lang='lat' dir='ltr'><em>V</em></span> <span class='ocrx_word' id='word_1_264' title='bbox 1286 3424 1339 3475; x_wconf 78' lang='lat' dir='ltr'>8a</span> 
     </span>
     <span class='ocr_line' id='line_1_32' title="bbox 209 3505 1339 3574; baseline 0.004 -18"><span class='ocrx_word' id='word_1_265' title='bbox 209 3506 374 3574; x_wconf 53' lang='lat' dir='ltr'>capraea</span> <span class='ocrx_word' id='word_1_266' title='bbox 427 3511 522 3559; x_wconf 75' lang='lat' dir='ltr'>satana</span> <span class='ocrx_word' id='word_1_267' title='bbox 539 3507 682 3559; x_wconf 81' lang='lat' dir='ltr'>Vsatanan</span> <span class='ocrx_word' id='word_1_268' title='bbox 693 3506 718 3557; x_wconf 85' lang='grc' dir='ltr'><em>Ρ</em></span> <span class='ocrx_word' id='word_1_269' title='bbox 770 3505 1167 3560; x_wconf 68' lang='lat' dir='ltr'>bibitioneRhabitationeb</span> <span class='ocrx_word' id='word_1_270' title='bbox 1220 3506 1339 3560; x_wconf 67' lang='lat' dir='ltr'>nezi}</span> 
     </span>
     <span class='ocr_line' id='line_1_33' title="bbox 210 3591 1339 3675; baseline 0.006 -32"><span class='ocrx_word' id='word_1_271' title='bbox 210 3591 480 3656; x_wconf 73' lang='lat' dir='ltr'>ingemiscitt&#39;1PE</span> <span class='ocrx_word' id='word_1_272' title='bbox 532 3595 564 3643; x_wconf 89' lang='lat'>10</span> <span class='ocrx_word' id='word_1_273' title='bbox 581 3593 676 3646; x_wconf 83' lang='lat' dir='ltr'>tristes</span> <span class='ocrx_word' id='word_1_274' title='bbox 704 3597 747 3646; x_wconf 85' lang='lat' dir='ltr'>est</span> <span class='ocrx_word' id='word_1_275' title='bbox 776 3591 811 3644; x_wconf 93' lang='lat' dir='ltr'>V¹</span> <span class='ocrx_word' id='word_1_276' title='bbox 865 3592 900 3645; x_wconf 84' lang='lat' dir='ltr'>ad</span> <span class='ocrx_word' id='word_1_277' title='bbox 927 3592 1067 3646; x_wconf 83' lang='lat' dir='ltr'>firmitatis</span> <span class='ocrx_word' id='word_1_278' title='bbox 1092 3593 1117 3646; x_wconf 86' lang='lat' dir='ltr'><em>V</em></span> <span class='ocrx_word' id='word_1_279' title='bbox 1168 3595 1200 3647; x_wconf 94' lang='grc'>11</span> <span class='ocrx_word' id='word_1_280' title='bbox 1219 3593 1339 3675; x_wconf 73' lang='lat' dir='ltr'>densique</span> 
     </span>
    </p>
   </div>
   <div class='ocr_carea' id='block_1_5' title="bbox 209 3696 1339 4270">
    <p class='ocr_par' dir='ltr' id='par_1_7' title="bbox 209 3696 1339 4270">
     <span class='ocr_line' id='line_1_34' title="bbox 209 3696 1339 3764; baseline 0.006 -17"><span class='ocrx_word' id='word_1_281' title='bbox 209 3713 276 3748; x_wconf 82' lang='lat' dir='ltr'>corr.</span> <span class='ocrx_word' id='word_1_282' title='bbox 300 3714 333 3748; x_wconf 87' lang='lat' dir='ltr'>m.</span> <span class='ocrx_word' id='word_1_283' title='bbox 363 3696 378 3747; x_wconf 87' lang='grc'>1</span> <span class='ocrx_word' id='word_1_284' title='bbox 412 3696 436 3746; x_wconf 84' lang='lat' dir='ltr'><em>V</em></span> <span class='ocrx_word' id='word_1_285' title='bbox 486 3699 519 3750; x_wconf 85' lang='grc'>13</span> <span class='ocrx_word' id='word_1_286' title='bbox 538 3697 727 3763; x_wconf 84' lang='lat' dir='ltr'>obloquuntur</span> <span class='ocrx_word' id='word_1_287' title='bbox 755 3696 808 3747; x_wconf 78' lang='lat' dir='ltr'>Pii</span> <span class='ocrx_word' id='word_1_288' title='bbox 866 3698 898 3749; x_wconf 89' lang='grc'>14</span> <span class='ocrx_word' id='word_1_289' title='bbox 916 3699 1060 3764; x_wconf 81' lang='lat' dir='ltr'>gestorum</span> <span class='ocrx_word' id='word_1_290' title='bbox 1086 3724 1121 3734; x_wconf 90' lang='lat'>-</span> <span class='ocrx_word' id='word_1_291' title='bbox 1147 3698 1339 3755; x_wconf 72' lang='lat' dir='ltr'>secunduma</span> 
     </span>
     <span class='ocr_line' id='line_1_35' title="bbox 210 3781 1339 3851; baseline 0.008 -18"><span class='ocrx_word' id='word_1_292' title='bbox 210 3782 535 3851; x_wconf 69' lang='lat' dir='ltr'>rnar9.ins.ndd.nr.2V</span> <span class='ocrx_word' id='word_1_293' title='bbox 586 3786 618 3836; x_wconf 88' lang='lat'>16</span> <span class='ocrx_word' id='word_1_294' title='bbox 636 3783 665 3835; x_wconf 94' lang='lat' dir='ltr'>in</span> <span class='ocrx_word' id='word_1_295' title='bbox 684 3781 1050 3836; x_wconf 76' lang='lat' dir='ltr'>ieiunioexinieuiom.2P</span> <span class='ocrx_word' id='word_1_296' title='bbox 1102 3785 1134 3836; x_wconf 83' lang='lat'>19</span> <span class='ocrx_word' id='word_1_297' title='bbox 1153 3784 1202 3851; x_wconf 88' lang='lat' dir='ltr'>qui</span> <span class='ocrx_word' id='word_1_298' title='bbox 1220 3785 1339 3843; x_wconf 70' lang='lat' dir='ltr'>sudeton</span> 
     </span>
     <span class='ocr_line' id='line_1_36' title="bbox 210 3868 1339 3937; baseline 0.005 -17"><span class='ocrx_word' id='word_1_299' title='bbox 210 3868 360 3921; x_wconf 75' lang='lat' dir='ltr'>addua?</span> <span class='ocrx_word' id='word_1_300' title='bbox 384 3869 408 3922; x_wconf 91' lang='lat' dir='ltr'><em>V</em></span> <span class='ocrx_word' id='word_1_301' title='bbox 457 3869 486 3921; x_wconf 90' lang='lat' dir='ltr'>in</span> <span class='ocrx_word' id='word_1_302' title='bbox 505 3874 615 3937; x_wconf 80' lang='lat' dir='ltr'>portam</span> <span class='ocrx_word' id='word_1_303' title='bbox 640 3870 664 3920; x_wconf 87' lang='lat' dir='ltr'><em>V</em></span> <span class='ocrx_word' id='word_1_304' title='bbox 713 3871 748 3924; x_wconf 81' lang='grc'>20</span> <span class='ocrx_word' id='word_1_305' title='bbox 766 3869 895 3923; x_wconf 85' lang='lat' dir='ltr'>biberant</span> <span class='ocrx_word' id='word_1_306' title='bbox 919 3887 949 3922; x_wconf 73' lang='lat' dir='ltr'>cx</span> <span class='ocrx_word' id='word_1_307' title='bbox 972 3869 1093 3923; x_wconf 83' lang='lat' dir='ltr'>ibierant</span> <span class='ocrx_word' id='word_1_308' title='bbox 1111 3888 1143 3923; x_wconf 77' lang='lat' dir='ltr'>nr.</span> <span class='ocrx_word' id='word_1_309' title='bbox 1164 3869 1184 3922; x_wconf 79' lang='lat'><em>2</em></span> <span class='ocrx_word' id='word_1_310' title='bbox 1209 3871 1234 3923; x_wconf 88' lang='lat' dir='ltr'><em>V</em></span> <span class='ocrx_word' id='word_1_311' title='bbox 1285 3873 1310 3926; x_wconf 89' lang='lat' dir='ltr'>ai</span> <span class='ocrx_word' id='word_1_312' title='bbox 1325 3879 1339 3930; x_wconf 70' lang='lat' dir='ltr'>ii</span> 
     </span>
     <span class='ocr_line' id='line_1_37' title="bbox 210 3955 1339 4025; baseline 0.004 -18"><span class='ocrx_word' id='word_1_313' title='bbox 210 3973 261 4007; x_wconf 79' lang='lat' dir='ltr'>roa.</span> <span class='ocrx_word' id='word_1_314' title='bbox 289 3955 315 4008; x_wconf 85' lang='lat' dir='ltr'><em>R</em></span> <span class='ocrx_word' id='word_1_315' title='bbox 366 3958 398 4009; x_wconf 91' lang='grc'>21</span> <span class='ocrx_word' id='word_1_316' title='bbox 419 3973 478 4024; x_wconf 86' lang='lat' dir='ltr'>usq.</span> <span class='ocrx_word' id='word_1_317' title='bbox 505 3956 638 4009; x_wconf 84' lang='lat' dir='ltr'>adorandi</span> <span class='ocrx_word' id='word_1_318' title='bbox 664 3957 688 4009; x_wconf 74' lang='grc' dir='ltr'>Γ</span> <span class='ocrx_word' id='word_1_319' title='bbox 736 3957 771 4009; x_wconf 88' lang='grc'>22</span> <span class='ocrx_word' id='word_1_320' title='bbox 789 3956 987 4010; x_wconf 88' lang='lat' dir='ltr'>contumeliam</span> <span class='ocrx_word' id='word_1_321' title='bbox 1014 3956 1093 4018; x_wconf 84' lang='lat' dir='ltr'>(liam</span> <span class='ocrx_word' id='word_1_322' title='bbox 1119 3958 1180 4011; x_wconf 84' lang='lat' dir='ltr'>cdd.</span> <span class='ocrx_word' id='word_1_323' title='bbox 1207 3976 1242 4011; x_wconf 85' lang='lat' dir='ltr'>m.</span> <span class='ocrx_word' id='word_1_324' title='bbox 1271 3958 1305 4025; x_wconf 83' lang='lat'>2)</span> <span class='ocrx_word' id='word_1_325' title='bbox 1332 3965 1339 4019; x_wconf 82' lang='grc'>1</span> 
     </span>
     <span class='ocr_line' id='line_1_38' title="bbox 209 4041 1339 4107; baseline 0.008 -14"><span class='ocrx_word' id='word_1_326' title='bbox 209 4044 243 4094; x_wconf 86' lang='grc'>23</span> <span class='ocrx_word' id='word_1_327' title='bbox 261 4059 355 4095; x_wconf 88' lang='lat' dir='ltr'>omnes</span> <span class='ocrx_word' id='word_1_328' title='bbox 380 4041 494 4096; x_wconf 85' lang='lat' dir='ltr'>effectus</span> <span class='ocrx_word' id='word_1_329' title='bbox 519 4044 544 4095; x_wconf 83' lang='lat' dir='ltr'><em>V</em></span> <span class='ocrx_word' id='word_1_330' title='bbox 593 4048 621 4095; x_wconf 86' lang='lat' dir='ltr'>et</span> <span class='ocrx_word' id='word_1_331' title='bbox 648 4045 708 4095; x_wconf 82' lang='lat' dir='ltr'>odd.</span> <span class='ocrx_word' id='word_1_332' title='bbox 736 4061 768 4096; x_wconf 83' lang='lat' dir='ltr'>rn.</span> <span class='ocrx_word' id='word_1_333' title='bbox 796 4041 817 4094; x_wconf 80' lang='lat'><em>2</em></span> <span class='ocrx_word' id='word_1_334' title='bbox 841 4043 865 4094; x_wconf 86' lang='lat' dir='ltr'><em>V</em></span> <span class='ocrx_word' id='word_1_335' title='bbox 913 4043 1089 4096; x_wconf 67' lang='lat' dir='ltr'>adimarum</span> <span class='ocrx_word' id='word_1_336' title='bbox 1117 4061 1147 4096; x_wconf 75' lang='lat' dir='ltr'>aa</span> <span class='ocrx_word' id='word_1_337' title='bbox 1170 4043 1312 4102; x_wconf 64' lang='lat' dir='ltr'>ludicrum</span> <span class='ocrx_word' id='word_1_338' title='bbox 1333 4053 1339 4107; x_wconf 88' lang='grc'>1</span> 
     </span>
     <span class='ocr_line' id='line_1_39' title="bbox 211 4126 1339 4199; baseline 0.009 -20"><span class='ocrx_word' id='word_1_339' title='bbox 211 4126 247 4188; x_wconf 81' lang='lat' dir='ltr'>(er</span> <span class='ocrx_word' id='word_1_340' title='bbox 264 4131 301 4180; x_wconf 76' lang='lat' dir='ltr'>ric</span> <span class='ocrx_word' id='word_1_341' title='bbox 319 4128 395 4197; x_wconf 81' lang='lat' dir='ltr'>infr.)</span> <span class='ocrx_word' id='word_1_342' title='bbox 450 4132 485 4183; x_wconf 73' lang='lat'>25</span> <span class='ocrx_word' id='word_1_343' title='bbox 500 4140 560 4199; x_wconf 81' lang='lat' dir='ltr'>post</span> <span class='ocrx_word' id='word_1_344' title='bbox 579 4130 692 4198; x_wconf 85' lang='lat' dir='ltr'>lugebat-</span> <span class='ocrx_word' id='word_1_345' title='bbox 712 4147 777 4181; x_wconf 81' lang='lat' dir='ltr'>eras.</span> <span class='ocrx_word' id='word_1_346' title='bbox 796 4136 824 4182; x_wconf 88' lang='lat' dir='ltr'>et</span> <span class='ocrx_word' id='word_1_347' title='bbox 843 4131 868 4182; x_wconf 76' lang='lat' dir='ltr'><em>R</em></span> <span class='ocrx_word' id='word_1_348' title='bbox 921 4129 950 4182; x_wconf 94' lang='lat' dir='ltr'>in</span> <span class='ocrx_word' id='word_1_349' title='bbox 969 4128 1126 4183; x_wconf 72' lang='lat' dir='ltr'>habitantia</span> <span class='ocrx_word' id='word_1_350' title='bbox 1144 4130 1220 4184; x_wconf 90' lang='lat' dir='ltr'>euim</span> <span class='ocrx_word' id='word_1_351' title='bbox 1239 4133 1339 4195; x_wconf 72' lang='lat' dir='ltr'>luctui</span> 
     </span>
     <span class='ocr_line' id='line_1_40' title="bbox 209 4213 856 4270; baseline 0.005 -4"><span class='ocrx_word' id='word_1_352' title='bbox 209 4213 322 4268; x_wconf 81' lang='lat' dir='ltr'>effectus</span> <span class='ocrx_word' id='word_1_353' title='bbox 342 4234 355 4268; x_wconf 83' lang='lat' dir='ltr'>e</span> <span class='ocrx_word' id='word_1_354' title='bbox 406 4218 441 4270; x_wconf 90' lang='grc'>26</span> <span class='ocrx_word' id='word_1_355' title='bbox 460 4216 537 4269; x_wconf 80' lang='lat' dir='ltr'>cuiun</span> <span class='ocrx_word' id='word_1_356' title='bbox 556 4221 584 4269; x_wconf 87' lang='lat' dir='ltr'>et</span> <span class='ocrx_word' id='word_1_357' title='bbox 603 4235 632 4269; x_wconf 78' lang='lat' dir='ltr'>er</span> <span class='ocrx_word' id='word_1_358' title='bbox 650 4233 713 4269; x_wconf 86' lang='lat' dir='ltr'>curn</span> <span class='ocrx_word' id='word_1_359' title='bbox 731 4232 763 4269; x_wconf 84' lang='lat' dir='ltr'>m.</span> <span class='ocrx_word' id='word_1_360' title='bbox 783 4217 803 4268; x_wconf 82' lang='grc'><strong>2</strong></span> <span class='ocrx_word' id='word_1_361' title='bbox 828 4217 856 4269; x_wconf 87' lang='lat' dir='ltr'>V.</span> 
     </span>
    </p>
   </div>
   <div class='ocr_carea' id='block_1_6' title="bbox 0 0 1400 4844">
    <p class='ocr_par' dir='ltr' id='par_1_8' title="bbox 0 0 1400 4844">
     <span class='ocr_line' id='line_1_41' title="bbox 0 0 1400 4844; baseline 0 0"><span class='ocrx_word' id='word_1_362' title='bbox 0 0 1400 4844; x_wconf 95' lang='lat' dir='ltr'> </span> 
     </span>
    </p>
   </div>
  </div>
 </body>
</html>
