2790 4844
407 277 587 327 tractatus
605 273 640 326 in
659 273 831 341 psalmum
850 271 971 326 CXVIII.
1197 273 1258 337 471

114 462 177 527 lert
192 482 251 527 nos
265 462 298 526 in
313 482 436 527 omnem
453 463 616 527 criminum
633 482 768 542 cursum,
793 472 823 528 et
838 462 1044 528 humanarum
1059 464 1261 548 cupiditatum

114 567 240 647 inpetus
272 566 304 630 in
338 566 419 632 hanc
453 587 509 632 nos
542 568 623 631 uiam
657 569 749 653 cogit.
794 569 849 634 sed
880 569 931 652 qui
955 587 1048 647 super
1071 569 1208 633 seniores
1232 574 1263 633 et

116 672 263 736 docentes
286 671 446 756 Intellegit,
481 690 538 755 per
560 670 778 755 intellegentie
802 673 973 738 doctrinam
996 691 1029 736 se
1052 671 1209 753 prohibuit
1230 681 1262 737 et

116 784 278 841 exeuntem
303 784 596 860 procurrentemque
619 776 786 841 reuocauit.
832 775 1040 842 resistendum
1064 795 1139 860 ergo
1162 784 1210 841 est
1231 782 1262 842 et

116 880 328 955 obnitendum,
351 888 386 945 ut
399 880 606 961 nosmetipsos
622 881 660 945 ab
676 881 761 945 omni
776 880 828 945 uia
842 879 924 945 mela
939 880 1071 961 primum
1088 894 1260 957 arceamus,
1301 906 1314 946 s

116 997 184 1048 tum
209 984 331 1061 deinde,
355 986 380 1049 si
405 985 458 1067 qui
481 1004 537 1049 nos
559 985 722 1049 instinctus
739 1005 773 1049 eo
789 985 917 1069 coeperit
938 983 1029 1060 ferre,
1052 982 1261 1049 retrahamus:

116 1099 147 1152 et
170 1087 257 1170 prius
281 1085 450 1153 nostramet
475 1087 534 1168 ipsi
558 1095 709 1171 potestate
733 1108 841 1153 sumus
864 1087 1035 1163 inhibendi,
1057 1096 1092 1152 ut
1115 1088 1261 1172 deinceps

116 1192 328 1256 custodiamus
352 1194 401 1256 dei
423 1193 564 1257 uerbum.
611 1201 702 1259 antea
724 1201 827 1258 autem
849 1191 975 1276 propria
988 1190 1170 1257 inhibitione
1184 1212 1262 1275 opus

117 1308 173 1374 est,
197 1305 231 1360 ut
253 1295 350 1376 possit
373 1296 423 1362 dei
454 1296 541 1363 uerbi
564 1318 633 1363 esse
656 1296 805 1364 custodia.
850 1316 952 1380 neque
981 1296 1064 1361 enlm
1095 1296 1261 1380 quisquam

116 1401 249 1465 uerbum
272 1408 343 1466 ante
366 1401 525 1478 custodiet,
549 1408 580 1466 at
602 1410 666 1466 tum
690 1400 854 1486 prohibere
879 1420 912 1465 se
935 1400 1052 1481 poterit
1098 1398 1262 1485 prohibitio
1290 1431 1315 1468 ιο

115 1505 202 1568 enim
226 1523 264 1569 ea
286 1506 413 1569 demum
436 1512 491 1580 est,
513 1511 546 1569 ut
567 1505 608 1582 id,
625 1506 709 1589 quod
731 1506 834 1581 fiebat,
857 1503 925 1569 fieri
946 1511 1102 1583 arceatur3
1126 1503 1265 1569 custodia

115 1629 193 1673 uero
217 1618 281 1673 tum
304 1607 396 1673 firma
418 1616 473 1684 est,
497 1628 569 1673 eum
594 1629 628 1674 se
651 1609 721 1692 quis
744 1630 763 1673 a
785 1609 877 1674 malis
899 1607 1044 1674 inhibens
1063 1609 1144 1673 bona
1158 1607 1264 1673 obser·
1306 1658 1311 1665 .

117 1728 171 1777 net
194 1712 262 1777 sine
284 1712 512 1777 intermissione
536 1714 692 1779 custodia.

162 1817 191 1882 9.
216 1816 323 1898 Qualis
357 1824 459 1882 autem
495 1819 635 1883 custodIa
667 1817 754 1883 uerbi
789 1818 838 1883 dei
872 1837 940 1883 esse
975 1818 1093 1895 debeat,
1130 1835 1264 1901 sequens

119 1940 229 1986 uersus
253 1922 350 1986 docet.
396 1922 536 2005 sequitur
560 1924 659 1987 enim:
683 1921 894 1987 uindiciis
925 1922 1006 1986 tuis
1040 1941 1116 1986 non
1140 1919 1265 1986 decli·
1292 1949 1318 1986 n

120 2025 230 2090 naui:
267 2025 360 2107 quia
392 2033 432 2089 tn
466 2025 594 2110 legem
629 2027 808 2107 posuisti
843 2025 951 2091 mihi.
996 2024 1065 2091 haec
1094 2032 1142 2091 est
1170 2024 1266 2110 igitur

123 2147 194 2194 uera
226 2129 376 2212 custodia,
411 2128 526 2195 nullam
561 2131 593 2194 in
627 2138 747 2211 partem
771 2152 789 2194 a
811 2131 861 2195 dei
892 2150 926 2195 se
955 2130 1077 2195 iudiciis
1100 2129 1264 2196 deflectere

126 2249 223 2316 neque
254 2233 314 2298 leui
338 2232 439 2300 saltim
464 2234 621 2300 declinare
651 2236 790 2313 decessu,
822 2235 878 2300 sed
908 2234 1057 2299 intentum
1088 2253 1212 2315 semper
1234 2239 1266 2298 et

127 2352 246 2422 semper
268 2337 448 2402 inmobilem
471 2338 503 2402 in
527 2358 574 2421 eo,
597 2339 630 2403 in
654 2358 715 2422 quo
738 2338 856 2416 institit
878 2357 1071 2419 permanere.

166 2442 214 2506 10.
238 2440 309 2506 Non
345 2441 478 2507 declinat
511 2449 624 2519 autem,
641 2430 646 2441 ’
662 2443 735 2526 quia
772 2442 877 2526 legem
915 2442 973 2507 sibi
1008 2444 1085 2507 deus
1116 2441 1265 2507 statuerit.
1294 2464 1319 2502 ro

120 2537 225 2628 legem
260 2545 385 2628 quidem
409 2546 536 2630 Moyses
571 2556 735 2625 statuerat;
770 2548 825 2612 sed
859 2545 911 2611 hic
944 2547 1027 2611 idem
1061 2544 1213 2626 propheta
1234 2544 1266 2609 in

112 2648 241 2726 psalmo
265 2650 360 2716 altero
384 2659 527 2716 orauerat
549 2651 673 2716 dicens:
705 2651 872 2729 domine,
907 2649 1116 2715 constitue
1146 2648 1267 2733 legis·

107 2744 530 2835 latoremsupereos:
555 2752 1268 2839 sciantgentes,quoniamhomines

105 2866 224 2922 sunt
269 2880 306 2923 ea
329 2859 412 2923 enim
437 2857 493 2935 lex,
517 2879 610 2943 quam
634 2859 761 2943 Moyses
785 2860 959 2940 scripserat,
983 2858 1159 2942 pedagoga
1177 2858 1268 2923 nobis

100 2954 145 3020 in
183 2958 302 3028 Christo
325 2962 397 3027 fuit:
433 2964 600 3028 etidcirco
623 2984 716 3044 super
740 2965 941 3042 docentesse
965 2970 996 3028 et
1017 2963 1156 3029 seniores
1179 2960 1266 3027 intel·
1294 2983 1320 3022 a

97 3055 208 3142 legit,
241 3067 315 3150 quia
348 3066 450 3150 legem
485 3067 707 3151 euangelicam,
742 3087 810 3150 quae
844 3066 946 3151 Moysi
981 3065 1051 3152 lega
1085 3066 1266 3145 continetur,

95 3159 281 3256 intellegit.
327 3169 396 3235 haec
434 3191 509 3255 ergo
547 3191 602 3251 per
640 3171 801 3236 dominum
839 3180 979 3236 nostrum
1017 3171 1078 3236 lata
1111 3177 1165 3249 est,
1198 3169 1267 3236 haec

94 3282 247 3339 onrnem
269 3274 431 3355 hominem
455 3276 486 3339 in
511 3276 673 3341 scientiam
697 3276 747 3340 dei
771 3275 913 3341 erudiuit.
959 3282 990 3340 at
1017 3275 1133 3340 idcirco
1162 3275 1203 3339 ad
1225 3275 1267 3354 id,

160 3397 200 3450 2²2
217 3406 259 3459 es.
278 3406 325 3473 m,
343 3408 386 3460 21.

160 3513 178 3562 l
200 3522 314 3577 ierimus
332 3525 362 3576 in
373 3524 397 3576 (Γ
411 3524 503 3576 serim*
520 3525 549 3576 in
565 3545 585 3593 p
602 3523 719 3577 ferimur
737 3524 793 3577 inb
845 3526 862 3576 2
880 3523 931 3576 hac
947 3523 980 3576 V¹
1033 3527 1051 3576 4
1068 3523 1272 3592 prouocauitV

95 3596 131 3639 Εἴ
162 3610 324 3669 0ncinendu
345 3611 367 3663 C
383 3618 411 3665 et
429 3610 617 3680 obtinenddp
669 3611 809 3678 saquis
832 3611 918 3664 VCsi
943 3626 1032 3696 quep
1085 3610 1217 3664 instinctu
1237 3628 1269 3665 eo

100 3686 131 3736 V
154 3695 302 3768 instinctu
330 3730 381 3768 suo
411 3717 450 3784 l'p
503 3713 658 3794 trahamuss
688 3714 712 3765 V
763 3714 904 3768 'lnosredt
928 3714 953 3768 R
1006 3717 1072 3768 9ut
1098 3719 1162 3782 post
1187 3715 1224 3767 sit
1248 3715 1272 3767 V

95 3786 129 3839 ‘¹¹
157 3815 288 3872 uerbum
313 3818 337 3871 V
388 3818 569 3886 nequeenim
588 3846 621 3854 -
641 3817 779 3870 custodiet
806 3820 832 3869 in
860 3836 941 3887 mnrp.
970 3816 1046 3880 infer.
1074 3820 1134 3870 odd.
1153 3816 1223 3870 aa?
1247 3819 1272 3871 V

98 3875 139 3925 ¹⁰
161 3902 317 3959 prohiberi
349 3922 377 3958 se
412 3905 435 3959 V
496 3906 529 3958 12
546 3905 677 3958 obseruat
708 3906 736 3957 E
797 3906 829 3956 lt
847 3912 940 3957 eutem
971 3922 1018 3958 om.
1052 3906 1075 3957 (J
1130 3905 1217 3958 uerbd
1249 3905 1272 3958 0

100 3959 139 4010 ¹5
161 3988 300 4057 'equitur
326 4009 383 4061 sup.
412 3992 456 4044 lin.
476 4009 492 4043 o
512 4010 543 4043 m.
572 3991 588 4043 1
615 3991 635 4043 1·
689 3993 721 4044 18
740 3990 838 4044 saltem
867 3991 934 4062 l'pE
984 3996 1012 4043 et
1039 4005 1148 4058 semper
1174 4009 1222 4044 om.
1246 3991 1273 4044 V

102 4044 144 4098 ⁹⁰
164 4065 230 4155 {ibi
256 4078 384 4132 dominus
400 4080 437 4148 pb
489 4081 522 4131 21
543 4078 616 4131 idem
645 4096 675 4129 ec
702 4078 798 4130 eadem
825 4096 856 4130 m.
885 4075 905 4129 2
929 4077 952 4128 V
1002 4079 1036 4130 st
1054 4076 1197 4145 pedagoge
1221 4078 1269 4130 VR

114 4234 143 4267 ff
167 4163 317 4219 ¹¹ttsrllexit
336 4165 401 4233 quia
425 4164 515 4235 chE
565 4167 737 4219 mnostrum
756 4183 804 4217 om.
823 4164 846 4218 V
896 4165 931 4217 28
949 4164 978 4216 in
998 4182 1045 4216 om.
1071 4164 1094 4216 V
1144 4165 1178 4218 ad
1196 4182 1270 4234 supr.

144 4242 167 4279 Γ·
192 4262 227 4303 m.
247 4253 260 4303 1
279 4252 312 4304 R,
1009 4241 1012 4247 ’
