2790 4844
383 268 566 316 tractatus
591 263 625 315 in
650 263 823 330 psalmum
848 265 945 318 LXIV.
1175 265 1236 330 247

88 453 376 537 accingentur.
422 452 556 517 induti
596 460 690 517 sunt
726 454 884 519 arietes
914 456 1053 532 ouium,
1085 462 1124 520 et
1152 476 1237 522 oon·

91 556 225 622 uelles
259 556 526 622 abundabunt
559 556 780 636 frumento;
819 560 970 623 etenim
1004 558 1239 626 clamabunt

90 669 129 726 et
155 661 344 746 hymnum
367 661 517 726 dicent.
563 681 677 726 annum
701 661 904 745 benignitetis
927 663 977 728 dei
995 683 1032 728 er
1048 664 1238 745 propheticis

89 773 187 849 atque
221 764 396 847 apostolicis
431 765 578 831 doctrinis
612 765 822 850 cognouimus.
870 766 986 832 dictum
1017 768 1100 833 enim
1131 775 1180 834 est
1202 789 1238 835 ex

91 891 226 950 persone
249 869 382 934 domini:
406 869 583 950 spiritus
606 869 760 935 domini
783 889 905 951 super
927 891 995 945 me,
1019 878 1238 953 propterea
1278 900 1291 936 e

91 974 209 1038 unxit
231 994 299 1049 me,
323 972 616 1056 euangelizore
639 974 888 1054 pauperibus
916 975 1032 1040 misit
1053 996 1122 1054 mo,
1144 996 1238 1056 prae·

89 1076 230 1142 dicere
265 1077 445 1158 captiuis
480 1078 768 1143 remissionem
803 1085 841 1143 et
874 1080 994 1144 caecis
1027 1080 1238 1156 uisionem,

90 1201 240 1247 nocere
264 1202 404 1246 annum
430 1182 581 1246 domini
606 1187 815 1263 acceptum
853 1189 891 1248 et
925 1183 1030 1248 diem
1065 1185 1238 1250 retribu-

90 1287 236 1351 tionis:
261 1306 377 1350 eunum
400 1286 508 1350 aetemi
533 1293 562 1350 et
587 1285 667 1350 besti
683 1285 765 1352 illius
781 1286 884 1352 saeeuli
901 1287 968 1352 sine
984 1288 1077 1352 dubio
1093 1288 1237 1354 declaret.

90 1409 230 1473 numque
253 1390 398 1455 bonitatis
429 1390 546 1454 domini
577 1389 628 1455 hic
658 1410 757 1456 annus
787 1397 844 1468 est,
875 1411 935 1475 quo
970 1399 1059 1456 erunt
1082 1391 1238 1458 indefesso
1266 1417 1290 1455 1⁰

91 1493 159 1569 illa,
180 1494 325 1575 benignus
360 1494 570 1561 retributionis
605 1505 745 1575 tempore
778 1495 974 1576 auspicanda.
1019 1483 1110 1561 huius
1144 1495 1250 1580 igitur*

89 1599 166 1663 enni
190 1598 241 1662 dei
265 1599 465 1663 benedicetur
487 1618 606 1676 corona,
629 1598 869 1665 iucundissimus
889 1607 920 1665 et
942 1600 1143 1665 suauissimus
1166 1599 1236 1665 uisi·

91 1708 166 1767 tstae
190 1709 281 1768 terrae
304 1702 525 1786 inebristaeque
541 1701 666 1768 smctus.
713 1703 779 1768 baec
799 1703 883 1769 enim
900 1701 1016 1769 Christi
1032 1711 1087 1781 est,
1112 1704 1239 1785 depulsa

90 1826 258 1886 corporum
292 1813 468 1871 nostrorum
492 1807 683 1887 corruptione
707 1813 739 1872 et
760 1813 923 1888 perempte
945 1808 1054 1872 mortis
1077 1814 1238 1888 potestate,

90 1910 232 1975 uictoria.
278 1908 345 1974 haec
359 1931 469 1975 corone
481 1909 680 1975 sanctificate
693 1917 783 1976 terrae
799 1918 910 1975 nostrae
927 1910 1003 1976 flore
1015 1911 1180 1977 benedictn
1192 1918 1240 1977 est
1267 1935 1292 1974 u

89 2013 239 2079 dominus
263 2020 439 2079 sanctorum
462 2034 586 2079 suorum
610 2013 704 2079 choro
727 2022 820 2098 utque
836 2015 956 2079 ambitu
971 2015 1131 2096 gloriosus.
1167 2021 1239 2080 ωηο

89 2119 235 2183 ubertate
259 2118 360 2198 compi
383 2116 591 2198 replebuntur,
617 2125 688 2182 tunc
708 2119 823 2183 deserti
837 2117 916 2183 fines
931 2119 1144 2202 pinguescent,
1168 2125 1239 2184 ωηο

88 2220 189 2288 colles
224 2222 408 2287 exultatione
443 2223 655 2307 accingentur,
690 2231 763 2288 tnnc
796 2223 909 2288 arietes
940 2223 1041 2288 ouium
1065 2223 1238 2288 induentur.

88 2326 171 2391 illud
194 2326 277 2390 enim
301 2326 509 2391 retributionis
533 2331 581 2390 est
604 2333 736 2407 tempus.

139 2430 191 2494 17.
217 2429 280 2494 Sed
303 2430 469 2496 discrimen
500 2430 596 2511 ipsius
626 2430 836 2495 retributionis
867 2436 913 2495 est
943 2432 1161 2496 contuendum.
1208 2431 1239 2494 in
1267 2455 1292 2491 ro

89 2533 216 2614 campis
239 2534 333 2608 enim,
350 2553 481 2617 quorum
505 2533 672 2599 incultum
694 2554 767 2599 usus
792 2540 849 2611 est,
873 2554 918 2613 eo,
938 2554 1006 2618 qure
1030 2535 1086 2599 sub
1110 2534 1180 2618 lege
1202 2554 1239 2599 er

89 2637 217 2704 culture
239 2637 289 2703 dei
313 2638 435 2713 suerint,
456 2658 550 2718 opere
573 2639 747 2703 ubertatem
772 2644 1009 2721 consequentur.
1054 2638 1107 2704 ubi
1136 2644 1238 2702 eutem

89 2742 176 2806 fines
199 2741 314 2807 deserti
338 2742 550 2826 pinguescent,
575 2741 723 2820 eeclesiis,
747 2762 815 2826 quae
840 2744 964 2807 deserte
987 2743 1043 2807 snit
1063 2744 1122 2821 diu,
1146 2762 1240 2822 popu-

91 2847 142 2912 lus
167 2845 414 2925 repromissionis
439 2846 527 2911 bonis
550 2846 710 2926 opimetur.
756 2846 788 2910 in
810 2845 939 2912 collibus
962 2867 1034 2912 uero
1055 2845 1239 2910 exultatione

89 2949 242 3015 accinctis
265 2948 399 3034 gloriosa
421 2957 593 3033 martyrum
624 2951 737 3034 gaudia
766 2950 960 3023 nuntientur3
991 2949 1024 3015 hi
1054 2951 1137 3016 enim
1169 2959 1239 3014 sunt
1267 2973 1292 3011 re

91 3053 189 3119 terris
212 3055 323 3118 ceteris
346 3053 499 3119 celsiores.
545 3073 615 3119 cum
650 3061 754 3119 nutem
788 3055 901 3120 arietes
935 3055 1036 3119 ouium
1068 3055 1241 3131 induentur,

91 3163 213 3223 aetemu
234 3156 286 3221 illu
309 3163 340 3222 et
361 3157 453 3222 beate
476 3156 718 3238 patriurcbemm
743 3164 774 3222 et
792 3157 1013 3238 prophetarum
1037 3165 1068 3224 et
1090 3156 1239 3239 apostolo·

91 3280 176 3336 rum,
199 3262 251 3344 qui
275 3262 369 3327 duces
394 3263 502 3346 gregis
526 3262 624 3327 suncti
659 3268 739 3331 sunt.
774 3263 870 3327 uestis
900 3263 1080 3338 ostenditur,
1112 3263 1150 3328 de
1180 3281 1241 3344 quo

90 3366 138 3431 eit-
163 3365 271 3430 boetus
295 3365 450 3446 apostotus
474 3365 602 3430 Paulus:
633 3372 795 3445 oportet
825 3366 931 3431 enirn
966 3363 1240 3445 corruptibile

139 3538 248 3592 ouant
267 3539 338 3607 Lxl,
359 3543 373 3593 l
393 3556 433 3608 sq.
469 3541 504 3594 29
522 3541 535 3593 Ι
554 3539 615 3593 Cor.
636 3541 676 3606 15,
694 3541 737 3594 53.

141 3677 360 3748 lnocingentnr
378 3678 431 3731 ΗΡ
446 3679 621 3747 erigenture
673 3678 920 3747 denuangeliuere
933 3680 958 3731 R
1012 3680 1044 3731 12
1061 3677 1243 3733 benedicetur

91 3781 199 3822 corone
218 3765 270 3818 ΒΡ
285 3762 472 3829 (benedicitur
490 3781 591 3818 corone
615 3763 648 3830 V)
672 3764 819 3819 benedicet
843 3781 973 3819 eoronam
991 3765 1021 3818 E
1070 3765 1241 3819 uisitetuez

92 3852 180 3918 (aar.
207 3850 240 3919 q)
268 3852 294 3905 R
349 3854 382 3906 16
399 3851 490 3921 adque
518 3852 543 3905 R
598 3855 629 3905 17
648 3853 792 3906 ubertutue
820 3854 847 3905 R
899 3852 967 3905 fines
995 3850 1011 3917 (
1016 3853 1049 3918 V)
1078 3853 1103 3905 R
1129 3850 1193 3905 finis
1218 3851 1244 3904 P

997 3949 1007 3977 fl

93 3994 129 4046 18
150 3989 388 4044 mlunterzp
438 3991 539 4044 arietes
558 4008 588 4044 erc
603 3990 700 4044 arietis
714 3991 739 4042 P
789 3993 824 4046 20
841 3988 999 4044 contuendi
1018 3989 1042 4056 (s
1060 4009 1131 4060 supr.
1149 4007 1240 4044 scum.

92 4074 170 4145 DP
215 4077 408 4132 dletculture
419 4075 589 4143 dei(V)PE
634 4078 669 4129 23
678 4076 725 4130 diu
735 4076 789 4130 fuit
799 4077 853 4130 PE
860 4075 927 4143 (fnit
944 4077 976 4141 V)
1024 4075 1242 4131 dbeecinctiser

92 4163 282 4232 accingentur
308 4164 334 4217 P
384 4165 419 4218 ut
437 4162 620 4232 (patriurcurfi
653 4163 686 4227 V)
749 4163 920 4232 profetarum
949 4162 1031 4227 (th
1088 4166 1123 4217 29
1141 4162 1242 4217 Paulus

91 4271 147 4306 cm.
167 4250 194 4302 P
243 4249 318 4303 enim
336 4268 385 4303 om.
405 4251 437 4302 R.
