2790 4844
434 275 618 329 tractatus
643 272 678 325 in
700 274 873 340 psalmum
901 275 921 327 l.
1208 279 1249 342 25

94 467 223 542 peccato
254 482 311 542 per
341 461 373 525 id
406 459 496 526 liberi
519 462 589 540 sint,
620 463 652 525 in
676 462 806 527 ecclesia
840 465 965 546 quidem
989 471 1159 542 manentes,
1194 466 1251 530 sed

96 565 239 630 ecclesiae
263 565 460 646 disciplinam
483 586 544 630 non
561 572 716 631 tenentes:
751 574 784 630 ut
799 568 891 645 suari,
917 568 1038 644 ebriosi,
1062 569 1250 648 tumultuosi,

98 689 255 750 procaces,
264 670 398 752 superbi,
407 669 610 748 simulatores
619 672 794 748 mendaces,
803 692 937 751 rapaces,
955 674 1033 737 etad
1042 672 1110 738 lraec
1123 674 1247 756 quidem

98 794 153 838 nos
164 775 242 838 uitia
265 781 382 839 naturae
395 780 507 839 nostra
523 773 667 855 propellit
682 775 861 854 instinctus;
885 779 941 842 scd
960 776 1032 841 utile
1049 784 1104 855 est,
1130 798 1185 842 nos
1201 779 1252 841 uia

101 878 166 956 hac,
189 878 339 962 adquam
355 878 491 957 ferimur,
508 879 687 957 abscedere,
713 900 813 963 noque
829 881 999 945 consistere
1017 880 1086 957 illic,
1110 881 1249 946 adhibito
1276 910 1289 948 a

103 983 275 1047 decedendi
307 1002 344 1047 ex
373 1002 410 1046 ea
439 1002 501 1045 non
532 1003 653 1047 moroso
683 1004 818 1048 recursu.
864 992 894 1049 et
925 985 1040 1049 idcirco
1071 985 1180 1049 beatus
1203 986 1251 1049 uir

105 1088 233 1170 estqui
259 1087 290 1150 in
314 1087 363 1150 uia
386 1093 581 1167 pcccatomm
613 1107 671 1151 non
703 1088 796 1165 stetit,
827 1096 937 1152 natura
968 1089 1091 1172 quidem
1114 1089 1250 1152 inuiam

105 1190 180 1255 lranc
204 1191 374 1268 det'erente‚
398 1192 452 1254 sed
477 1211 513 1255 er
535 1192 586 1255 uia
610 1192 668 1256 hac
691 1192 762 1257 fidei
787 1190 938 1275 religiono
962 1193 1126 1257 referente.

147 1296 195 1358 10.
220 1295 342 1360 Tertius
376 1313 498 1378 quoquc
520 1294 572 1359 hio
596 1296 772 1360 obtinenda
806 1296 1006 1360 beatitudinis
1029 1297 1103 1360 ordo
1127 1304 1183 1372 est,
1219 1298 1250 1361 in

109 1398 248 1463 cathedra
272 1398 455 1482 pestilentia
478 1419 539 1462 non
570 1401 687 1464 sedere.
732 1401 880 1464 sedemnt
909 1401 940 1463 in
972 1399 1118 1464 cathedra
1148 1401 1249 1482 Moysi
1279 1429 1303 1465 to

114 1502 249 1584 pharisaei
272 1505 427 1581 docentes,
459 1503 539 1567 sedit
569 1512 598 1568 et
621 1503 737 1568 Pilatus
771 1504 802 1567 in
839 1503 999 1568 tribunali:
1031 1505 1116 1569 onius
1148 1505 1251 1587 itaque

120 1607 263 1672 cathedrae
293 1608 464 1672 sessionem
499 1608 742 1673 existimabimus
778 1607 997 1689 pestilentem?
1050 1630 1110 1672 non
1145 1610 1250 1692 utique

126 1708 218 1793 lloysi.
241 1713 365 1775 domino
385 1714 530 1776 sedentes
554 1713 653 1793 potius
677 1733 768 1795 qrram
792 1713 961 1777 sessionem
978 1711 1250 1794 cathedraeinpro-

124 1810 205 1889 hante,
227 1836 293 1879 cum
319 1815 408 1879 dicit:
433 1835 554 1896 super
576 1815 822 1893 cathedram,
853 1817 960 1899 inquit,
984 1816 1114 1900 Moysi
1138 1819 1249 1882 sede-

128 1926 198 1981 runt
219 1921 364 1984 scribae
389 1926 426 1984 et
457 1918 666 2000 pharisaei3
697 1940 955 2003 quaecumque
985 1921 1167 1985 dixerint
1197 1921 1248 1984 fa·
1278 1950 1303 1985 ω

134 2019 201 2097 rite,
221 2043 300 2106 qua
324 2031 454 2088 autern
480 2024 646 2100 faciunt,
663 2025 798 2089 facere
822 2023 959 2088 nolite.
983 2024 1137 2089 cathedrae
1160 2025 1250 2088 huius

136 2125 208 2188 sessio
227 2127 372 2207 pestilens
395 2148 456 2191 non
480 2136 535 2206 est,
559 2129 645 2192 (errius
669 2128 863 2193 oboedientia
886 2129 1040 2193 dominica
1070 2129 1250 2193 auctoritate

136 2229 285 2310 precipitur.
332 2231 385 2296 illa
415 2252 490 2316 ergo
521 2233 578 2297 erit
609 2232 765 2313 pestilens,
801 2233 886 2297 ouius
921 2235 1098 2317 contagium
1134 2232 1249 2296 Pilatus

137 2344 215 2397 manus
233 2335 385 2401 abluendo
408 2337 532 2401 deuitat.
577 2336 690 2401 multos
721 2337 803 2400 enim
827 2337 920 2401 etiam
943 2337 975 2400 in
999 2342 1083 2401 metu
1104 2338 1152 2401 dei
1177 2357 1249 2401 oon-

140 2432 227 2502 stitutos
248 2438 441 2505 secularium
458 2446 561 2504 tamen
586 2439 734 2504 honomm
749 2440 873 2504 ambitio
886 2442 1068 2520 corrumpit:
1094 2448 1123 2504 et
1145 2439 1251 2503 uolunt
1277 2467 1301 2505 ao

140 2536 243 2607 ecclesia
265 2544 385 2630 legibus
420 2544 533 2608 subditi
565 2545 622 2608 fori
646 2543 768 2628 legibus
792 2545 936 2608 iudicare.
982 2545 1038 2608 sed
1062 2564 1250 2626 quamquam

142 2637 168 2700 td
184 2639 234 2711 hac
255 2649 324 2730 ipsa
346 2648 457 2726 officia,
473 2670 541 2732 qua
564 2655 668 2733 agunt,
692 2649 794 2713 serant
817 2668 921 2713 secum
946 2649 1120 2732 religiosam
1145 2646 1250 2710 uolun-

142 2748 212 2826 tatem,
231 2751 388 2816 beniuolos
412 2773 481 2817 sese
504 2754 758 2836 continentesque
782 2755 966 2833 praestando,
998 2760 1100 2815 tamen
1120 2770 1248 2816 necesso

142 2855 173 2908 ⁰81
189 2871 287 2932 corum,
311 2856 342 2920 in
368 2856 481 2938 quibus
506 2857 760 2932 deuersabuntur,
784 2857 975 2940 negotiorum
1001 2856 1132 2939 quodam
1157 2855 1249 2935 pesti-

142 2943 192 3016 lenti
217 2962 355 3044 contagio
395 2961 575 3040 polluantur,
633 2960 822 3041 publicarum
859 2961 943 3025 enim
981 2981 1140 3024 causarum
1175 2960 1248 3023 ordo
1276 2986 1301 3024 2⁵

170 3059 460 3130 rmmmma

170 3179 213 3236 lin
238 3187 338 3240 eclesia
365 3188 385 3239 Γ
410 3186 440 3239 in
467 3193 561 3241 aeccta
582 3190 605 3240 Il
658 3190 675 3241 2
702 3188 818 3242 eclesiae
843 3208 873 3241 er
897 3187 1024 3241 eclesiam
1053 3186 1123 3239 md)
1149 3187 1171 3238 Γ
1187 3202 1248 3238 aec-

58 3301 60 3313 =
140 3258 209 3321 ‘ibice
225 3274 247 3325 lt
298 3277 315 3327 3
337 3274 450 3342 quidem
478 3274 547 3328 uitia
573 3280 689 3328 naturae
717 3281 827 3328 nostrae
855 3292 905 3327 nos
932 3273 1064 3342 propellit
1089 3274 1114 3325 V
1157 3274 1174 3326 4
1201 3272 1249 3325 sed

140 3353 225 3410 Mutilo
241 3369 279 3412 est
302 3362 329 3413 Ι·,’
380 3378 429 3412 nos
448 3379 496 3414 om.
523 3361 545 3412 Γ
596 3362 676 3414 auia
699 3361 780 3415 hacc
840 3364 856 3411 5
884 3361 918 3413 ad
944 3377 1025 3427 quam
1051 3360 1096 3423 (ad
1123 3379 1179 3428 sup.
1204 3360 1248 3410 lin.

140 3444 193 3489 Η
215 3446 246 3509 Γ)
275 3448 312 3499 Γν
339 3465 394 3515 qua
419 3449 457 3500 ne
527 3448 691 3502 obscaedcre
711 3447 747 3500 11ι
818 3448 857 3500 sie
893 3463 983 3514 neque
1006 3447 1033 3498 E
1100 3446 1205 3499 adibito
1225 3447 1249 3497 R

140 3519 299 3587 ldttcdendi
328 3553 360 3587 ez
389 3533 535 3588 decidendi
566 3536 590 3587 Il
670 3538 698 3587 ll
731 3535 823 3587 farisei
862 3536 906 3586 ΓΙ.)
984 3535 1112 3587 docentes
1143 3551 1191 3584 om.
1230 3533 1253 3584 Γ

143 3639 375 3708 lltxistimauimus
402 3673 432 3707 ec
459 3655 678 3708 existimabimus
705 3657 726 3708 Γ
796 3659 828 3711 13
854 3615 984 3708 moysill
1057 3657 1088 3707 14
1106 3654 1198 3721 inquit
1220 3672 1249 3705 ex

141 3723 1250 3811 mmmmnmmammmmruwmmm

142 3812 329 3882 lloboedientia
348 3847 378 3882 cr
396 3829 587 3883 oboediaentia
608 3829 679 3882 m?
705 3831 726 3882 Γ
782 3833 814 3883 18
833 3830 881 3882 illa
900 3829 974 3881 enim
1000 3829 1024 3881 Γ
1074 3828 1204 3895 contagio
1229 3827 1252 3878 Γ

141 3897 289 3968 2⁰bonorum
309 3917 353 3968 Ila
407 3918 440 3969 21
460 3916 577 3969 eclesiae
603 3917 625 3968 Γ
675 3917 737 3968 ΓΞ
755 3917 798 3969 ori
817 3915 897 3977 (erus.
914 3917 978 3979 l)R
1031 3918 1066 3968 22
1084 3920 1206 3982 aguntur
1225 3916 1250 3965 n

142 3998 201 4050 'itui
221 4017 246 4051 er
269 4009 389 4071 agerunt
424 4003 447 4055 Γ
496 4003 591 4056 serunt
629 4003 651 4055 Γ
727 4005 760 4056 23
788 4003 975 4057 beneuolose
1037 4001 1066 4054 se
1095 4003 1119 4053 n
1183 4016 1248 4052 con-

142 4070 255 4155 tlibitam.
279 4090 303 4141 n
374 4092 408 4141 24
436 4088 653 4143 diuersabuntnr
688 4090 736 4142 ΓΕ
770 4091 835 4151 (sed.
860 4091 924 4141 olibi
947 4092 1022 4141 etium
1056 4089 1075 4139 Γ
1093 4087 1249 4150 deuersorit

58 4158 60 4187 ²
143 4163 229 4222 *laudm
244 4193 288 4228 orn.
315 4176 337 4227 Γ
405 4177 440 4229 25
458 4187 519 4228 aare
537 4176 666 4244 contagio
685 4178 712 4227 in
737 4194 835 4245 rrrurya
854 4194 882 4244 q<
898 4175 1073 4244 publicarum
1091 4191 1184 4227 rerum
1203 4190 1250 4225 ne-

143 4250 288 4316 caecitudines
306 4264 323 4317 ir
342 4264 403 4317 sinc
422 4265 531 4317 macula
548 4269 731 4318 exerceantur
749 4267 809 4317 add.
828 4284 860 4316 m.
883 4265 896 4315 l
916 4265 948 4316 11.
