2790 4844
414 475 595 524 tractatus
615 471 649 523 in
672 473 843 539 psalmum
863 471 932 525 LIV.
1184 473 1242 537 161

93 680 163 725 me.
213 660 371 726 enutriens
393 667 498 726 autem
520 679 582 725 non
605 660 759 744 relinquet
780 662 811 723 in
836 661 976 727 fluetibus
1010 663 1099 727 istius
1130 663 1245 741 saeculi,

98 766 187 830 sicuti
212 766 362 830 enutritus
384 763 478 829 Iaeob
501 784 626 829 omnem
649 772 864 846 tempestatem
888 771 919 830 et
940 765 1081 832 odiorum
1105 774 1136 833 et
1157 768 1243 832 durae

102 870 257 934 seruitutis
280 869 379 934 euasit
397 869 519 934 dioens:
544 869 648 947 deus,
673 871 739 952 qui
763 871 965 935 enutriuit
988 891 1046 937 me
1069 891 1088 934 a
1109 872 1243 938 iuuen-

107 980 187 1039 tute
208 994 304 1038 mea.
351 974 417 1055 ipse
440 974 523 1039 enim
547 973 618 1038 uita
641 982 747 1039 auotor
770 982 824 1049 est,
847 975 914 1057 ipse
937 975 997 1040 eibi
1020 975 1157 1058 largitor,
1181 996 1242 1040 non

108 1077 214 1142 terrem
238 1084 367 1155 tantum,
391 1077 562 1143 sedetiam
586 1076 743 1157 spiritalis.
1285 1106 1298 1143 a

153 1286 199 1349 19.
223 1285 286 1350 Sed
309 1284 361 1351 illo
384 1306 615 1369 superaquam
644 1287 820 1353 resectionis
850 1287 979 1351 educato
1006 1296 1036 1352 et
1059 1308 1077 1350 a
1099 1285 1243 1368 proeellae

119 1387 244 1455 fluetibus
268 1388 397 1454 liberato
421 1390 519 1473 digne
541 1391 653 1470 imples
688 1409 778 1470 poena
812 1391 1016 1474 persequitur,
1051 1410 1120 1455 eum
1155 1391 1244 1456 dioit:

122 1498 151 1554 tu
178 1514 276 1570 uero,
301 1494 409 1565 deus,
434 1495 615 1558 deduces
649 1493 745 1559 illos
780 1495 818 1558 in
853 1495 1245 1578 puteuminteritus.

124 1598 184 1660 uiri
205 1598 446 1682 sanguInum
470 1604 509 1662 et
532 1597 773 1663 dolositatis
792 1618 882 1662 non
915 1598 1246 1664 andimidiabunt

128 1699 195 1765 dies
226 1721 334 1767 suos:
369 1722 442 1786 ego
467 1709 596 1767 autem
621 1702 793 1782 sperabo
828 1703 866 1767 in
901 1709 946 1776 te,
981 1703 1151 1768 domine.
1198 1711 1245 1769 est
1273 1729 1298 1766 ιο

130 1804 228 1884 crudem
253 1821 364 1890 puteus
387 1826 476 1889 aquae
499 1806 593 1883 uiuae;
628 1807 683 1871 sed
707 1811 755 1870 est
777 1813 809 1871 et
830 1816 939 1887 puteus
962 1807 1102 1872 interitus
1136 1826 1247 1873 seeun-

133 1906 185 1972 dum
205 1910 293 1977 illud:
318 1932 391 1975 non
417 1931 474 1975 me
497 1910 709 1993 demergat
732 1918 1093 1995 tempestateque,
1116 1931 1245 1996 neque

135 2009 325 2080 absorbeat
354 2035 410 2079 me
443 2014 695 2098 profundum,
720 2034 848 2098 neque
881 2015 1091 2080 contineat
1124 2036 1247 2100 super

136 2131 174 2178 ue
191 2129 329 2198 put-eus
353 2138 396 2183 os
419 2138 541 2183 suum.
586 2139 647 2185 nou
670 2118 776 2184 relioto
797 2120 891 2202 lgItur
905 2121 936 2182 in
953 2119 1148 2184 fluctuatione
1164 2121 1243 2186 iusto

137 2214 207 2286 illiin
226 2238 351 2305 puteum
374 2223 513 2288 interitus
537 2224 735 2298 deducentur,
763 2223 849 2287 auius
864 2243 899 2288 os
915 2223 1053 2288 oleosum
1069 2225 1242 2308 resurgenti
1274 2248 1299 2286 ιι

139 2338 164 2382 u
174 2323 265 2392 interis
281 2328 440 2411 unigenito
456 2328 513 2393 deo
529 2347 672 2393 essenon
685 2328 790 2408 potuit.
836 2336 971 2393 aeterum
985 2335 1056 2409 post
1067 2329 1244 2408 passionom

140 2420 223 2495 domini
245 2433 347 2497 statim
371 2451 425 2496 eos
449 2431 520 2496 belli
544 2431 674 2496 uictoria
689 2451 757 2496 aum
774 2431 892 2496 exoidio
908 2433 1041 2497 ciuitatis
1059 2432 1246 2513 absumpsit:

141 2533 197 2595 unni
216 2539 386 2617 promiscua
408 2542 498 2601 aetate
521 2537 560 2600 ad
585 2535 824 2600 satisfactionem
848 2538 1037 2601 uincentium
1053 2538 1246 2618 interempta,

143 2637 348 2706 nondimidiatis
365 2642 434 2705 uitae
450 2639 557 2705 diebus
572 2641 726 2705 iuuentute
742 2647 903 2723 prostrata.
949 2641 1015 2705 dies
1039 2651 1141 2706 autem
1165 2641 1246 2721 pleni

144 2743 226 2805 unctis
247 2752 275 2811 et
297 2744 441 2810 fidelibus
458 2745 835 2810 reseruanturseeundum
851 2743 941 2809 illud:
966 2753 1003 2810 et
1026 2746 1113 2810 dies
1135 2745 1244 2828 pleni
1273 2766 1299 2803 so

145 2832 372 2914 intententur
396 2850 432 2912 in
458 2847 530 2925 hle,
555 2867 686 2931 quorum
709 2868 781 2929 spes
815 2869 940 2929 semper
963 2849 992 2912 in
1028 2850 1153 2914 domino
1184 2856 1245 2913 est:

145 2942 180 3019 tui
197 2964 234 3014 est
253 2952 433 3018 benedictus
456 2953 487 3016 in
511 2951 623 3017 saecula
646 2951 834 3017 seculorum.
881 2972 981 3017 amen.

174 3222 252 3282 tuen.
269 3230 393 3293 XLVIII,
414 3233 453 3283 15.
494 3232 524 3283 12
542 3230 584 3282 Ps.
604 3229 727 3295 va111‚
747 3233 787 3284 16.
823 3233 858 3283 20
877 3230 918 3282 Ps.
937 3231 1047 3297 LXXII,
1068 3234 1106 3285 10.

175 3500 266 3561 lhuius
285 3508 373 3562 seculi
393 3508 419 3559 I’
468 3509 574 3560 2sicut
594 3508 643 3559 I'I'
695 3508 804 3560 tanim
828 3528 899 3578 supr.
923 3527 972 3561 scr.
992 3510 1016 3561 t·
1069 3509 1122 3577 ipsi
1149 3509 1204 3563 cibi
1230 3510 1251 3560 l'

140 3583 244 3646 dedocet
266 3596 286 3646 l'
338 3594 475 3661 'Iirapius
496 3594 521 3645 P
570 3600 586 3644 a
605 3594 660 3646 uiri
678 3614 734 3664 rap.
753 3597 797 3647 lia.
815 3595 838 3648 V
888 3595 976 3648 dolosi
997 3596 1045 3647 Vr
1096 3595 1247 3649 exdemidi·

138 3668 204 3727 abunt
214 3680 284 3751 I'Icf.
295 3684 416 3733 ,salario
427 3682 464 3737 ΙΙ,
478 3681 509 3733 II
513 3683 526 3733 I
529 3686 540 3742 )
550 3680 768 3735 dimidieuerunt
777 3682 825 3734 ΡΤ
833 3682 1019 3736 dimidiabunt
1029 3684 1054 3734 II
1106 3685 1133 3735 ll
1147 3681 1194 3734 sed
1205 3688 1248 3735 est

137 3766 276 3822 ecerat
294 3769 390 3821 I'RI'I'
445 3771 476 3822 13
488 3769 599 3822 sorbeat
620 3770 697 3821 I'sed
707 3771 742 3839 cs.
753 3770 796 3821 Pe.
809 3769 933 3821 LXVIII
947 3788 1003 3837 rap.
1017 3769 1050 3822 13
1106 3771 1137 3822 14
1150 3773 1250 3836 puteus

133 3863 189 3914 ψ.
211 3871 254 3907 scr.
281 3874 313 3907 m.
343 3856 358 3906 l
388 3854 413 3906 P
463 3855 491 3907 iu
518 3854 698 3909 fluctuatione
724 3856 750 3907 P
802 3857 834 3908 15
852 3856 900 3908 ille
927 3856 976 3907 ΡΤ
1027 3855 1180 3908 deducetur
1198 3856 1248 3907 I'I'

131 3986 205 4043 elusos
216 3992 335 4047 clausum
354 3993 376 4043 l'
427 3994 583 4062 resurgenti
595 3999 624 4048 et
636 4010 671 4047 ex
680 3995 707 4046 P
717 3942 892 4075 resurgentis
910 4010 944 4048 ex
962 4013 1029 4048 corr.
1042 4013 1074 4048 nr.
1087 3997 1107 4047 3
1119 3997 1144 4048 Il
1155 4011 1246 4048 resur·

125 4098 197 4161 μὴ
220 4112 283 4151 exe
346 4100 378 4152 17
397 4098 552 4166 adsumpsit
580 4099 603 4151 V
656 4100 688 4152 18
705 4099 741 4153 sd
768 4098 995 4180 statisIeotionem
1023 4116 1089 4153 corr.
1118 4118 1150 4151 m.
1182 4099 1195 4150 1
1227 4099 1248 4151 V

121 4197 295 4257 minantium
324 4203 374 4255 1⁷!
426 4204 456 4257 at
479 4201 660 4257 Inueniuntur
689 4203 717 4255 in
745 4201 788 4255 his
822 4202 845 4254 l'
870 4201 1049 4257 inuenientes
1074 4203 1119 4257 his
1145 4203 1251 4256 IIPI'E

115 4289 240 4343 flumen
256 4308 305 4343 osa.
332 4290 356 4341 V
370 4288 494 4358 Explimt
513 4289 639 4344 Psalmus
666 4289 743 4344 Lllll
770 4289 870 4358 inalpit
895 4288 1022 4343 Psalmus
1046 4289 1122 4344 LVII
1146 4290 1170 4344 V
1191 4289 1247 4344 Ex·

112 4376 188 4448 pliu't
217 4376 342 4431 Psalmus
373 4376 451 4431 nun
481 4377 581 4446 insipit
611 4377 734 4431 Psalmus
762 4375 810 4430 LV
837 4378 863 4430 R
889 4375 1013 4445 Explieit
1039 4375 1139 4431 Psalm.
1169 4377 1246 4431 Lllll

109 4464 209 4534 incipit
224 4463 272 4517 LV
293 4464 319 4517 I'
333 4463 415 4531 Expl.
433 4463 469 4517 de
487 4463 565 4518 LIIII
585 4462 695 4517 Psalmo
714 4463 797 4532 inoip.
816 4465 850 4517 de
868 4462 917 4518 LV
939 4461 967 4516 Τ.

158 4584 231 4626 mr.
246 4584 321 4625 Iustu.
335 4582 394 4623 Puer.
410 4594 461 4632 puro
474 4584 494 4624 1.
1063 4536 1091 4587 ll
