2790 4844
412 240 613 293 instructio
632 242 857 309 psalmorum,
1167 246 1205 307 Ii'

50 436 295 512 consequuntur.
341 450 378 493 er
403 429 451 493 bis
473 430 567 512 igitur
590 450 716 510 operum
733 432 941 516 droctrinaeque
958 433 1066 498 studiis
1091 433 1206 513 psalmi

52 532 143 609 iltius,
168 534 219 617 qui
257 534 458 597 canticum
489 533 636 616 psalmi
668 535 914 615 superscribitur,
946 537 1004 600 erit
1034 558 1129 602 causa
1151 559 1206 602 no·

55 638 180 702 scendo.
227 637 280 701 ubi
305 645 408 702 antem
432 644 480 702 est
503 637 687 719 psalmus
721 640 884 717 cantici
918 639 980 704 illie
1014 662 1070 725 per
1100 644 1205 726 cogni-

57 741 146 805 tionis
170 742 333 806 scientinm
368 763 442 807 usus
466 743 537 806 boni
560 743 662 823 operis
687 752 842 822 tractatur,
875 758 946 809 cum
977 747 1099 829 quando
1124 747 1203 811 desi-

58 844 227 910 derabilem
253 846 341 909 nobis
364 846 505 911 fidelium
529 857 689 931 gestorum
714 847 914 912 efficientiam
931 856 1056 929 praestet
1068 851 1203 914 anterior
1243 884 1256 920 e

63 948 99 1012 de
121 950 177 1013 deo
201 951 315 1031 adepta
337 952 481 1034 cognitio.

102 1072 150 1134 21.
173 1070 249 1135 Haec
272 1072 366 1154 igitur
402 1071 526 1136 musicae
548 1074 622 1138 rrrtis
657 1074 844 1157 quadrifaria
876 1075 1038 1139 diuersitas
1072 1075 1203 1154 psalme-

70 1193 128 1236 rum
155 1184 202 1240 est
236 1175 466 1240 diuersitntibus
500 1185 659 1258 coaptata:
696 1186 729 1243 ut
765 1178 942 1259 psalmus
978 1199 1033 1259 per
1066 1180 1203 1259 corporei

74 1279 166 1360 organi
188 1286 306 1343 motum
330 1279 359 1343 in
395 1275 691 1346 commemoratione
726 1290 886 1366 gestorum
917 1283 965 1359 sit,
1001 1283 1204 1347 canticum

77 1400 134 1444 uero
154 1403 207 1465 per
222 1385 382 1464 sapientia
405 1386 612 1470 cognitionem
630 1385 747 1472 habeat
764 1387 794 1450 in
812 1407 846 1451 se
862 1388 1008 1451 doctrines
1024 1387 1202 1463 scientiam;
1232 1419 1256 1454 10

81 1487 256 1551 canticum
282 1509 355 1553 uero
386 1491 530 1570 psalmi
555 1497 609 1568 est,
643 1511 713 1556 cum
739 1491 887 1571 praeeunti
911 1499 1071 1575 gestorum
1096 1491 1203 1555 merito

83 1590 190 1670 cognitio
220 1593 358 1657 scientia
381 1600 552 1674 praestatur,
583 1595 764 1677 psalmus
796 1596 907 1660 deinde
939 1596 1100 1673 cantici,
1132 1615 1202 1659 oum

85 1708 126 1769 per
151 1697 266 1776 adeptae
306 1697 442 1762 scientia
476 1699 687 1782 cognitionem
727 1698 865 1763 fidelium
911 1705 1069 1782 gestorum
1110 1720 1204 1779 opero

88 1792 217 1863 inchoatur
240 1807 271 1865 et
293 1802 420 1884 geritur.
466 1823 521 1884 per
544 1803 602 1868 has
634 1823 709 1887 ergo
744 1803 1037 1886 superscriptionum
1067 1803 1204 1885 proprie·

90 1904 145 1965 ete
162 1902 401 1988 intellegentiam
423 1905 614 1987 psalmorum
639 1908 735 1990 quaeri
760 1908 921 1988 oportebit,
953 1908 1025 1992 quia
1040 1908 1202 1991 unicuique
1231 1937 1255 1977 1⁵

90 2007 169 2079 generi
217 2008 389 2093 prophetiae
435 2011 466 2074 in
518 2011 706 2095 proprietate
754 2010 911 2075 titulorum
963 2012 1203 2094 unumquodque

92 2120 162 2182 genus
197 2114 322 2176 musicae
366 2115 590 2195 conparat-ionis
636 2122 775 2196 aptatum
819 2121 875 2180 est.
933 2136 984 2180 eos
1026 2136 1106 2193 uero,
1152 2116 1204 2199 qui

93 2205 139 2273 sine
155 2213 344 2298 inscriptione
368 2217 430 2283 ulla
463 2219 699 2303 significationis
730 2219 857 2283 alieuius
888 2219 1068 2296 habeantur,
1102 2226 1135 2283 ut
1158 2225 1205 2284 est

95 2311 178 2385 onnus
199 2327 229 2385 et
250 2323 405 2387 secundus
439 2332 470 2388 et
491 2324 585 2388 ceteri
610 2323 772 2405 conplures
796 2323 855 2397 alii,
890 2323 1132 2408 intellegendum
1156 2329 1204 2389 est

95 2431 120 2474 01
140 2421 263 2490 doctrina
303 2427 429 2507 spiritus
463 2429 562 2492 sancti
592 2430 633 2492 ad
663 2427 834 2511 spiritalem
867 2428 1075 2512 cognitionem
1110 2448 1201 2509 gene·
1231 2461 1255 2495 20

95 2515 145 2584 ralis
161 2529 288 2595 scientiae
312 2530 406 2596 fuisse
429 2540 577 2607 cantatos,
609 2543 641 2595 ut
664 2533 874 2616 unusquisque
898 2552 935 2596 ex
962 2531 1011 2595 his
1035 2533 1204 2596 secundum

95 2616 211 2697 treione
224 2635 433 2701 sinceritatem
457 2637 608 2701 rationem
631 2635 853 2718 intellegentiae
876 2636 1021 2718 spiritalis
1038 2642 1201 2715 expeteret

125 2727 161 2797 22.
178 2739 255 2804 Aliae
279 2760 350 2804 uero
373 2741 659 2821 superscriptiones,
684 2760 752 2822 qnae
776 2756 827 2804 am
843 2761 893 2805 res
910 2753 1014 2824 gestas
1035 2740 1202 2804 secundum

96 2823 216 2906 historiam
240 2844 428 2927 significant,
453 2856 504 2908 aut
527 2852 674 2924 tempora,
706 2852 758 2908 aut
789 2845 865 2915 dies,
897 2856 947 2908 ant
979 2843 1062 2908 aliud
1086 2842 1202 2927 aliquid

96 2939 212 3016 eonblera
233 2958 314 3015 sunt.
339 2946 387 3011 uel
410 2969 447 3013 en
471 2949 721 3032 interpretatione
747 2949 914 3019 nominum,
948 2947 995 3012 uel
1020 2968 1056 3012 ex
1079 2968 1204 3028 eompa-
1232 2976 1256 3015 25

95 3038 178 3111 ratione
198 3065 364 3135 gestorum,
388 3051 436 3117 uel
459 3073 495 3116 ex
518 3053 725 3117 consimilium
758 3054 871 3133 specie,
903 3073 940 3117 ex
971 3053 1080 3136 quibus
1112 3052 1204 3117 rebus

96 3143 366 3233 orteuseonsisret
389 3158 573 3221 ostendunt:
597 3163 637 3233 ut,
661 3157 757 3221 sicubi
781 3168 827 3222 est
850 3177 918 3237 pro
943 3157 1006 3222 die
1030 3156 1203 3232 sabbati,

127 3356 348 3433 looneeqnantnr
381 3366 402 3415 1'
452 3365 496 3418 his
521 3385 550 3418 ec
574 3367 597 3418 is
623 3385 655 3418 m.
683 3366 698 3417 Ι
724 3366 748 3416 Γ
798 3365 885 3433 igitur
909 3365 933 3418 Γ
954 3381 1020 3433 ergo
1045 3366 1088 3416 rE
1139 3381 1205 3432 ope·

95 3440 182 3501 nntium
206 3452 225 3503 i·
241 3472 256 3504 r
275 3452 309 3517 es.
329 3454 360 3504 de
378 3454 423 3504 boc
441 3470 528 3505 errore
546 3461 569 3505 et
586 3454 643 3504 sim.
662 3453 744 3504 Acori.
759 3470 788 3520 p.
807 3452 851 3503 :rr
900 3451 997 3504 studiis
1016 3451 1203 3504 insistentium

95 3525 273 3591 Pnlniilliusr
320 3540 488 3591 attrectatur
500 3557 529 3590 er
541 3537 721 3592 trecarum?
736 3538 761 3590 V
805 3539 981 3606 bpraestatr
1029 3536 1204 3590 ssdiuereita·

94 3606 147 3665 fibro
165 3621 194 3671 i'r
210 3623 368 3678 diuersiteti
390 3625 416 3675 Ι·
458 3641 508 3692 per
526 3625 651 3692 corporei
670 3624 768 3694 organi
795 3625 817 3677 i'
831 3642 882 3693 per
904 3624 1001 3692 organi
1026 3623 1151 3692 corporei
1165 3624 1207 3674 rE

93 3693 445 3763 ”bemmemoratiouemr
500 3713 532 3764 10
550 3711 598 3764 hot
615 3712 645 3764 in
663 3729 716 3764 ser
771 3715 801 3765 il
815 3711 943 3779 preeunti
962 3711 983 3763 V
1015 3716 1166 3779 praeeunte
1181 3712 1208 3762 Ε

94 3780 116 3830 ¹⁶3
139 3791 253 3850 scientiae
285 3799 310 3850 Ιι.
341 3799 356 3848 I.
386 3815 436 3849 om.
458 3798 515 3864 Vre,
543 3800 589 3849 sed
613 3800 649 3867 ef.
683 3817 786 3851 ueroam
818 3809 961 3866 sequentem
1024 3814 1087 3851 cum
1115 3816 1163 3851 om.
1191 3819 1204 3850 r

95 3866 118 3917 ¹3
139 3890 205 3943 (iocre
237 3884 273 3936 b'r
302 3900 372 3952 opus
404 3885 432 3936 E
493 3886 525 3938 15
552 3884 648 3953 quaeri
678 3905 692 3936 r
723 3901 855 3952 quaerere
886 3903 916 3937 ee
943 3901 1044 3951 quaere
1074 3902 1106 3936 m.
1136 3884 1155 3934 2
1184 3885 1208 3937 V

94 3968 193 4020 'tmere
215 3971 241 4022 E
300 3974 333 4025 16
360 3971 455 4038 generi
483 3990 513 4023 er
539 3988 641 4040 genere
669 3990 703 4025 ar.
729 3975 749 4023 2
774 3972 796 4023 V
846 3971 972 4040 profetae
1007 3972 1029 4022 V
1087 3974 1119 4025 18
1146 3970 1205 4024 sine

93 4043 209 4109 rubiono
242 4058 266 4109 Γ
316 4057 455 4111 habentur
482 4060 496 4110 b
551 4062 583 4112 19
610 4058 717 4126 primus
748 4063 776 4110 et
806 4060 941 4112 secundus
968 4058 1003 4110 Vr
1029 4057 1135 4125 primus
1161 4057 1205 4109 uel

94 4139 198 4194 ’annom
215 4145 241 4196 E
292 4146 327 4197 20
344 4149 374 4198 et
391 4144 566 4198 doetrinaer
619 4147 653 4200 23
671 4144 741 4198 eliac
761 4164 790 4197 er
808 4144 862 4198 alie
880 4164 912 4197 m.
933 4145 989 4198 JV
1041 4147 1076 4198 24
1094 4143 1164 4196 eliut
1188 4144 1208 4195 1‘

93 4214 121 4266 25
134 4229 247 4294 conplexa
272 4232 307 4283 Vr
360 4236 425 4284 sunt
442 4249 491 4285 om.
512 4232 546 4284 i'r
599 4231 844 4300 interpraetatione
865 4232 894 4285 V.

136 4337 190 4386 ¹¹11.
202 4349 270 4392 ullu.
284 4352 344 4393 Piet.
359 4362 417 4400 μη.
433 4351 454 4392 1.
1033 4301 1050 4352 2
