2790 4844
148 216 188 280 32
488 215 605 269 sancti
629 215 766 269 Hilarii
790 215 953 283 episcopi

147 406 292 486 baptismi
316 426 377 471 una
400 415 455 484 est,
488 407 623 489 undique
647 406 685 470 ad
709 425 742 470 se
765 406 958 470 uenientibus
982 403 1157 485 apostolieae
1181 405 1293 486 pradi-

148 510 276 575 cationis
300 511 415 576 fructus
439 511 687 588 subministrans,
728 511 798 575 ideo
822 531 859 575 ex
881 517 1011 592 utraque
1041 515 1127 590 parto
1157 508 1294 573 fluminis

148 634 209 677 una
231 615 301 679 uita
325 615 415 679 arbor
446 616 576 679 adsistit.
622 634 700 679 unus
725 616 808 679 enim
838 634 938 698 agnus
968 619 1015 678 est
1048 615 1078 677 in
1109 613 1160 677 dei
1183 612 1294 677 throno

149 719 243 794 uisus,
267 726 297 785 et
319 739 411 783 unum
436 720 559 793 flumen,
583 727 613 784 et
636 720 706 783 uitae
729 719 821 783 arbor
853 739 929 783 una:
965 738 1033 801 quae
1067 716 1172 781 omnia
1205 717 1238 781 in
1260 738 1295 783 se

108 847 121 886 a
149 822 379 903 conplectuntur
402 823 551 907 mysteria
574 823 802 903 corporationis
837 822 992 903 baptismi,
1022 821 1185 901 passionis,
1208 821 1295 887 cuius

149 926 229 1004 folia,
252 928 284 991 id
307 938 355 992 est
377 928 604 1010 praedicationis
628 928 731 1006 uerba,
754 926 886 992 salutem
898 927 1042 1011 gentibus
1054 946 1110 1006 per
1121 926 1295 991 doctrinam

149 1030 260 1115 eloquii
284 1050 344 1094 non
369 1032 539 1097 decidentis
562 1032 741 1112 inpertiunt.

194 1133 242 1199 18.
267 1134 314 1200 Et
337 1137 476 1212 omnia,
500 1136 607 1219 inquit,
632 1155 890 1220 quaecumque
914 1134 1049 1215 faciet,
1084 1153 1296 1215 prospera-

150 1238 305 1304 buntur.
350 1241 412 1304 iam
449 1262 520 1320 non,
554 1241 633 1305 sieut
665 1242 696 1304 in
722 1241 834 1317 Adam,
870 1242 986 1304 donum
1020 1239 1084 1304 eius
1117 1245 1147 1303 et
1181 1244 1296 1302 statuta

98 1369 122 1403 10
149 1344 409 1423 perturbabuntur
422 1382 463 1391 -
476 1346 547 1428 quia
562 1344 612 1409 ille
625 1345 797 1409 constitut-m
813 1343 1044 1408 inmortalitatis
1068 1342 1293 1406 beatitudinem

149 1455 273 1527 peceato
297 1455 498 1531 transgressas
511 1450 589 1531 legis
602 1449 706 1513 amisit
718 1485 769 1525 —,
793 1450 848 1513 sed
872 1469 927 1528 per
950 1448 1193 1528 redemptionem
1218 1445 1294 1528 ligni

149 1552 230 1629 uita,
254 1552 357 1617 idest
388 1553 543 1617 dominica
573 1556 723 1634 passione,
758 1572 827 1618 cum
863 1553 922 1634 ipsi
957 1552 1042 1636 ligno
1075 1552 1146 1615 uit‘n
1177 1549 1295 1614 similes

151 1656 274 1733 erimus,
308 1656 377 1732 iarn,
412 1657 562 1740 quidquid
597 1660 628 1721 in
652 1657 741 1720 nobis
775 1657 837 1733 fiet,
871 1664 1020 1720 aeternum
1056 1664 1110 1731 est,
1144 1662 1297 1718 aeternum

151 1765 251 1822 autem
280 1779 348 1824 cum
379 1761 577 1825 beatitudinis
608 1781 709 1826 sensu.
762 1762 1023 1842 prosperabuntur
1064 1760 1146 1822 enim
1192 1759 1298 1822 omnia

100 1887 124 1925 15
152 1861 211 1936 iila,
238 1884 305 1947 quae
328 1863 417 1929 fient:
443 1885 504 1930 non
528 1867 735 1930 demutatione
759 1867 882 1940 incerta,
908 1885 966 1928 non
990 1865 1143 1927 innatura
1165 1861 1298 1936 infirma,

152 1986 218 2029 curn
262 1968 448 2048 incorruptio
490 1970 715 2050 corruptionem
756 1978 787 2033 et
823 1970 979 2032 aeternitas
1020 1966 1230 2031 infirmitatem
1266 1972 1297 2029 et

151 2070 251 2135 forma
285 2071 333 2135 dei
368 2073 499 2137 formam
540 2080 670 2137 terrenae
705 2073 805 2137 carnis
840 2072 1041 2137 absorbuerit.
1097 2070 1168 2135 huic
1203 2070 1299 2154 igitur

153 2175 290 2253 plantato
312 2175 406 2259 ligno,
438 2177 467 2240 in
493 2183 628 2257 tempore
652 2197 706 2241 suo
730 2176 786 2240 hos
809 2177 924 2240 fructus
958 2196 1029 2240 suos
1064 2176 1157 2250 danti,
1188 2175 1298 2239 beatus

152 2279 203 2345 ille
225 2281 273 2345 uir
296 2280 355 2344 erit
378 2280 497 2355 similis,
521 2282 587 2361 ipse
611 2301 731 2364 queque
755 2281 785 2344 in
810 2281 953 2361 paradiso
976 2280 1138 2361 plantatus.
1161 2283 1196 2342 ut
1210 2277 1300 2359 pian-

100 2407 125 2442 10
153 2386 225 2448 tatio
249 2385 297 2450 dei
320 2406 380 2448 non
406 2386 592 2450 eradicanda
615 2391 811 2465 permaneat;
836 2386 865 2448 in
891 2404 950 2467 quo
973 2384 1076 2447 omnin
1102 2383 1193 2446 aden
1216 2381 1299 2447 facta

152 2509 301 2570 prospere
324 2490 503 2572 dirigentur,
527 2489 610 2554 nulla
634 2490 779 2570 deinceps
802 2489 1011 2554 demutatione
1034 2487 1082 2551 uei
1106 2486 1298 2550 infirmitatis

153 2601 265 2658 nostras
288 2594 476 2657 eradicanda
498 2594 546 2658 uei
571 2594 727 2674 temporis.

198 2697 247 2761 19.
274 2697 492 2763 Demonstrata
521 2704 623 2762 autern
646 2700 786 2778 perfecta
809 2697 899 2761 huius
922 2697 980 2759 uiri
1012 2694 1203 2760 beatitudine
1226 2713 1296 2759 con-

153 2821 287 2884 sequens
320 2811 392 2877 erat,
428 2822 495 2885 quae
518 2802 630 2883 impios
653 2822 746 2883 prena
770 2807 918 2874 maneret,
942 2801 1113 2864 ostendere.
1160 2797 1297 2882 sequitur

102 2926 126 2962 2⁵
153 2925 301 2989 namque:
335 2926 409 2969 non
434 2908 493 2971 sio
518 2907 641 2987 impii,
667 2927 740 2970 non
761 2907 827 2982 sic,
847 2907 1132 2987 sedtamquam
1152 2901 1297 2983 puluis,

155 3029 269 3092 quem
302 3011 455 3090 proicit
487 3019 631 3075 uentus
664 3032 682 3074 a
717 3011 824 3074 faeie
859 3017 984 3073 terrra.
1031 3013 1161 3071 nonest
1195 3005 1297 3087 impiis

154 3113 360 3192 conparatiuae
395 3113 484 3178 huius
519 3115 717 3178 beatitudinis
752 3133 823 3194 spes
857 3112 973 3187 relicta,
1009 3113 1063 3176 sed
1096 3129 1213 3194 uagum
1238 3129 1296 3175 eos.

200 3358 212 3407 1
241 3356 363 3423 undique
386 3373 420 3408 ex
445 3356 630 3409 saeuientibus
666 3357 687 3408 t'
719 3338 724 3344 ⁵
755 3359 772 3407 2
799 3357 996 3462 slpbministros
1031 3356 1053 3407 V
1120 3357 1137 3408 3
1164 3355 1246 3408 arbos
1281 3355 1301 3407 Γ

155 3495 242 3544 agnus
269 3497 299 3529 er
326 3494 443 3545 magnus
476 3496 508 3529 m.
543 3479 562 3528 ἑ)
597 3479 618 3529 tf
680 3478 708 3530 in
738 3478 767 3530 di
793 3483 886 3531 trono
919 3479 943 3531 V
974 3477 1003 3529 in
1032 3477 1060 3529 di
1090 3476 1191 3529 trhono
1220 3477 1245 3528 R
1271 3475 1299 3527 in

155 3564 255 3616 throno
283 3564 328 3616 dei
356 3565 383 3614 E
456 3566 473 3616 8
500 3564 590 3631 inquit
618 3582 648 3617 er
674 3565 771 3632 inquid
801 3567 824 3617 11
885 3565 1122 3634 prosperabuntur
1157 3564 1203 3615 VR
1231 3563 1300 3616 bene

155 3650 311 3717 dirigentur
339 3651 367 3702 E
428 3653 459 3702 10
486 3652 684 3718 perturbantur
713 3654 755 3703 lta
825 3653 891 3705 illae
919 3654 943 3704 R
1015 3653 1045 3703 ll
1074 3655 1250 3718 trangressus
1277 3649 1301 3701 R

157 3740 189 3791 13
208 3737 339 3804 quicquid
358 3739 383 3790 R
436 3736 594 3791 aeterndest
613 3741 638 3791 a
692 3741 725 3792 14
753 3740 991 3808 prosperabuntur
1018 3738 1092 3789 enim
1119 3737 1184 3789 Vtra
1237 3753 1301 3804 pro·

156 3840 236 3892 spere
263 3822 419 3892 dirigentur
445 3829 568 3877 autema
642 3829 672 3878 15
698 3843 754 3878 non
781 3826 810 3878 in
838 3833 937 3878 natura
965 3824 1003 3889 [in
1031 3843 1087 3892 ευρ.
1113 3821 1169 3887 tiu.)
1204 3824 1226 3874 V
1247 3839 1302 3874 non

157 3916 255 3963 natura
274 3912 312 3962 ne
364 3909 474 3964 infirma
493 3931 522 3964 er
541 3911 642 3964 infirmi
663 3914 687 3964 R
759 3915 790 3965 16
815 3912 986 3979 incorruptio
1011 3931 1041 3964 ea·
1064 3910 1258 3977 incorruption
1282 3908 1304 3962 V

159 4034 190 4084 17
203 3992 615 4100 absorh⁸erit1rabsorpsertta
669 4036 700 4087 18
713 4034 796 4088 dante
814 4035 859 4087 t'n
913 4034 999 4086 l9uir
1011 4051 1059 4085 cnr.
1072 4034 1095 4084 11
1139 4031 1304 4085 2111111111

158 4118 369 4172 1111111121Γ
423 4123 458 4173 22
473 4131 531 4189 post
550 4120 682 4188 temporis
708 4121 806 4173 Vorld.
826 4121 1033 4173 demonstratur
1103 4121 1138 4171 24
1156 4135 1229 4186 quae
1247 4139 1304 4190 sup.

158 4208 307 4259 baara?
324 4207 347 4258 V
389 4206 547 4260 ostenderet
566 4207 587 4257 1'
636 4209 670 4261 25
683 4206 752 4276 inpii
778 4208 800 4260 V
850 4210 884 4260 27
898 4225 999 4275 uagum
1012 4223 1042 4259 os
1056 4207 1107 4259 Ed.
1119 4206 1184 4259 Par.
1202 4206 1304 4259 tarro.
