2790 4844
430 283 611 332 tractatus
630 278 663 330 in
681 279 854 346 psalmum
873 278 969 331 cxxi.
1209 275 1271 341 579

122 466 325 550 diligentibus
349 458 564 546 spoponderat,
593 468 747 547 propriam
773 486 841 531 osse
865 468 1006 549 grauium
1031 468 1159 531 lurrium
1184 488 1267 532 oom-

121 581 292 648 memorat;
324 591 376 635 eos
399 590 512 654 graues
537 578 635 635 l-urres
659 571 840 654 significans
872 591 949 646 esse,
980 571 1169 654 quicumque
1200 571 1268 635 dili-

120 682 241 758 gerent.
287 696 343 755 per
372 677 454 758 quod
485 673 729 758 intellegendum
760 683 809 739 est
837 674 1057 739 abundantiam
1089 673 1171 740 hano
1205 695 1267 740 non

120 780 331 859 promiscuam
362 799 431 844 esse
462 799 520 844 neo
550 780 643 843 totius
676 779 845 843 admodum
883 779 1024 857 ciuitatis
1069 781 1126 844 sed
1160 799 1265 866 eorum

120 889 241 947 tantum
264 882 404 948 fidelium
420 890 450 947 et
465 889 640 948 sanatorum
665 883 810 959 uirorum,
834 882 884 965 qni
901 891 1012 947 aeterra
1028 883 1159 947 ciuitatis
1177 882 1266 948 huius
1308 909 1321 945 a

119 986 316 1051 aedilieationi
340 992 500 1071 tamquam
521 986 652 1051 turrium
675 986 822 1050 firmitate
846 987 1055 1069 prestiterim.

167 1143 215 1207 15.
240 1144 385 1227 Sequitur
408 1143 520 1208 deinde
544 1142 703 1224 propheta
728 1163 859 1228 maguus
880 1141 1007 1208 affectus
1031 1151 1062 1208 et
1084 1145 1116 1207 in
1139 1163 1265 1209 omnem

117 1247 279 1314 hominem
311 1250 491 1314 credentem
523 1247 694 1314 sollicitudo
725 1249 783 1329 piae
815 1248 1044 1313 admonitionis.
1090 1247 1133 1312 ait
1166 1248 1265 1312 euim:

118 1360 289 1433 proptor
312 1353 465 1417 iratres
499 1373 606 1418 meos
631 1360 667 1417 el
691 1353 894 1433 proximos
926 1371 1035 1416 meos
1066 1351 1265 1434 loquebar

118 1477 259 1536 paoem
282 1458 329 1523 de
352 1467 405 1522 te:
429 1471 601 1538 propter
625 1458 779 1522 domum
805 1457 956 1521 domiui
981 1441 1044 1521 dei
1068 1456 1143 1520 mei
1168 1476 1264 1539 quae-
1293 1480 1317 1516 10

117 1561 198 1624 sini
223 1563 324 1626 bona
347 1562 432 1627 libi.
478 1560 703 1625 multitudinem
729 1561 759 1624 in
784 1559 929 1624 fratribus
959 1561 1022 1625 suis
1052 1560 1263 1643 proximisque

116 1664 209 1729 huius
233 1666 365 1731 ciuitatis
388 1665 558 1750 signifioot;
582 1673 708 1746 propter
730 1684 807 1748 quos
827 1685 937 1745 paoem
960 1666 998 1729 de
1022 1685 1060 1730 ea
1074 1663 1192 1729 loeutus
1208 1670 1263 1741 est,

116 1775 149 1833 ut
173 1770 335 1835 audientes
366 1790 400 1835 se
430 1771 513 1849 ipsos
545 1771 576 1833 iu
610 1768 776 1834 aedificium
800 1772 1052 1835 consummanda
1076 1768 1165 1833 huius
1189 1769 1262 1833 oini-

115 1874 187 1938 tatis
219 1880 367 1954 aptarent.
412 1875 468 1939 sed
503 1874 553 1956 qui
588 1894 697 1955 paoem
729 1880 856 1954 propter
886 1873 997 1938 fratros
1021 1878 1052 1937 et
1074 1874 1262 1957 propinquos

114 1998 187 2042 suos
212 1978 251 2042 de
275 1998 311 2043 ea
334 1977 476 2061 loquitur,
511 1978 625 2042 ciuitati
661 1979 764 2043 eidem
798 1983 924 2059 propter
957 1980 1084 2042 domum
1108 1978 1157 2041 dei
1180 1977 1261 2042 bona
1289 1999 1313 2036 a

115 2082 227 2165 quaerit
251 2083 371 2147 dicens:
403 2087 572 2162 proptor
604 2083 759 2146 domum
795 2081 946 2146 domini
974 2081 1038 2146 dei
1063 2082 1138 2146 mei
1164 2102 1261 2165 quao-

113 2186 193 2250 siui
219 2184 321 2249 bona
354 2185 440 2250 tibi.
487 2186 602 2250 cinit-ati
628 2205 703 2270 ergo
728 2187 807 2250 bona
830 2192 955 2267 propter
986 2186 1114 2251 domum
1144 2175 1261 2250 domini

113 2289 245 2372 quaesita
268 2296 347 2354 sunt.
393 2290 572 2355 discernens
596 2291 679 2355 enim
708 2289 840 2374 gloriam
873 2290 982 2354 domus
1013 2290 1062 2355 dai
1086 2310 1103 2353 a
1127 2289 1260 2355 ciuitatis

112 2393 324 2471 uniuersitate,
349 2394 420 2476 quia
443 2413 571 2459 necesso
595 2400 806 2459 astumatum
829 2394 938 2458 domus
954 2394 1049 2478 regim
1065 2393 1259 2458 aedifirationi

111 2498 247 2562 ciuitatis
271 2497 362 2562 totius
385 2498 540 2573 anteferri,
565 2498 706 2580 quaesiuit
731 2498 812 2562 bona
835 2497 937 2562 eidem
954 2497 1078 2562 ciuitati.
1123 2498 1257 2578 primum
1286 2514 1312 2553 ²⁰

111 2601 198 2665 enim
221 2600 334 2665 iratres
358 2607 390 2665 et
412 2600 575 2684 propinqui
608 2602 672 2666 eius
704 2622 759 2682 por
789 2602 1040 2682 pradicationem
1075 2603 1159 2682 pacis
1182 2601 1256 2666 faeti

109 2713 184 2769 sunt
208 2704 324 2769 domiui
348 2704 464 2770 ciuitas.
512 2706 682 2770 seeundum
706 2725 778 2770 uero
801 2706 909 2770 ciuitas
940 2706 1007 2787 ipsa
1038 2706 1099 2769 iam
1129 2727 1165 2770 nn
1188 2726 1256 2786 pro·

109 2808 235 2892 pinquis
260 2810 324 2874 eius
348 2815 379 2873 et
400 2809 548 2874 iratribus
571 2810 744 2886 constituta,
767 2810 895 2874 audiens
927 2810 1110 2894 dignitatem
1143 2811 1254 2875 domus

109 2912 169 2988 dei,
194 2915 303 2977 domus
326 2913 425 2978 onmis
449 2915 498 2979 dei
522 2915 588 2994 ipsa
612 2935 680 2978 esse
696 2915 879 2994 properauit.
924 2934 960 2978 ao
984 2914 1028 2978 sio
1043 2915 1159 2980 eiuiloti
1183 2913 1254 2978 huie

153 3104 357 3171 2quieumque
377 3105 426 3156 ΡΤ
444 3110 587 3172 quoadque
608 3108 633 3157 (ι’
651 3106 698 3172 qui
726 3123 788 3159 eum
816 3125 846 3158 ex
870 3107 1003 3174 quioumq
1023 3124 1053 3157 m.
1073 3106 1092 3155 3
1110 3105 1137 3159 R
1190 3104 1255 3158 dili·

106 3190 203 3259 gerint
228 3192 254 3243 R
306 3191 555 3260 Mul-elligendum
583 3198 625 3246 est
652 3193 729 3245 RPT
755 3193 928 3262 intellegitur
959 3193 983 3245 V
1032 3192 1254 3260 4promisouam

107 3278 187 3331 RPT
204 3278 389 3346 promiscuam
407 3279 509 3332 omnib.
528 3279 550 3330 V
599 3296 650 3332 nee
669 3280 932 3334 totius—ciuitatis
951 3297 1000 3333 om.
1017 3280 1041 3333 l'
1091 3280 1140 3333 sed
1159 3296 1254 3341 eorum

106 3372 219 3418 tantum
237 3364 361 3419 fidelium
381 3365 404 3419 b
422 3364 502 3419 suoru
521 3367 547 3418 R
565 3366 613 3420 sed
640 3365 764 3420 fidelium
792 3373 900 3420 tantum
928 3372 955 3420 et
984 3371 1142 3420 sanctorum
1166 3365 1254 3419 Veed

105 3469 205 3506 eorum
233 3456 342 3505 tanturn
369 3457 528 3506 sanctorum
556 3458 584 3505 et
608 3452 732 3506 fidelium
752 3454 801 3506 PT
852 3456 994 3508 beeterae
1015 3454 1092 3505 PTE
1108 3452 1208 3506 ceteris
1228 3452 1254 3505 a

104 3538 301 3625 fiprgstitorit
319 3539 346 3591 P
395 3541 411 3590 7
438 3540 564 3608 seqnitur
589 3541 641 3592 ΒΤ
666 3545 798 3608 sequatur
816 3541 842 3592 P
892 3540 1043 3608 prophelae
1062 3540 1114 3593 ΒΤ
1135 3539 1254 3608 prophe·

103 3644 165 3697 liae
192 3643 219 3695 P
276 3645 310 3697 10
328 3642 432 3697 domiui
459 3661 507 3698 om.
532 3644 583 3696 PT
637 3647 667 3698 ll
687 3644 738 3698 tibi
765 3645 837 3698 bona
865 3645 916 3697 PT
970 3647 1002 3698 la
1019 3644 1100 3697 huius
1129 3643 1251 3697 ciuitatis

102 3728 247 3798 siguificat
266 3730 292 3783 a
308 3729 390 3783 huius
416 3729 555 3800 signifieat
582 3732 704 3785 eiuitatis
733 3732 811 3783 Pl'E
862 3732 975 3797 loqutus
1002 3748 1061 3784 eum
1091 3730 1117 3783 R
1173 3733 1204 3784 13
1222 3736 1253 3784 ut

100 3836 157 3872 om.
177 3817 227 3869 ΡΤ
279 3817 421 3870 audientes
440 3818 493 3871 ΗΡ
508 3819 640 3872 audentes
660 3819 685 3869 T
738 3821 770 3872 ll
788 3823 883 3886 aptare
903 3818 952 3870 Vr
1004 3817 1104 3871 fratres
1132 3823 1160 3870 et
1187 3834 1250 3886 pro·

100 3905 225 3975 pinquos
252 3919 316 3957 nuos
335 3904 361 3957 a
378 3904 478 3958 fratres
503 3910 531 3958 et
555 3905 802 3973 propinquowG
821 3905 922 3958 fratres
950 3921 1014 3958 suos
1033 3911 1061 3958 et
1080 3904 1251 3973 propinquos

100 3991 158 4046 W
211 3992 244 4044 15
263 3990 372 4044 ciuitati
398 3990 443 4044 ide
462 3991 488 4042 P
541 3994 573 4044 16
590 3991 695 4044 domini
724 4010 771 4045 oui.
800 3992 851 4045 ΡΤ
902 3992 1027 4061 quaesiui
1054 3992 1126 4046 bona
1155 3992 1208 4045 tibi
1226 3992 1252 4044 R

98 4077 233 4147 quaesiui
256 4076 393 4130 boum}
411 4078 534 4145 quaesiui
562 4077 612 4131 tibi
639 4080 710 4132 bona
730 4079 779 4131 PT
832 4080 865 4133 18
883 4096 898 4132 a
918 4079 1039 4132 ciuitatis
1067 4079 1249 4132 uniuersitate

99 4165 159 4220 ΒΤ
180 4163 305 4217 ciuitatis
331 4162 512 4217 uniuersique
532 4165 558 4216 P
610 4168 641 4219 19
670 4165 767 4219 domus
786 4165 815 4218 di
842 4166 934 4234 regiae
954 4167 979 4219 R
1032 4169 1066 4219 22
1084 4165 1207 4219 secunda
1225 4167 1252 4219 P

96 4250 275 4306 saecundum
294 4250 456 4304 Resonndo
476 4251 529 4303 TE
579 4252 614 4304 24
632 4253 792 4320 properauit
812 4253 837 4304 P
852 4252 1013 4321 properabit
1032 4253 1091 4306 ΚΤ.

1044 4359 1094 4411 37*
