2790 4844
152 221 215 287 258
494 225 610 277 saneti
634 224 769 277 Hilarii
794 225 957 294 episcopi

152 413 318 478 inimiea
355 414 598 480 deuineetur
635 435 756 493 mors:
795 422 866 480 tuno
900 414 981 480 solus
1016 416 1047 479 in
1084 417 1199 481 uirtute
1238 435 1285 481 sut

152 517 254 582 saeeuli
279 517 494 584 dominabitur.
541 538 622 583 nuno
652 519 734 584 enirn
761 521 907 603 'quamuis
937 528 1054 604 regnet,
1077 528 1185 585 umen
1208 521 1285 604 prin«

151 641 225 702 ceps
248 621 339 687 huius
362 622 464 688 saeeuli
488 623 584 703 petiit,
620 630 652 687 ut
675 625 766 688 modo
790 624 880 689 tritiei
905 623 1058 705 apostolos
1081 631 1239 689 cerneret:
1263 640 1285 688 et

151 731 222 790 sunt
244 726 397 807 spiritales
413 727 559 810 nequitiae
576 727 607 790 in
624 726 804 806 caelestibus,
828 729 992 792 aduersum
1010 748 1088 811 quas
1103 727 1285 808 spiritalibus

110 861 124 895 s
153 850 207 894 nos
230 830 326 893 armis
356 831 463 895 beatus
494 831 606 895 Paulus
636 832 788 907 instruxit,
818 834 984 897 aduersum
1015 851 1091 915 quas
1123 830 1285 896 militantes

151 953 208 998 nos
241 933 314 998 fidei
349 943 460 999 nostrae
490 933 602 1018 angeli,
637 936 689 1017 qui
723 938 895 1000 seeundum
929 935 1090 1018 euangelia
1125 935 1238 1000 cotidie
1261 936 1285 999 ir

152 1036 233 1102 aaelis
264 1039 357 1102 deum
388 1043 509 1119 patrem
544 1038 657 1117 uident,
699 1045 899 1119 prosecuntur
932 1046 963 1104 et
995 1039 1210 1104 miserieordia
1244 1040 1285 1103 dei

151 1141 292 1225 protegit.

196 1245 245 1310 14.
270 1248 375 1329 Atque
398 1246 436 1310 olo
460 1246 492 1311 id
515 1248 727 1330 consequitur:
763 1246 869 1312 oeuli
893 1248 979 1312 eius
1002 1267 1121 1328 super
1144 1254 1285 1330 gentes

99 1379 124 1415 ro
150 1349 392 1430 respiciunt.
437 1351 475 1415 ab
491 1351 573 1414 omni
590 1352 672 1415 enim
688 1351 720 1415 in
736 1352 872 1433 peccatis
895 1357 1034 1415 morante
1057 1349 1157 1416 uultus
1174 1351 1285 1416 domini

150 1472 275 1518 auersus
306 1459 361 1518 est.
407 1452 474 1519 heeo
505 1474 640 1537 namque
670 1455 901 1520 indemutabilis
932 1456 982 1520 dei
1012 1454 1190 1539 significata
1220 1475 1285 1520 eon·

151 1557 251 1621 nereio
280 1565 341 1622 est:
377 1578 438 1623 uon
473 1560 554 1642 quod
588 1563 747 1641 tamquam
779 1580 835 1640 per
864 1566 1005 1623 naturam
1036 1559 1228 1641 corporalem
1259 1579 1285 1623 st

150 1680 305 1744 quoquam
328 1668 381 1726 aut
403 1668 522 1727 auertat
545 1668 597 1727 aut
630 1662 752 1739 referat,
787 1665 843 1727 sed
876 1665 956 1747 quod
991 1683 1048 1744 par
1081 1670 1174 1746 atque
1208 1663 1285 1728 iden

150 1765 311 1849 equaliter
332 1786 457 1847 semper
479 1786 608 1832 manens
630 1767 869 1850 uniuscuiusque
891 1766 1002 1832 auxilio
1024 1788 1078 1848 pro
1112 1768 1285 1833 meritorun·

100 1897 124 1932 is
151 1869 328 1937 diuersitate
358 1876 411 1934 aut
440 1871 520 1936 desit
549 1881 601 1936 aut
631 1872 721 1936 adsit.
768 1893 804 1936 ex
828 1892 960 1951 persona
983 1871 1063 1936 euim
1094 1877 1285 1952 peooatorun

150 1960 429 2054 itaseriptumest:
453 1982 591 2040 auerte
614 1975 762 2041 faeiem
786 1983 892 2040 tuam
916 1995 934 2039 a
956 1975 1140 2059 peeeatis
1157 1996 1285 2040 eorun'

151 2078 330 2143 etiterum:
361 2098 485 2162 quare
516 2081 674 2144 auertis
704 2080 850 2145 faeiem
882 2087 988 2144 tuam
1019 2085 1057 2144 et
1079 2078 1285 2144 dextera-n

151 2181 281 2246 tuam?
305 2188 336 2247 et
359 2202 498 2247 rursum:
533 2185 729 2249 auertisti
759 2183 906 2249 faeiem
937 2166 1052 2261 tuam,
1087 2189 1126 2247 et
1155 2183 1285 2248 laetus

150 2306 233 2370 sum
262 2287 539 2352 conturbatus.
583 2288 635 2353 ubi
665 2294 766 2353 autem
797 2289 947 2353 iustorum
970 2306 1101 2368 persona
1135 2293 1285 2351 tractatur

98 2414 123 2453 so
151 2390 219 2456 hae
242 2391 432 2457 dictasunt:
468 2393 575 2457 oeuli
610 2394 759 2458 domini
793 2393 1067 2474 superiustos
1102 2399 1140 2457 et
1174 2411 1285 2457 aures

150 2495 236 2560 eius
269 2495 308 2560 in
342 2515 487 2576 preoes
518 2517 652 2561 eorum
687 2503 718 2562 et
750 2499 878 2562 iterum:
910 2496 1017 2562 oculi
1041 2496 1097 2560 tui
1120 2495 1285 2561 uideant

149 2600 364 2682 aequitates
399 2605 429 2665 et
466 2600 629 2680 deinceps:
664 2603 923 2686 designatum
967 2607 1028 2666 est
1061 2619 1185 2679 super
1223 2619 1285 2663 nol

150 2703 282 2769 lumen
304 2703 442 2769 uultus
473 2705 537 2782 tui,
569 2705 743 2783 domine:
767 2725 842 2790 ergo
865 2703 1066 2785 iueorporalis
1097 2704 1176 2768 deus
1200 2705 1285 2768 mise-

149 2808 288 2873 ricordiae
329 2829 392 2873 suae
437 2808 533 2874 oeulis
578 2815 609 2875 et
653 2816 813 2892 tamquam
859 2810 1030 2875 ministerio
1073 2807 1285 2873 famulantiun

97 2933 122 2972 ss
150 2910 332 2995 angelorum
366 2913 500 2996 protegit
534 2920 652 2997 gentes
687 2927 717 2977 et
746 2915 778 2978 in
808 2933 917 2979 omues
934 2913 1094 2978 eredentes
1118 2912 1237 2976 donum
1260 2931 1285 2977 st

150 3015 261 3081 diuinae
284 3017 489 3082 miserationis
513 3015 649 3082 effundit.

195 3213 226 3266 rs
244 3214 330 3281 nen,
342 3218 383 3267 ιι.
420 3217 453 3267 17
471 3214 512 3267 us.
524 3214 647 3280 nxxnn
659 3217 699 3267 ιι.
737 3215 769 3267 re
787 3215 973 3280 nexuras.
1010 3215 1044 3268 no
1056 3213 1099 3266 ns.
1109 3213 1238 3280 xxxin,
1253 3215 1284 3266 re

147 3301 181 3352 21
201 3300 245 3354 rs.
264 3300 336 3367 xn,
354 3303 379 3353 a.
415 3302 450 3354 aa
467 3301 509 3354 ss.
529 3300 575 3367 rv,
594 3303 617 3353 τ.

1275 3437 1284 3476 t

185 3490 675 3545 ldenineetnrRl'EdeuinoiturP
726 3490 902 3545 2saeeulili
919 3492 1030 3544 saeculo
1048 3491 1099 3543 PT
1099 3492 1127 3543 E
1179 3492 1285 3560 3peti¹

151 3578 263 3646 Tpetit
282 3578 345 3630 RPe
396 3577 578 3631 oaduersum
589 3578 665 3631 RPT
676 3579 807 3632 aduersus
824 3579 852 3630 E
902 3577 1100 3647 denuaugelia
1114 3577 1140 3627 R
1194 3581 1285 3648 ipro·

150 3670 282 3718 secuntur
308 3664 353 3717 Ro
379 3670 586 3734 prosequuntur
613 3665 675 3716 PT:
727 3669 755 3718 et
782 3683 830 3718 our.
859 3666 884 3718 R
943 3668 975 3718 ll
996 3675 1055 3735 post
1083 3664 1285 3721 indemutabili

150 3769 215 3804 eras.
233 3755 276 3804 est
295 3752 320 3804 R
391 3754 424 3805 13
452 3769 590 3821 quoquam
618 3752 643 3803 R
670 3748 743 3819 quoii
770 3772 789 3802 α
814 3770 900 3820 quoq:
930 3752 980 3804 PT
1041 3756 1102 3820 atq;
1131 3755 1158 3805 ia
1187 3772 1242 3807 rus.
1266 3753 1285 3806 i

152 3891 184 3943 14
202 3907 309 3958 semper
327 3909 399 3959 supr.
417 3908 465 3943 scr.
486 3892 510 3943 Τ
546 3893 579 3945 15
597 3891 664 3944 assit
683 3891 708 3942 T
733 3837 797 3944 ¹deit
816 3892 841 3944 R
894 3898 922 3944 et
941 3891 1019 3944 exR
1073 3894 1105 3947 19
1125 3909 1285 3961 personae

151 4045 294 4097 personam
307 4030 333 4082 R
385 4034 521 4082 tractatur
540 3975 623 4084 ibliuttere
644 4031 696 4095 (ibi
714 4050 784 4101 stapr.
803 4049 851 4085 ser,
871 4050 904 4084 m.
917 4029 950 4095 2)
971 4032 997 4083 1’
1046 4031 1253 4103 autemsaepe

149 4117 184 4168 ‘36
202 4115 304 4170 donum
322 4134 350 4172 se
369 4117 419 4169 PT
419 4136 438 4166 α
457 4118 528 4170 dona
546 4135 575 4171 se
592 4136 623 4170 sa
640 4116 713 4171 domi
732 4135 760 4171 se
779 4119 805 4171 R
823 4119 926 4172 donum
949 4120 987 4171 ed.
1014 4118 1097 4170 Busil.
1124 4119 1210 4185 1550,
1230 4122 1282 4174 Pa

153 4201 226 4255 1:372
244 4202 292 4266 (on
311 4204 413 4256 donum
432 4204 515 4256 suae?
534 4205 568 4273 cs.
588 4206 660 4258 Stud.
681 4203 752 4258 1889
768 4224 796 4275 p.
814 4203 890 4271 317).
