2790 4844
100 242 164 307 454
446 243 562 297 sancti
586 243 718 296 Hilarii
742 243 900 312 episcopi

101 433 272 498 inimici.
318 453 425 498 uocem
461 433 540 497 hano
574 433 699 516 quidem
734 433 868 496 nondum
900 431 1052 512 propheta
1074 433 1195 497 domini
1215 433 1331 497 ian

103 556 230 617 corpore
253 538 407 601 manentis
441 537 572 614 audiuit;
603 538 658 602 sed
690 537 755 601 dari
787 536 846 601 sibi
877 537 908 602 id
932 536 1093 616 potestatis
1116 543 1234 615 oratu
1279 537 1331 597 ,st

103 640 303 706 constituatur
333 641 392 705 sibi
423 641 453 704 in
488 648 708 723 persequentes
739 660 771 704 se
795 639 855 705 tale
878 639 1034 704 iudicium.
1081 649 1329 721 temptata-:3

103 745 186 809 eninr
219 745 363 827 undique,
400 765 467 809 cum
503 745 530 809 ei
553 765 610 825 per
643 754 783 809 naturam
818 745 955 824 corporis
989 744 1133 808 uitiorum
1171 744 1238 809 ines
1316 749 1327 808 t

63 877 76 913 s
103 857 234 913 connata
268 848 413 913 materies
454 869 584 932 eamque
631 847 769 913 diabolus
804 856 930 912 conatur
963 848 1071 913 ardore
1106 849 1323 933 genuinm

103 953 277 1033 cupiditatis
300 952 479 1030 accendere,
503 973 572 1017 cum
591 953 693 1033 impiis
708 952 955 1037 inreligiosomm
973 952 1100 1017 uocibus
1116 951 1317 1030 laeditur-,

103 1077 174 1121 cum
208 1056 353 1140 prot'anas
387 1057 525 1141 gentium
560 1063 668 1121 contra
698 1059 787 1121 deum
820 1057 1042 1138 disputationes
1073 1062 1105 1121 et
1128 1055 1316 1142 eloquia

102 1181 218 1226 uesaua
240 1161 417 1241 perpetitur.

147 1266 176 1328 6.
200 1265 274 1330 Ideo
297 1265 328 1328 in
352 1265 551 1348 consequenti
586 1265 642 1329 ait:
678 1274 950 1330 narrauerunt
983 1263 1083 1329 mihi
1118 1264 1257 1349 iniqm
1300 1267 1308 1329 i

52 1394 77 1430 ιο
105 1369 439 1446 exercitationes,
478 1370 645 1433 sednon
677 1367 987 1446 itautlextua.
1032 1368 1142 1452 quanti
1167 1369 1303 1434 enim

104 1480 183 1551 sunt,
207 1473 258 1555 qui
283 1474 424 1556 quadam
449 1472 593 1537 humanae
624 1473 695 1538 uitae
729 1474 869 1538 instituta
899 1475 1011 1539 docere
1034 1493 1069 1538 se
1093 1474 1234 1557 adseren
1255 1481 1300 1549 t,

104 1596 173 1642 oum
198 1577 237 1641 ad
261 1576 385 1642 uirtutes
416 1576 520 1641 saeculi
550 1578 651 1641 studia
670 1577 792 1642 animae
816 1587 928 1642 nostrae
959 1578 1016 1642 deo
1047 1577 1163 1642 rectius
1186 1597 1298 1643 ser·

104 1680 219 1745 uientia
261 1682 449 1745 accendunt!
495 1681 600 1764 quanti
635 1681 728 1745 etiam
762 1687 842 1759 sunt,
881 1681 932 1763 qui
971 1680 1183 1765 cognitionem
1216 1700 1296 1745 se

104 1783 220 1849 habere
244 1784 416 1849 diuinarum
440 1785 658 1865 scripturamm
682 1784 866 1849 mentientes
890 1783 1038 1849 haeretica
1053 1790 1084 1849 et
1103 1803 1294 1865 peruersa

53 1914 78 1951 ιο
106 1890 252 1972 dogmata
277 1890 462 1968 praedicant!
508 1889 564 1953 sed
595 1889 696 1953 sciens
727 1888 877 1969 propheta
907 1889 1074 1971 perfectam
1103 1888 1292 1954 humame

106 1992 252 2057 doctrinae
286 1993 488 2058 emditionem
522 1993 553 2056 in
585 1993 633 2058 dei
669 1991 740 2075 lege
770 2012 848 2070 csse,
884 1993 941 2057 ait:
977 2000 1291 2058 narrauerunt

105 2095 201 2160 mihi
225 2096 360 2179 iniqui
383 2096 720 2171 exercitationes
753 2097 821 2161 sed
845 2116 920 2160 non
944 2096 1065 2171 itaut
1087 2095 1153 2162 lex
1176 2109 1286 2162 tua
1393 2161 1395 2172 ,

105 2199 202 2283 iniqui
225 2199 308 2263 enim
328 2205 400 2264 srmt
416 2198 482 2263 hac
498 2201 713 2280 praedicantes.
759 2206 789 2265 et
804 2201 854 2266 dci
870 2220 929 2265 uox
944 2200 1039 2265 uetuit
1054 2206 1285 2281 peecatorem

106 2303 227 2386 eloquia
258 2309 364 2369 saneta
393 2322 527 2381 narrare,
559 2303 631 2386 quia
662 2303 810 2386 iniquitas
845 2304 992 2369 doctrina
1023 2303 1156 2370 caelestis
1188 2314 1282 2368 110ss

54 2431 79 2469 a
105 2407 217 2488 resipit
237 2406 407 2471 ueritatem.
453 2407 605 2486 peccatori
622 2407 706 2471 enim
723 2407 799 2471 dixit
815 2410 906 2473 deus:
931 2426 1053 2490 quare
1077 2413 1116 2471 tu
1139 2426 1243 2472 eun»
1257 2416 1279 2459 r·

105 2531 170 2577 ras
193 2510 379 2575 iustitias
404 2529 511 2575 meas
535 2518 573 2575 et
595 2512 786 2576 adsumes
809 2517 1101 2577 testamentum
1123 2527 1230 2576 meu
1255 2517 1278 2562 ¹⁰

105 2634 175 2697 per
197 2634 238 2679 os
262 2615 391 2679 tuum?
413 2623 451 2679 tu
468 2615 740 2680 auternodisti
757 2614 1034 2697 disciplinam,
1057 2598 1280 2681 reiecisti

106 2738 315 2785 sermones
346 2737 454 2784 meos
484 2726 602 2783 retro.
647 2726 677 2784 et
708 2719 766 2784 has
798 2719 891 2803 igitur
921 2719 1157 2786 exercitationes
1178 2723 1285 2801 pr0‘

106 2822 201 2905 pheta
222 2843 283 2887 non
307 2823 375 2898 sert,
400 2822 501 2888 sciens
525 2821 602 2886 nihil
625 2823 791 2888 narrationi
814 2822 891 2908 legis
914 2825 1109 2907 aequandum.
1266 2905 1277 2917 ι

53 2950 80 2989 sa
151 2928 179 2990 7.
205 2927 346 3010 Denique
370 2927 495 2992 adiecit:
530 2928 659 2992 omnia
693 2929 850 2993 iudicia
884 2936 949 2993 tua
979 2929 1149 2994 ueritas:
1179 2925 1300 2991 ἰοὶ·

107 3052 180 3117 que
208 3031 417 3112 persecuti
448 3038 628 3109 suntme,
652 3032 799 3097 adiuua
823 3052 887 3097 me.
932 3033 1046 3097 iustum
1071 3032 1124 3117 qui
1148 3029 1304 3114 porfio‘

108 3136 219 3220 quitur,
243 3154 371 3200 necesse
395 3143 442 3199 est
464 3143 497 3200 ut
518 3136 623 3219 inique
647 3148 857 3219 persequatur,
881 3135 954 3220 quia
969 3137 1115 3220 iniquitas
1131 3123 1307 3201 iniusta

150 3316 185 3369 20
202 3313 245 3367 Ps.
264 3312 361 3379 ΧΙιΙΧ,
380 3315 413 3366 16
432 3330 471 3380 sq.

152 3474 282 3524 luocem
301 3487 331 3521 aa
349 3485 399 3523 uos
424 3487 456 3521 m.
482 3469 502 3520 ί)
526 3469 550 3522 V
599 3469 705 3522 nudum
725 3471 748 3522 C
797 3472 952 3524 3testatur
974 3470 1000 3524 V
1050 3472 1185 3525 seems·
1210 3433 1304 3514 3⁶

108 3561 225 3626 cognata
251 3575 263 3606 e
316 3556 442 3624 geminae
470 3555 631 3624 cupiditatis
658 3557 686 3608 E
744 3559 773 3610 ll
795 3556 931 3625 quaedam
957 3575 1006 3610 om.
1035 3557 1059 3610 0
1083 3559 1178 3611 lacuna
1210 3521 1296 3599 ΤΛ

109 3646 142 3698 12
160 3642 259 3697 studiis
277 3641 397 3695 animam
408 3647 532 3695 nostram
545 3643 595 3695 deo
608 3643 711 3696 rectius
724 3644 889 3697 seruientem
896 3641 988 3713 p(A)b
1043 3646 1077 3699 14
1093 3623 1291 3705 diuinorufflss

108 3729 275 3798 scriptorum
297 3729 451 3793 (senators
476 3728 509 3796 r)
537 3730 575 3799 Vp
629 3731 662 3783 rs
680 3729 820 3811 uocemue
846 3748 913 3784 corr.
941 3748 974 3783 m.
996 3730 1013 3782 1
1037 3730 1063 3783 V
1115 3734 1148 3786 re
1165 3730 1193 3785 u
1215 3710 1288 3775 ἅ)

108 3833 206 3924 reeens
233 3833 294 3900 rege
321 3852 387 3887 corr.
415 3831 490 3886 aa
517 3835 540 3885 r
591 3836 624 3886 17
643 3833 683 3886 ia
701 3851 749 3887 om.
770 3836 808 3904 tp
862 3834 895 3887 re
913 3838 943 3887 et
959 3833 1023 3888 ideo
1041 3850 1098 3889 uox
1116 3834 1162 3890 dei
1180 3821 1270 3888 aab

109 3970 164 4008 uox
182 3955 233 4007 BC
248 3959 276 4008 et
294 3955 339 4008 lex
365 3956 387 4007 1⁷
437 3957 470 4009 21
489 3956 605 4009 assumis
633 3955 729 4026 Repe
752 3955 786 4008 cs.
807 3956 925 4008 Sabutier
951 3954 1064 4018 11,101
1117 3958 1154 4011 22
1170 3955 1236 4012 odisti

110 4040 286 4109 disciplinam
296 4060 344 4095 om.
355 4043 435 4113 Rape
479 4044 513 4096 23
523 4059 568 4096 eas
578 4042 667 4111 igitur
672 4061 694 4112 p
746 4041 1008 4114 itnonreieretsp
1061 4044 1239 4101 narrationes

109 4129 144 4184 25
162 4127 255 4180 omnia
284 4128 414 4182 mandata
444 4133 493 4184 tua
519 4149 530 4179 ε
590 4128 649 4198 iniq
676 4129 702 4182 R
754 4130 788 4184 26
805 4127 982 4198 persequitur
1011 4146 1043 4183 et
1071 4138 1243 4199 peneoumm

112 4212 182 4268 m?
208 4214 231 4266 V
280 4217 314 4268 27
333 4217 397 4283 quia
416 4234 445 4268 ea·
464 4233 517 4284 qua
536 4214 608 4269 aa?
632 4217 656 4270 V
705 4215 807 4270 iniuste
830 4214 886 4269 VR.
