2790 4844
148 263 211 327 840
492 261 606 316 saneti
630 261 765 315 Hilarii
784 262 947 330 episcopi

552 449 737 532 l'SlllllllS
765 450 885 532 CXLV.

182 575 368 640 Psalmus
393 574 530 638 Dauid.
574 573 768 639 Alleluia.
814 575 956 660 Aggaei
981 582 1019 639 et
1042 573 1257 638 Zacharia.

193 696 336 774 Lauda,
369 695 500 760 anima
523 716 616 772 mea,
646 696 858 772 dominum,
883 695 1058 760 laudabo
1090 697 1283 761 dominum

149 803 187 866 in
211 802 296 865 uita
318 820 417 865 mea:
442 799 614 880 psallam
638 801 708 864 deo
732 819 825 875 meo,
850 801 1040 884 quamdiu
1065 821 1142 864 ero.

109 931 122 967 a
197 907 224 969 l.
248 903 353 969 Etiam
387 903 458 969 huie
493 901 613 984 psaliuo
647 904 761 969 addere
790 903 905 988 aliquid
936 903 1172 968 translatoribus
1193 905 1283 968 uisum

149 1018 205 1074 θεῖ.
250 1027 323 1073 nam
347 1028 416 1073 cum
439 1007 581 1072 Hebraeis
605 1007 669 1073 sola
699 1007 870 1072 alleluia
900 1009 939 1073 sit
971 1007 1099 1088 praelata
1131 1008 1283 1073 consessio.

149 1112 209 1178 illis
232 1113 347 1197 placuit
368 1110 526 1195 Aggaeum
551 1121 581 1176 et
603 1110 782 1176 Zachariam
807 1112 838 1176 in
862 1112 947 1176 titulo
973 1111 1143 1177 anteferre:
1167 1110 1224 1177 boe
1245 1132 1283 1175 θθ.

150 1225 182 1281 nt
204 1216 358 1297 psalmum
389 1236 457 1280 esse
492 1215 705 1296 propheticum
735 1235 944 1293 nosceremus,
970 1217 1043 1300 quia
1066 1236 1123 1297 per
1146 1215 1203 1280 bos
1225 1236 1283 1296 pro

148 1319 268 1402 phetas,
292 1319 349 1385 sub
372 1320 483 1403 quibus
506 1320 660 1384 edificata
681 1340 805 1385 rursum
835 1319 1031 1386 Hierusalem
1062 1327 1119 1396 est,
1154 1321 1223 1400 ipso·
1240 1318 1284 1383 illo

98 1448 123 1483 ιο
152 1436 215 1489 tum
239 1432 378 1508 tempore
408 1430 531 1488 aeternae
555 1423 749 1488 Hierusalem
780 1423 944 1489 aedifioatio
973 1425 1170 1504 praedicatur,
1198 1424 1284 1487 etiam

151 1527 311 1613 euangelio
335 1535 475 1599 testante,
499 1547 568 1592 cum
592 1523 769 1612 ingressuro
792 1528 941 1609 templum
963 1528 1088 1592 domino
1104 1536 1138 1593 et
1152 1548 1284 1592 nummu·

151 1633 295 1698 lariorum
318 1652 443 1696 mensas
460 1638 489 1696 et
505 1633 673 1696 ementium
688 1653 724 1696 ae
748 1633 947 1696 uendentium
966 1632 1092 1716 negotia
1108 1631 1284 1697 subuersum

149 1738 192 1801 ita
214 1737 363 1817 scriptum
386 1743 448 1801 est:
483 1735 541 1801 boe
575 1742 676 1800 autem
712 1737 827 1800 sactum
858 1746 912 1812 est,
942 1744 975 1800 ut
999 1736 1181 1817 impleretur
1210 1736 1284 1819 qnod

152 1841 266 1905 dietum
291 1847 339 1905 θεῖ
362 1860 417 1920 per
433 1839 611 1904 Zachariam
636 1839 819 1920 prophetam
844 1841 1015 1905 dicentem:
1041 1840 1169 1905 dieite
1191 1840 1285 1904 filia

99 1974 123 2010 ιθ
152 1943 262 2009 Sion:
295 1965 388 2009 ecee
411 1964 478 2009 rer
510 1951 599 2009 tuus
630 1945 743 2009 uenit
765 1945 840 2009 tibi
865 1951 1110 2021 mansuetus,
1147 1945 1285 2009 sedens

152 2069 271 2128 super
294 2050 450 2113 asinam
476 2057 513 2112 et
536 2048 688 2128 pullum
711 2047 917 2112 nouellnm
941 2047 1208 2131 subjugalem.

194 2153 222 2216 2.
247 2152 296 2224 Et,
326 2159 360 2215 ut
393 2152 531 2228 arbitror,
563 2151 652 2216 huius
676 2151 873 2217 Hierusalem
908 2153 1008 2232 potius
1032 2158 1065 2218 et
1088 2151 1162 2216 Sion
1184 2171 1284 2236 regem

150 2258 291 2341 psalmus
315 2257 457 2329 ostendit,
478 2257 529 2338 qui
552 2257 595 2320 ita
618 2257 726 2336 eoepit:
750 2255 876 2332 lauda,
902 2258 1033 2320 anima
1056 2276 1150 2328 mea,
1175 2255 1285 2321 domi·

150 2382 249 2441 num,
284 2360 458 2425 laudabo
482 2361 684 2425 dominum
715 2361 753 2423 in
784 2361 867 2424 uita-
890 2381 990 2425 mea:
1021 2359 1197 2440 psallam
1221 2362 1284 2425 deo

9 2474 15 2530 ’.
98 2488 122 2525 ao
150 2486 242 2543 meo,
289 2465 478 2548 quamdiu
517 2484 590 2528 ero.
647 2464 779 2529 scienter
814 2471 843 2528 et
879 2465 916 2528 de
956 2463 1115 2548 prophetea
1156 2464 1285 2528 doct-rina

152 2569 302 2634 dictorum
326 2570 464 2633 ordinem
488 2569 591 2632 tenuit.
637 2570 769 2649 primum
802 2569 884 2633 enim
912 2569 1052 2661 animam
1085 2568 1224 2632 hortatur
1250 2565 1283 2629 ad

151 2673 283 2749 laudem,
308 2694 376 2757 quse
400 2674 430 2737 in
455 2671 536 2737 hane
559 2681 606 2737 est
628 2674 795 2737 constituta
811 2680 959 2749 naturam,
981 2682 1014 2737 ut
1030 2679 1157 2736 maneat
1169 2680 1280 2736 aterna

150 2786 215 2842 turn
240 2778 360 2853 deinde,
385 2778 457 2861 quia
479 2797 535 2859 per
558 2778 674 2842 donum
697 2777 931 2841 resurrectionis
961 2776 1133 2860 glorificato
1167 2794 1283 2856 corpore

152 2890 251 2948 tntum
275 2903 308 2947 εθ
332 2883 358 2946 ei
377 2881 553 2945 meminerit
568 2887 765 2955 coaeternum,
788 2887 944 2964 tamquam
962 2881 1000 2945 de
1018 2882 1120 2946 futuro
1137 2879 1283 2946 confidens

97 3009 122 3046 aa
151 2987 207 3051 ait:
231 2986 404 3051 laudabo
439 2986 641 3049 dominum
665 2986 702 3049 in
727 2986 812 3049 uita
836 3006 926 3049 mea.
972 3005 1033 3048 non
1058 2985 1141 3049 enim
1165 3005 1202 3049 ea
1221 2983 1282 3047 nita.

151 3112 219 3174 quau
253 3111 334 3155 nune
368 3097 416 3155 est
449 3111 504 3171 per
538 3090 734 3154 infirmitates
768 3090 913 3169 eorporis,
948 3109 1003 3154 sua
1033 3096 1097 3161 est;
1128 3089 1168 3153 ab
1192 3089 1282 3153 Adam

151 3216 286 3278 namque
310 3195 371 3259 ista
404 3195 502 3278 cepit,
536 3214 596 3257 non
631 3213 701 3258 curn
727 3194 828 3258 Adam
852 3193 996 3258 inchoata
1026 3204 1082 3270 est,
1118 3212 1210 3276 quam
1232 3209 1282 3254 non

72 3302 74 3313 ’
150 3301 254 3373 uitam,
289 3301 345 3381 sed
368 3304 499 3363 mortem
523 3317 592 3362 esse
615 3297 769 3378 aposbrlus
799 3299 885 3362 nouit
915 3297 1037 3362 dicens:
1069 3297 1192 3362 miser
1221 3313 1283 3378 ego

152 3404 388 3487 humaunis
419 3423 477 3467 rue
509 3402 708 3467 liberabit
731 3424 749 3465 a
771 3421 941 3482 corpore
973 3401 1121 3466 mortis
1152 3396 1283 3465 huius?

97 3529 122 3565 ao
151 3509 181 3571 in
206 3508 265 3573 bac
300 3528 374 3592 ergo
409 3507 471 3571 uita
504 3527 559 3571 sna
593 3507 694 3584 deum,
729 3506 828 3589 qualis
863 3505 996 3589 primum
1028 3505 1059 3568 in
1091 3505 1217 3569 homine
1245 3509 1285 3567 est-

150 3613 297 3688 institnta‚
321 3611 466 3676 laudabit.
512 3618 577 3675 tum
610 3610 707 3685 tertio.
730 3631 769 3673 ne
793 3611 823 3673 in
848 3609 905 3674 boc
929 3610 1041 3674 eodem
1065 3630 1147 3674 nune
1169 3625 1282 3687 corpore

151 3715 348 3800 inreligiosus
365 3716 599 3791 existimaretur,
616 3715 741 3779 adiecit:
768 3712 940 3793 psallam
965 3714 1037 3778 deo
1060 3733 1155 3787 meo,
1179 3728 1282 3795 quarn

195 3875 227 3926 13
245 3874 342 3927 Matth.
362 3874 434 3939 XXI,
453 3876 477 3925 4.
517 3873 548 3924 14
567 3871 649 3924 Zaeh.
668 3872 713 3936 lx,
734 3873 756 3923 9.
793 3871 827 3923 28
846 3869 924 3923 Rom.
944 3868 1004 3935 vll,
1024 3872 1065 3921 24.

149 4054 151 4063 ¹
193 4063 363 4131 saliquitlt
416 4063 613 4130 'lAggeumIl
669 4065 701 4115 10
718 4015 802 4114 aelrae
822 4041 850 4124 (ἶ
865 4078 937 4126 aripr.
951 4077 1000 4112 scr.
1014 4078 1048 4111 m.
1060 4060 1089 4120 1)
1104 4061 1129 4112 lt
1183 4061 1212 4111 18
1228 4070 1331 4107 eae-

150 4151 192 4217 pit
207 4150 231 4202 ll
284 4153 314 4204 21
336 4151 455 4203 animam
474 4149 647 4203 caniBened.
667 4166 726 4201 eam
742 4148 797 4200 RE
813 4140 943 4217 rfiprnegtl
996 4146 1030 4199 29
1048 4163 1065 4199 a
1083 4161 1196 4214 corpore
1214 4137 1331 4201 roffi

101 4253 106 4261 ·
150 4256 174 4302 p.
194 4236 258 4297 609,
278 4235 316 4290 26
335 4237 369 4290 de
388 4253 502 4303 corpore
519 4236 544 4286 E
594 4236 674 4288 liniue
693 4237 714 4287 t.
735 4237 751 4287 l.
771 4234 861 4286 ouaR
913 4235 948 4287 32
966 4232 1022 4285 dno
1039 4233 1092 4286 deo
1109 4249 1171 4285 meo
1188 4231 1217 4283 ll.
