2790 4844
186 272 249 338 354
502 276 642 357 >sancti
666 275 799 328 Hilarii
826 273 990 341 episcopi

185 474 215 530 et
244 466 482 548 promerendum
506 470 561 541 ost,
586 471 617 529 et
638 484 693 543 per
716 461 953 527 sollicitudinem
977 482 1107 542 operum
1140 464 1315 528 anteriorum

185 569 364 635 aeternitatis
385 577 434 634 est
456 569 579 650 requies
604 568 806 648 praeparanda
829 566 1002 631 orationum
1021 565 1145 650 uigiliis,
1166 566 1313 632 lectionum

185 673 367 757 frequentia,
391 672 494 737 ieiunii
517 671 683 743 uoluntate,
708 669 891 735 humilitatis
921 669 1154 752 tranquillitate,
1185 669 1312 736 bonitalis

186 777 337 858 operibus,
371 777 519 842 castitatis
556 777 663 850 nitore,
704 764 813 840 uirtute
850 775 1015 854 patientiae.
1060 773 1128 840 hacc
1165 775 1261 856 pridie
1288 774 1310 837 ln

147 910 159 946 a
187 883 282 947 otium
305 883 411 946 aeterni
435 881 556 945 sabbati
579 886 651 943 sunt
672 880 817 959 paranda,
847 885 882 943 ut
911 879 1116 959 corruptionis
1149 886 1259 945 nostra
1278 879 1310 941 in·

186 984 331 1051 firmitate
354 986 385 1049 in
410 984 563 1049 caelestem
585 983 718 1068 gloriam
742 983 958 1047 transformata
982 1002 1039 1048 nec
1053 984 1163 1048 uitium
1179 983 1310 1055 uoluntas,

186 1110 244 1154 nec
267 1089 394 1155 ambitio
418 1088 558 1173 gloriam,
581 1108 638 1154 mec
662 1088 814 1154 honorem
846 1088 998 1167 superbia,
1032 1108 1090 1152 nec
1115 1089 1213 1153 otium
1235 1087 1309 1158 labor,

186 1213 243 1259 nec
265 1195 369 1258 cibum
392 1213 509 1277 corpus
544 1212 601 1257 nec
632 1212 777 1259 somnum
800 1193 899 1257 noctis
923 1193 972 1256 die
996 1191 1143 1257 lassitudo
1168 1192 1311 1258 desiderat.

186 1299 241 1362 sad
264 1299 303 1362 sit
325 1298 416 1362 nobis
431 1303 546 1362 aeterna
568 1297 627 1374 lur,
652 1298 713 1360 uita
731 1295 871 1380 peruigil,
888 1298 1061 1361 communis
1078 1315 1153 1361 usus
1169 1297 1311 1362 bonomm.

136 1428 160 1465 ιο
187 1402 319 1466 caelestis
352 1402 478 1466 satiatus
513 1421 615 1466 sermo
650 1402 708 1478 dei,
742 1400 879 1465 laudium
910 1401 968 1465 deo
999 1407 1029 1464 et
1051 1420 1123 1465 curn
1147 1400 1316 1484 angelorum

186 1505 290 1570 choris
314 1505 449 1589 hymnus
471 1513 612 1570 aeternus.
658 1505 717 1569 hoc
741 1505 815 1569 fidei
831 1511 878 1568 est
893 1504 1065 1584 praemium,
1090 1504 1158 1570 llaec
1174 1520 1317 1585 corporea

187 1610 419 1675 resurrectionis
442 1617 489 1674 est
511 1609 617 1693 gloria,
652 1610 683 1672 in
707 1629 768 1691 qua
791 1607 867 1672 nihil
899 1608 1139 1674 desiderandum
1172 1616 1227 1683 est,
1255 1607 1331 1690 quia

187 1712 269 1777 nullo
292 1714 448 1797 egendum
472 1721 532 1777 est:
567 1733 626 1776 nom
662 1733 718 1792 per
751 1713 900 1777 inuidiam
935 1713 1157 1788 aemulandum,
1191 1713 1260 1796 quia
1287 1710 1358 1773 im

187 1818 405 1883 communione
428 1819 612 1892 uiuendum;
643 1837 703 1880 non
734 1825 786 1881 aut
816 1817 994 1881 infirmitate
1026 1817 1129 1900 aliqua
1160 1816 1372 1882 dolendum!-

135 1947 160 1984 ra
187 1929 239 1984 aut
260 1927 348 1985 aetate
371 1923 582 1999 crescendum,
614 1923 686 2005 quia
715 1920 933 1986 inmortalitate
969 1922 1143 1986 durandum
1175 1929 1227 1986 est
1267 1901 1376 1982 su3

186 2023 321 2089 urendus
345 2026 447 2105 potius
471 2025 610 2091 diabolus
639 2032 668 2089 et
691 2024 806 2089 malum
831 2045 924 2090 omne
947 2025 1165 2104 perimendum
1189 2032 1218 2090 et
1239 2031 1301 2089 mter
1344 2042 1376 2055 ³

187 2129 290 2194 nitatis
320 2136 433 2194 nostrae
456 2127 514 2194 fios
538 2130 730 2209 optinendus.
777 2149 830 2208 pro
854 2128 945 2193 huius
968 2129 1063 2212 igitur
1085 2128 1205 2194 sabbati
1224 2125 1377 2210 reqnid

188 2235 245 2298 deo
268 2234 347 2314 patn'
369 2233 449 2298 filius
472 2234 640 2298 confitetur.
688 2232 747 2298 lroc
771 2254 806 2298 eu
823 2253 955 2316 persona
975 2235 1041 2298 eius
1057 2234 1089 2297 in
1104 2233 1166 2297 fine
1182 2238 1373 2299 canmmt‘·

187 2336 254 2413 hoc,
277 2338 367 2402 sicuti
389 2337 581 2422 singulorum
598 2357 744 2401 uersuum
759 2337 1008 2417 interpretatione
1024 2357 1199 2415 noscemus,
1221 2330 1338 2416 adqui
1363 2352 1371 2364 ·

136 2466 161 2504 ao
188 2443 246 2506 sita
269 2440 431 2507 hominum
454 2441 673 2505 inmortalitate
696 2441 877 2505 celebratur.

588 2611 771 2694 psalmus
799 2611 934 2692 CXVlll.

234 2754 260 2817 1.
288 2753 345 2833 Qui
367 2755 408 2817 ad
428 2754 598 2818 doctrinam
614 2752 804 2817 rationabilis
820 2760 849 2816 et
865 2750 1009 2831 perlectae
1025 2752 1196 2832 prudentia
1213 2759 1365 2831 praepa·

189 2863 303 2935 rantur,
321 2857 359 2921 ab
376 2857 451 2937 ipsis
470 2858 573 2921 statim
594 2855 756 2922 elementis
775 2855 946 2921 litterarum
966 2856 1097 2920 docendi
1113 2862 1192 2933 sunt
1206 2860 1237 2918 ut
1255 2852 1364 2931 pet·

189 2962 302 3026 sectum
314 2981 484 3043 uerumque
497 2962 645 3025 rationem
656 2967 812 3042 tamquam
822 2960 860 3023 ab
873 2959 998 3026 exordio
1011 2960 1120 3040 prima
1132 2957 1289 3024 institution
1309 2939 1365 3006 5⁵

137 3087 162 3125 aa
189 3072 422 3147 consequantur.
467 3067 568 3130 sciens
592 3064 673 3128 istud
692 3070 816 3128 sanctus
833 3062 945 3127 Paulus
961 3063 1124 3144 apostolus,
1147 3083 1216 3128 eam
1230 3053 1365 3157 solui}1

189 3188 296 3232 ueram
320 3181 412 3250 atque
435 3169 518 3233 utilis
542 3169 690 3234 doctrinae
725 3187 794 3232 esse
825 3166 1028 3246 prudentiam,
1063 3187 1132 3250 qua
1163 3166 1202 3231 ab
1230 3153 1367 3229 eut-¹⁵

234 3350 294 3401 let
312 3350 526 3417 promerendum
545 3351 604 3401 edd.
625 3368 657 3400 ra.
677 3347 745 3401 2V
794 3347 1022 3415 diriquillitatis
1047 3345 1082 3400 V¹
1136 3344 1280 3415 'Igloriam
1337 3317 1368 3371 λ’

189 3437 205 3488 l.
224 3453 272 3489 om.
296 3435 321 3489 V
370 3436 582 3489 8s0muiumV
632 3435 721 3488 dieV
745 3434 793 3500 (cf.
812 3437 842 3487 de
860 3437 907 3487 lucc
923 3436 1035 3503 yeaetiui
1046 3433 1138 3497 sorana
1154 3433 1272 3487 Brlcleler
1287 3423 1368 3463 s

196 3523 355 3574 Windetalde
382 3525 425 3575 aa
452 3525 524 3576 neca
543 3541 568 3591 p.
588 3522 634 3586 ou,
655 3523 684 3574 m
704 3522 778 3575 aaa
797 3522 927 3574 sarman
947 3519 1181 3586 matamoro
1232 3504 1368 3620 ηεξ

188 3643 258 3711 uigil
283 3644 341 3696 uita
359 3646 373 3696 1
392 3645 544 3713 peruigilr
598 3646 631 3698 10
649 3644 795 3696 laudumr
847 3642 899 3695 deo
923 3641 1022 3696 orraV
1073 3644 1106 3695 13
1123 3659 1175 3711 per
1201 3639 1318 3695 inuidis

188 3748 255 3783 corr.
269 3748 300 3781 aa.
315 3729 376 3783 211
429 3733 459 3785 17
479 3731 671 3785 obtinendualr
726 3732 759 3783 19
777 3728 1026 3798 interpraetaticnc
1040 3728 1066 3782 V
1115 3728 1240 3797 Explicit
1257 3707 1358 3796 μιν

188 3835 249 3870 mus
267 3817 328 3869 XCI
353 3817 451 3887 incipit
471 3817 583 3871 CXVIII
601 3818 658 3870 ales
679 3817 792 3870 alleluia
816 3817 840 3869 V
889 3814 991 3883 Incipit
1018 3819 1050 3883 ps
1080 3815 1203 3869 CXVIII.
1230 3794 1346 3894 Incipif

188 3904 282 3956 littera
300 3904 398 3971 prima.
416 3904 506 3972 Aleph
525 3904 625 3957 aleluia
643 3923 658 3956 r
710 3904 741 3956 In
761 3897 791 3956 di
810 3903 921 3957 nomine
947 3901 1048 3969 incipit
1071 3906 1210 3957 tractatus
1233 3902 1333 3972 psalwl

190 3989 301 4042 cxvru
319 3990 419 4043 miram
439 3992 482 4058 epi
501 3989 631 4044 catholici
650 3990 670 4043 u
690 3990 738 4059 (ef.
751 3991 832 4043 Aaou.
847 4007 876 4059 ρ.
890 3988 941 4053 aa)
959 3987 1061 4056 Incipit
1079 3993 1220 4044 uocatus
1233 3977 1330 4059 promi

190 4075 302 4129 CXVIII
320 4076 419 4130 Hilarii
438 4077 482 4145 epi
500 4077 671 4130 Pictauensis
689 4094 707 4144 p
726 4074 771 4137 (de
783 4077 809 4129 R
820 4076 853 4138 cf.
871 4094 942 4145 supr.
953 4093 981 4144 p.
994 4073 1065 4140 344)
1119 4077 1156 4128 113
1175 4076 1327 4130 litterarum

190 4162 333 4216 elementis
352 4163 380 4215 E
429 4166 463 4218 25
482 4164 549 4217 istut
572 4164 598 4217 V
646 4164 787 4232 apostolus
805 4162 903 4231 paulus
928 4162 990 4232 ch
1113 4178 1179 4216 cum
1203 4164 1289 4218 solam
1310 4159 1327 4216 l'

189 4250 223 4301 26
242 4250 417 4316 prudentiam
436 4268 466 4303 er
483 4249 646 4319 prudentiae
664 4268 697 4302 m.
720 4248 740 4302 2
763 4249 792 4303 V.
