2790 4844
152 209 215 274 270
498 209 615 261 saneti
637 207 770 260 Hilarii
789 207 951 275 episcopi

151 400 280 464 nobis.
327 398 497 465 secundum
521 397 667 461 doctrinae
690 395 832 460 ordinem
854 395 989 475 primum
1013 395 1228 459 misericordia
1244 396 1271 459 dr

151 503 295 585 poscitur.
342 523 379 567 er
402 501 490 582 copia
513 501 596 564 enim
631 499 775 564 bonitatis
805 518 868 563 sure
901 498 1144 563 misericordiam
1167 499 1200 562 in
1224 520 1271 580 per

151 612 288 672 cetorum
312 605 495 670 remissione
518 603 664 687 largitum
688 611 718 668 et
740 614 936 684 peccatorum
959 603 1099 668 remissio
1129 624 1192 667 non
1225 623 1271 685 prr

150 710 256 775 bitetis
280 715 328 774 est
358 709 509 784 meritum,
545 709 599 772 sed
634 713 811 786 spontanee
846 704 1046 794 indulgentie
1080 706 1223 772 uoluntos
1257 727 1271 772 e

112 843 124 878 s
151 813 296 878 bonitatis
331 812 447 876 diuitiis
482 811 711 876 admiserandi
746 830 857 876 munus
894 810 1075 874 exuberans.
1121 830 1206 894 ergo,
1241 831 1271 894 qr

151 917 326 983 misericors
361 921 416 990 est,
450 921 483 979 ut
507 916 677 991 benedicet,
700 928 812 979 oratur.
858 920 888 978 et
917 913 1142 978 benedictionis
1165 915 1271 998 quider

151 1023 283 1086 fructum
307 1020 367 1082 inm
391 1019 425 1082 in
449 1019 571 1083 exordio
595 1018 718 1083 formati
742 1018 877 1083 hominis
901 1018 1108 1102 cognocimus,
1133 1038 1205 1082 cum
1223 1018 1271 1083 tal

151 1126 190 1190 ad
213 1125 316 1189 Adam
341 1128 406 1188 tum
428 1123 530 1188 adbuc
554 1123 671 1202 peccati
707 1122 845 1187 nescium
876 1142 978 1187 sermo
1013 1129 1076 1186 est:
1112 1123 1270 1192 crescit

151 1236 189 1294 et
220 1226 562 1308 multiplicemini
596 1233 634 1292 et
666 1226 828 1307 replete
863 1232 1014 1290 terrem
1049 1232 1087 1290 et
1117 1225 1271 1290 domins

100 1361 124 1397 lo
152 1332 369 1398 minicius.
414 1332 475 1396 ista
498 1332 626 1414 quidem
656 1333 797 1414 quemuis
827 1329 1025 1410 corporaliter
1056 1335 1175 1395 tentum
1211 1330 1271 1395 diet

150 1437 290 1521 plerique
320 1437 515 1512 arbitrentur,
546 1442 651 1500 temen
681 1433 811 1515 spiritali
843 1435 982 1499 doctrino
1012 1435 1139 1498 eruditis
1161 1433 1232 1514 plus
1256 1435 1271 1497 d

151 1564 184 1607 se
207 1541 328 1606 uirtutis
351 1539 555 1621 prebuerunt.
600 1537 667 1603 haec
701 1540 782 1603 enim
818 1539 992 1604 benedictio
1027 1558 1087 1602 non
1122 1537 1271 1602 creatione

151 1652 270 1710 tontum
300 1642 505 1724 corporalium
535 1643 764 1709 successionum
789 1643 867 1706 Adae
901 1641 1014 1724 largita
1047 1649 1102 1706 est.
1148 1643 1271 1725 quemui

151 1748 234 1813 enim
258 1747 398 1813 fecundes
422 1747 486 1811 eius
510 1747 630 1812 soboles
654 1747 762 1810 suturis
786 1752 898 1823 essent,
922 1752 1023 1811 temen
1040 1752 1156 1810 terram
1172 1744 1271 1827 inpler

99 1878 124 1916 ιε
151 1872 212 1916 non
243 1856 402 1933 poterent;
437 1870 505 1934 quse
539 1871 594 1931 pro
626 1851 713 1931 copie
744 1850 904 1915 hominum
933 1849 1006 1915 licet
1036 1848 1201 1926 habitetur,
1231 1870 1271 1914 no

150 1960 255 2020 tamen
278 1953 461 2036 adinpletur.
505 1975 614 2019 uerum
639 1963 752 2019 terram
783 1955 919 2034 corporis
949 1954 1047 2020 nostri
1078 1952 1191 2034 inpleri
1221 1953 1271 2018 do<

151 2060 239 2125 trinis
262 2058 451 2140 spiritalibus
474 2057 569 2122 uoluit
591 2065 623 2124 et
645 2057 841 2138 multiplicari
866 2066 896 2124 et
919 2077 1059 2123 crescere
1082 2058 1214 2123 scientie
1233 2057 1271 2122 de

149 2184 206 2244 per
228 2163 333 2226 Adam
368 2163 451 2227 enim
486 2174 578 2245 etque
611 2163 643 2226 in
678 2162 744 2243 ipso
768 2163 880 2237 Adam,
915 2163 967 2246 qui
1000 2162 1119 2242 primus
1142 2181 1219 2241 opus
1242 2161 1271 2225 dr

150 2267 256 2339 suerat.
280 2275 456 2348 oportuerat
486 2268 694 2349 cognitionem
729 2267 779 2332 dei
812 2265 967 2332 inchoari:
1002 2266 1057 2331 sed
1089 2286 1125 2332 eo
1156 2267 1271 2347 peccari

150 2370 345 2453 coinquinato
378 2370 600 2436 benedictionis
635 2371 721 2437 istius
756 2370 888 2436 fructum
921 2369 1078 2451 prophetae
1109 2370 1169 2435 sibi
1200 2375 1271 2454 atqu

149 2472 282 2554 apostoli
305 2475 516 2554 deprecentur.
562 2494 655 2558 qoem
678 2474 786 2540 beatus
810 2473 966 2556 spostolus
989 2481 1172 2539 consecutus
1195 2472 1270 2537 iud

150 2598 183 2643 se
207 2576 370 2662 glorietur:
394 2577 640 2643 benedictus
671 2580 776 2656 deus,
808 2578 874 2662 qui
906 2577 1121 2643 benedixit
1151 2598 1223 2642 nos
1252 2577 1271 2640 i:

150 2681 254 2745 omni
308 2681 600 2747 benedictione
654 2682 840 2762 spiritali
886 2683 926 2746 in
971 2679 1208 2747 caelestibus
1251 2680 1261 2743 i

151 2782 326 2848 Obristo.
372 2783 404 2847 bi
438 2804 512 2868 ergo
547 2792 698 2863 crescunt,
737 2785 987 2867 multiplicantur,
1030 2783 1196 2865 replentur,
1238 2804 1271 2866 qr

192 3017 294 3071 8Gsn.
314 3018 334 3084 l,
353 3020 394 3072 28.
431 3020 465 3072 22
483 3018 583 3087 Ephes.
602 3020 624 3086 1,
642 3022 667 3074 3.
758 3084 761 3093 ³

194 3235 206 3285 l
227 3233 433 3287 misecricordie
452 3236 477 3287 R
529 3236 546 3286 2
564 3235 753 3288 misericordie
773 3236 798 3288 R
851 3237 880 3288 in
898 3241 1076 3304 peccatorum
1096 3235 1261 3290 remissione

149 3322 165 3373 3
184 3319 354 3388 largitur-
372 3320 498 3374 remissio
508 3338 556 3373 om.
567 3322 593 3373 R
642 3332 700 3392 post
718 3322 844 3376 remissio
863 3324 960 3375 listerus
978 3325 1100 3392 reperires
1118 3341 1154 3376 ne
1172 3321 1269 3391 largitu

149 3406 274 3459 remissio
284 3408 332 3459 olel.
343 3425 376 3460 m.
392 3406 412 3459 2
429 3408 454 3460 V
502 3411 520 3461 4
538 3424 572 3460 ex
589 3408 722 3462 bonitatis
735 3410 764 3462 in
776 3409 962 3463 miserendum
973 3427 1074 3463 munus
1090 3409 1114 3462 V
1166 3413 1200 3463 10
1217 3409 1271 3462 dict

149 3511 179 3545 ex
196 3491 287 3546 dictor
305 3511 370 3546 corr.
390 3512 422 3546 m.
445 3493 459 3545 1
482 3493 596 3548 Vdicte
623 3506 682 3547 onte
708 3500 818 3548 tentum
844 3515 915 3566 supr.
937 3514 987 3549 scr.
1012 3515 1044 3549 m.
1064 3496 1081 3548 1
1100 3496 1126 3548 R
1182 3499 1210 3549 11
1230 3513 1271 3552 ero

149 3579 223 3633 ditus
234 3579 260 3631 R
306 3581 339 3632 12
351 3596 406 3632 non
416 3581 568 3634 erectiones
576 3599 633 3650 sup.
643 3582 688 3634 lin.
698 3599 714 3633 o
725 3600 757 3634 m.
769 3581 788 3633 2
802 3582 868 3651 ch,
881 3584 954 3635 Slrrd.
967 3581 1038 3636 1889
1044 3600 1072 3651 p.
1082 3581 1141 3634 321
1151 3600 1207 3634 non
1216 3598 1271 3638 cres

148 3665 232 3719 tionis
243 3667 271 3718 Ε
282 3667 509 3734 congregationes
520 3668 545 3719 R
558 3669 758 3722 concreationis
770 3669 820 3721 PT
873 3671 906 3722 14
923 3668 1067 3723 secundine
1085 3668 1271 3726 Vseenndeel

149 3753 250 3806 sobolis
262 3753 287 3805 R
339 3752 433 3806 lutura
451 3760 522 3807 esset
537 3754 562 3806 V
610 3760 713 3808 terram
732 3762 759 3808 et
777 3755 884 3823 inplere
903 3762 1026 3808 exterra
1044 3760 1086 3808 est
1104 3754 1213 3823 inplere
1224 3773 1271 3814 cors

149 3859 181 3891 m.
204 3838 225 3891 2
251 3839 275 3893 V
326 3841 358 3892 15
376 3857 432 3893 non
456 3845 548 3894 temen
575 3847 603 3894 et
630 3835 736 3909 ipletur
769 3843 840 3896 l'l'T
892 3845 924 3897 16
944 3842 1044 3911 inpleri
1071 3840 1210 3895 doctrinis
1236 3862 1271 3920 eu]

149 3927 193 3977 lin.
213 3943 230 3978 a
247 3924 353 3979 m.2V
404 3928 436 3979 17
455 3927 594 3995 spiritslus
619 3928 644 3979 V
693 3928 837 3982 scientiam
861 3930 885 3983 V
936 3931 969 3983 18
986 3928 1075 3996 adque
1094 3928 1143 3982 VR
1202 3932 1233 3984 19
1250 3932 1271 3989 ir

149 4012 224 4064 couri
253 4011 276 4060 R
303 4013 432 4067 inchoare
463 4014 487 4067 V
535 4016 570 4068 20
588 4030 642 4082 quo
670 4015 813 4083 inquinato
840 4016 867 4068 R
926 4015 1050 4083 profetae
1074 4015 1099 4068 R
1125 4015 1238 4083 profeta
1264 4044 1271 4076 ι

148 4098 276 4166 probfeta
302 4117 368 4152 corr.
396 4118 428 4154 m.
460 4100 473 4152 I
505 4101 531 4153 V
592 4103 623 4154 21
653 4102 853 4170 depraecemur
887 4103 910 4155 V
971 4107 1025 4170 qud
1052 4120 1065 4156 e
1088 4118 1161 4170 quae
1196 4103 1271 4160 VRP

150 4185 261 4239 boeotus
290 4184 352 4252 (sic)
371 4189 431 4239 cdd.
451 4205 482 4239 or.
502 4186 523 4239 2
546 4187 570 4240 V
620 4190 654 4240 22
671 4189 698 4240 in
718 4189 845 4242 omnibus
872 4189 892 4240 Γ
943 4191 977 4242 24
994 4187 1035 4242 hii
1054 4189 1112 4242 RT.
