2790 4844
430 270 612 319 tractatus
638 267 671 319 in
696 269 867 335 psalmum
893 270 914 321 l.
1204 272 1244 337 33

94 454 252 520 obtritum.
277 440 467 532 uentilstum
491 457 662 536 dispersum
687 466 715 520 et
742 458 909 540 inquietum
931 470 1048 539 menet,
1070 469 1103 524 ut
1133 482 1171 526 ex
1193 461 1245 526 ills

96 558 264 638 eorpornlis
287 558 452 624 soliditatis
475 558 622 623 firmitate
645 561 767 625 decussi
790 559 921 626 ludibrio
949 562 1083 643 pulueris
1099 564 1244 629 differun-

99 673 146 726 tur
168 663 199 726 in
224 681 364 742 poennm:
389 682 450 726 non
475 664 505 726 in
528 663 659 728 nibilum
684 665 832 742 dissoluti,
855 674 888 729 ut
911 667 952 731 sit
974 668 1005 730 in
1029 666 1077 732 bis
1099 671 1243 735 materies

102 767 235 845 poennlis,
260 768 315 831 sed
341 768 372 831 in
395 769 486 832 inane
510 767 635 832 selene
659 769 841 852 aridumque
864 771 991 850 protriti,
1014 779 1049 835 ut
1077 772 1243 838 ludibriose

104 891 195 949 poenae
219 870 392 936 mobilitate
422 872 580 936 iactentur.
626 873 711 937 euius
746 892 843 953 poenae
875 884 905 938 et
937 874 1001 939 loeo
1036 874 1133 940 altero
1156 877 1240 941 idem
1269 901 1280 934 .··‚

107 975 248 1055 propbeta
262 975 410 1047 meminit,
423 976 542 1040 disens:
556 976 799 1041 comminuam
818 997 878 1041 eos
895 987 933 1041 ut
948 978 1141 1057 puluerem
1158 987 1243 1044 ante

107 1077 241 1143 iseiem
267 1081 389 1154 uenti,
413 1090 452 1143 nt
474 1079 598 1144 lutum
624 1080 848 1160 platearum
873 1081 1017 1146 delebo
1042 1082 1146 1147 illos.
1171 1103 1243 1148 eon·

109 1183 214 1260 paratio
236 1185 341 1266 itsque
365 1192 398 1247 ut
421 1184 625 1261 beatitudinis,
648 1186 691 1248 ita
714 1196 744 1248 et
767 1204 864 1265 poenae
881 1193 928 1249 est
944 1186 1116 1251 constituta.
1148 1206 1240 1270 quarn

111 1287 179 1350 enirn
202 1287 304 1351 nullus
328 1287 414 1352 labor
436 1293 483 1352 est
504 1296 595 1353 uento
619 1288 776 1369 puluerem
801 1289 953 1370 dissipare
976 1297 1006 1354 et
1028 1309 1120 1373 quarn
1144 1289 1241 1354 lutum

114 1389 136 1450 in
154 1390 260 1470 pluteis
285 1391 497 1475 ingredientes
520 1412 553 1456 se
570 1412 665 1473 prope
680 1393 815 1475 esleusse
831 1413 890 1456 non
908 1394 1053 1470 sentiunt,
1084 1394 1126 1457 itu
1141 1387 1240 1474 poer'rae
1272 1417 1293 1452 ro

115 1491 148 1555 illi
166 1495 290 1560 infernae
314 1494 404 1560 leeile
428 1506 475 1561 est
497 1498 609 1578 impios
632 1497 736 1561 delere
760 1505 851 1580 etque
867 1497 1056 1581 dispergere,
1080 1516 1156 1580 quos
1171 1518 1241 1578 pec-

118 1608 234 1663 urorum
258 1600 338 1663 ratio
362 1606 392 1664 et
416 1601 446 1664 in
469 1600 566 1664 lutum
591 1600 716 1665 soluerit
739 1608 768 1665 et
792 1601 1004 1666 comminuerit
1027 1602 1058 1665 in
1074 1602 1240 1681 puluerem,

119 1718 163 1764 non
194 1703 297 1768 relicte
331 1723 432 1787 neque
466 1706 639 1770 substantia
672 1705 835 1781 firmitatis,
870 1726 938 1770 eum
969 1705 1068 1785 puluis
1091 1712 1123 1769 et
1144 1705 1239 1769 lutum

120 1803 165 1868 sint
191 1814 217 1871 et
239 1828 294 1889 per
318 1808 349 1871 id
374 1809 454 1891 quod
478 1808 577 1889 puluis
600 1815 630 1872 et
654 1809 748 1874 lutum
784 1819 862 1887 sunt,
886 1811 917 1873 in
953 1822 1092 1874 naturum
1123 1815 1238 1873 tentum

122 1909 226 1984 penulis
249 1913 427 1976 substantio
451 1915 608 1977 reseruati.
1269 1936 1292 1970 1⁵

154 2012 195 2076 ⁸20.
215 2015 254 2079 Et
276 2017 350 2099 qnia
378 2037 433 2096 per
467 2016 547 2081 hane
582 2019 822 2082 demutationem
860 2018 980 2081 obtritae
1015 2017 1045 2080 in
1081 2015 1238 2096 puluerem

124 2112 249 2184 irnitntis
282 2141 344 2184 non
379 2130 467 2185 erunt
490 2122 554 2185 eius
579 2122 648 2185 boni
680 2122 854 2202 participes,
890 2123 971 2204 quod
1002 2122 1091 2185 bento
1114 2121 1179 2185 uiro
1203 2141 1239 2185 eu

125 2215 199 2285 fructu
225 2225 300 2308 ligni
336 2225 458 2290 debitur
492 2228 522 2289 in
561 2235 707 2306 ternpore,
749 2226 819 2290 ideo
853 2234 1078 2308 consequenter
1111 2225 1237 2290 adiecit:

126 2335 313 2404 propterea
359 2350 431 2393 non
471 2337 694 2412 resurgunt
733 2330 847 2409 impii
887 2330 924 2393 in
962 2330 1122 2393 iudicio.
1177 2348 1236 2392 non

127 2422 222 2494 abolitio
243 2432 301 2499 bis.
325 2433 376 2516 qui
401 2434 505 2516 utique
528 2433 628 2514 puluis
652 2441 749 2509 erunt,
773 2454 829 2513 per
851 2435 881 2497 id
899 2435 980 2516 quod
996 2453 1056 2496 non
1076 2450 1234 2516 resurgent
1265 2456 1290 2491 20

127 2525 300 2610 denuntietur,
336 2538 391 2601 sed
415 2539 597 2601 resurreetio
627 2538 677 2601 his
707 2539 739 2600 in
770 2538 916 2602 iudicium
951 2539 1131 2620 denegetur.
1178 2557 1237 2600 non

126 2633 188 2697 enin
207 2661 257 2719 per
280 2642 312 2705 id
336 2641 418 2724 qnod
442 2662 502 2705 non
526 2651 622 2715 erunt,
645 2661 738 2707 sensu
761 2662 860 2722 poenae
882 2641 1043 2706 carebunt:
1068 2641 1139 2723 quie
1162 2640 1236 2704 lueri

127 2754 220 2811 effluam
242 2745 342 2810 leniet.
367 2747 449 2828 quod
472 2766 532 2810 uon
548 2746 695 2810 subsistet
713 2748 751 2810 ed
768 2766 900 2826 poensm.
935 2746 1104 2809 subsistent
1126 2752 1236 2809 autem.

126 2838 274 2919 tuberum
300 2850 409 2929 puluis.
456 2850 612 2929 puluerem
645 2871 717 2914 nero
749 2849 830 2914 esfiei
864 2850 911 2914 uel
941 2850 1082 2913 eriditute
1113 2848 1162 2914 uel
1185 2850 1237 2913 nd-

125 2942 186 3018 tritu,
206 2972 259 3016 non
285 2961 331 3019 est
357 2953 544 3018 subsistendi
579 2955 723 3019 emisisse
756 2962 906 3029 naturum,
942 2954 997 3019 sed
1030 2953 1061 3016 in
1097 2960 1235 3018 usturam
1265 2973 1289 3010 re

124 3044 223 3119 tltersnr
244 3058 429 3122 substitisse.
474 3078 529 3139 per
552 3059 583 3122 id
607 3065 720 3134 eutem,
752 3060 832 3141 quod
855 3059 885 3121 in
903 3058 1048 3122 iudicium
1062 3078 1121 3122 non
1139 3078 1237 3122 resur-

124 3163 187 3232 gent,
206 3161 374 3226 absolutum
407 3168 536 3226 estnon
561 3164 741 3246 resurgendi
777 3184 829 3227 eos
863 3163 997 3227 seruisse
1032 3168 1148 3239 nature,
1183 3164 1235 3225 sel

158 3262 175 3310 r.
188 3263 225 3317 rs
243 3267 327 3332 xvn,
345 3268 388 3321 ss.

157 3381 334 3442 linfirmirate
361 3389 382 3441 l'
432 3388 549 3442 discussi
575 3390 597 3440 Γ
648 3389 739 3456 puluis
767 3391 788 3440 l'
838 3388 1034 3448 epithima
1053 3387 1194 3446 lille-as.)
1213 3388 1238 3438 R

124 3460 223 3526 dissoluit
239 3477 264 3527 R
315 3478 458 3543 4p0ense
470 3475 518 3529 sed
540 3475 565 3527 V
615 3477 743 3529 inorruit
795 3480 827 3528 ut
839 3473 1007 3528 ludibriosae
1019 3491 1123 3542 poenae
1136 3477 1164 3526 et
1176 3473 1236 3525 loeo

125 3547 189 3608 'libo
203 3558 256 3624 (ono.
276 3563 356 3615 uerbi
374 3578 478 3629 poenae
496 3587 530 3599 -
549 3562 638 3626 euius)
658 3563 701 3614 lla
754 3565 770 3616 7
790 3562 959 3630 comparatio
978 3563 1003 3613 Η
1065 3563 1082 3612 8
1100 3560 1236 3627 quomodo

125 3637 231 3700 eninm
244 3649 308 3702 Pur.
322 3647 424 3701 157212
436 3659 459 3700 et
479 3651 515 3700 sic
541 3651 558 3701 9
572 3650 708 3715 quomodo
730 3649 820 3702 lutum
873 3652 890 3702 9
912 3654 954 3702 est
971 3666 1027 3718 sup.
1046 3648 1091 3700 lin.
1104 3666 1121 3699 a
1140 3649 1199 3698 nol
1219 3648 1224 3696 l

1169 3716 1176 3754 r

128 3757 152 3807 ¹⁰
163 3777 232 3835 imp
248 3788 296 3822 om.
323 3769 348 3821 r
398 3771 430 3823 ιι
449 3768 551 3822 inferni
571 3771 598 3822 s
650 3773 683 3823 ue
701 3787 755 3823 non
774 3789 830 3839 op.
850 3772 895 3823 in.
914 3771 939 3823 s
993 3771 1146 3837 uesper
1176 3769 1238 3821 en

128 3842 232 3914 ¹5l>0ene
255 3858 278 3909 l'
331 3859 364 3911 18
382 3856 491 3910 udeoV
542 3858 574 3909 19
592 3856 719 3925 resurgit
737 3877 755 3906 α
774 3859 952 3925 resurgentb
1006 3857 1034 3908 in
1053 3855 1187 3909 iudicium
1199 3856 1224 3906 Ι
1230 3876 1236 3919 ;

127 3927 146 3977 Κ
158 3934 173 3983 b
187 3940 201 3990 l.
221 3945 246 3994 in
274 3963 357 4013 merp.
384 3945 450 3996 banc
477 3953 565 3996 notam
592 3945 665 3996 add:
687 3949 705 3996 r'i
732 3944 900 3997 resurreetio
928 3943 1020 4011 impiis
1048 3941 1096 3995 sed
1132 3942 1235 3995 iudioin

126 4011 245 4087 dm‘latur
314 4033 351 4084 20
377 4029 420 4082 his
445 4048 475 4082 er
499 4031 522 4083 is
550 4029 622 4083 m.2
656 4032 676 4081 Ι’
744 4037 894 4099 resurgunt
921 4032 949 4083 E
1016 4032 1048 4083 21
1077 4029 1105 4081 in
1134 4028 1236 4082 iudicio

128 4103 181 4159 'filu
207 4118 226 4169 l.
259 4121 276 4170 l.
310 4128 333 4170 et
369 4120 396 4169 in
430 4134 495 4186 seqq.
531 4117 553 4169 V
620 4118 655 4172 28
685 4134 773 4185 poena
802 4117 886 4172 faciet
916 4119 940 4170 R
1009 4120 1044 4171 24
1074 4117 1179 4169 aridate
1219 4117 1237 4166 l'

128 4196 282 4309 bahnotzer
310 4257 333 4308 r
383 4203 483 4309 sniis„
501 4257 533 4309 n.

167 4363 223 4414 ¹111.
235 4375 303 4417 nnn.
318 4378 376 4417 Pltt.
391 4388 442 4426 pm
456 4376 477 4417 1.
1064 4363 1081 4413 3
