2790 4844
310 278 491 327 tractatus
509 274 543 327 in
561 274 732 342 psalmum
752 273 883 348 §XXXX
1104 274 1167 339 ’117

78 484 142 527 nrae
165 463 258 540 istud,
281 464 336 528 aed
360 461 490 542 spiritaii
520 468 686 542 oonpetere
708 462 874 537 uideretur,
907 483 977 529 oum
1008 464 1065 528 ait:
1096 467 1167 530 sed

78 568 101 631 ti
125 573 219 631 sunt
241 567 309 643 dii,
334 566 399 650 qui
422 566 695 641 nominantur,
719 567 757 630 iu
787 565 884 631 oaeio
914 573 951 632 et
980 569 1020 632 in
1049 574 1167 646 terra

78 671 168 737 >oali
193 678 224 736 et
254 675 344 736 terra
374 669 634 752 significationem
665 670 786 753 utrique
816 679 934 736 uaturae
965 692 1077 737 nomen
1110 671 1168 738 hoo

78 782 193 857 ¹petens
227 795 296 839 esso
330 775 555 838 demonstrans.
601 774 684 838 idem
722 794 845 858 quoque
883 775 1037 856 apostolus
1076 777 1166 842 deum

78 880 183 943 uinum
222 880 417 943 dominorum
455 875 620 961 siguificat,
659 897 731 942 oum
766 878 824 943 ait:
861 899 929 944 rex
959 899 1097 963 regum
1129 886 1167 946 et
1207 909 1219 945 8

81 984 210 1048 minus
234 982 546 1060 dominantium
571 983 745 1047 dominatus
760 983 792 1047 in
807 982 883 1047 uilee
900 989 931 1048 et
945 984 976 1048 in
993 985 1166 1068 degeneres

79 1086 171 1170 ignua
194 1086 251 1151 deo
275 1091 332 1151 est.
377 1105 431 1149 rex
452 1084 505 1150 iile
527 1104 638 1169 regum
663 1092 710 1150 eat
733 1092 764 1150 et
786 1087 931 1151 dominus
961 1087 1166 1166 dominorum,

80 1198 128 1255 est
151 1193 226 1255 deus
249 1191 385 1255 deorum.
430 1194 462 1254 et
485 1191 559 1254 deos
575 1190 703 1273 quidem
719 1209 796 1272 quos
819 1191 982 1274 signifieat,
999 1211 1059 1256 uon
1080 1194 1167 1258 amb·

78 1315 131 1359 um
162 1301 224 1372 est;
257 1296 295 1361 de
327 1293 439 1378 quibua
471 1293 562 1358 dixit:
598 1294 695 1359 deus
730 1294 853 1359 stetit
885 1295 924 1359 iu
955 1315 1167 1381 synagoga

78 1419 196 1464 orum.
252 1419 343 1483 reges
380 1407 483 1464 autom
521 1398 604 1463 idem
650 1398 805 1480 apostolus
850 1399 988 1465 absolute
1032 1401 1167 1466 ostendit
1195 1428 1218 1464 ιο

78 1523 149 1568 eus:
183 1503 258 1567 iam
293 1503 384 1567 sine
418 1503 536 1568 nobis
570 1503 765 1587 regnatis,
788 1511 825 1569 et
848 1505 1002 1569 utinam
1025 1524 1166 1588 regna·

78 1607 137 1672 tia.
181 1627 274 1691 reges
304 1606 383 1683 aurit,
419 1609 450 1672 iu
481 1627 559 1690 quos
582 1627 644 1671 non
666 1614 777 1691 regnat
800 1615 968 1690 peecatum,
993 1610 1044 1693 qui
1069 1609 1166 1673 domi-

78 1718 136 1777 rtur
158 1711 296 1794 corporis
319 1712 374 1787 sui,
409 1710 522 1795 quibus
545 1716 591 1776 est
614 1712 676 1775 iam
701 1711 790 1776 huius
814 1712 944 1777 aubditae
967 1719 998 1778 ot
1020 1713 1166 1778 aubieotae

78 1817 81 1880 i
107 1814 207 1880 carnis
231 1816 403 1897 imperium.
449 1813 481 1878 hi
505 1835 580 1899 orgo
603 1833 694 1898 rogeo
717 1822 797 1893 sunt
824 1815 987 1881 ethorum
1013 1816 1089 1882 deus
1112 1837 1165 1880 rex

78 1974 79 1979 ,
124 1917 159 1982 hi
181 1918 272 1983 etiam
297 1917 414 1983 domini
438 1922 516 1995 aunt,
541 1918 592 2000 qui
616 1938 677 1982 non
700 1924 789 1983 emnt
810 1918 891 1984 semi
912 1920 1047 2003 peceati:
1071 1921 1166 2002 quia
1194 1946 1219 1981 re

79 2024 89 2088 i
113 2023 213 2087 facit
236 2028 454 2103 peecatum,
479 2041 621 2087 seruus
643 2027 706 2087 est
729 2023 897 2102 peceati.
943 2023 1164 2089 dominandum

78 2148 99 2191 o
133 2133 260 2207 peceato
296 2132 351 2203 est,
384 2146 446 2190 uon
479 2127 687 2191 seruiendum.
733 2127 850 2191 domini
879 2134 982 2192 autem
1012 2135 1089 2204 sunt
1114 2128 1165 2211 qui

78 2251 91 2296 a
113 2231 232 2312 peooati
257 2250 386 2311 oorpora
409 2230 607 2295 dominationi
624 2251 687 2296 suae
703 2251 760 2315 per
774 2230 998 2296 subiectionem
1018 2232 1164 2297 uitiorum

78 2355 147 2400 rum
171 2341 432 2418 peccatorumque
455 2336 597 2400 subdunt.
643 2336 727 2400 uouit
756 2356 790 2400 se
821 2355 889 2400 esse
919 2335 1075 2416 apostolus
1097 2355 1163 2401 eor-

78 2439 105 2504 is
130 2440 178 2503 sui
201 2439 370 2511 domiuum.
395 2459 464 2504 oum
489 2439 546 2502 ait:
570 2439 729 2505 subioio
752 2439 857 2505 enim
888 2438 986 2503 mihi
1016 2458 1163 2520 eorpus
1193 2463 1217 2500 2⁰

78 2564 149 2608 ¹um
196 2549 233 2608 et
267 2544 305 2606 in
343 2544 588 2608 seruitutem
621 2543 774 2628 redigo.
831 2543 884 2627 qui
917 2544 950 2608 iu
984 2543 1164 2609 seruitutem

78 2648 144 2732 igit,
169 2648 285 2712 domini
318 2667 447 2713 necesse
471 2653 519 2713 eat
541 2648 606 2712 iure
629 2648 660 2711 in
684 2647 864 2713 semitutem
888 2667 968 2726 eum,
992 2649 1045 2731 qui
1067 2648 1164 2714 serui·

78 2772 105 2817 ra
128 2758 185 2829 eat,
209 2752 331 2836 redigit.
377 2750 488 2817 horum
504 2772 578 2836 ergo
595 2751 700 2816 talium
716 2752 912 2817 domtuorum
928 2751 1004 2818 deus
1021 2752 1164 2817 dominus

110 2876 225 2921 uooans
259 2876 313 2921 eos
346 2876 402 2936 per
435 2875 523 2935 spem
556 2856 746 2933 aternitatis,
769 2863 802 2921 ut
824 2855 941 2920 domini
965 2855 1035 2933 aiut,
1058 2854 1163 2920 uthis

78 2959 154 3025 ninia
185 2961 261 3025 deus
290 2960 433 3024 dominus
463 2960 516 3024 sit:
556 2968 587 3024 et
610 2958 670 3025 hoo
693 2981 753 3025 non
777 2959 815 3024 ob
838 2960 930 3024 aliam
954 2979 1080 3025 oausam
1103 2960 1162 3025 mai
1190 2981 1215 3019 ue

98 3101 192 3154 ICor.
216 3103 240 3167 8,
264 3102 288 3153 5.
326 3099 462 3154 leim·
488 3103 512 3166 6,
541 3100 579 3153 15.
615 3100 693 3153 ops.
719 3100 841 3166 LXXXI,
868 3103 890 3152 l.
928 3103 956 3153 ll
979 3100 1114 3167 icor-4,
1138 3103 1162 3154 8.

78 3187 129 3241 ioh.
150 3187 223 3254 VIII,
242 3188 284 3240 34.
320 3187 385 3241 2011
404 3187 464 3240 Cor.
483 3190 507 3253 9,
526 3188 569 3240 27.

78 3343 80 3359 2
99 3309 148 3362 dm
165 3308 308 3361 dominum
327 3308 502 3361 dominorum
527 3307 665 3376 signifieat
689 3325 752 3361 oum
771 3309 797 3360 R
815 3308 896 3362 deum
914 3306 1057 3362 domiuum
1076 3307 1163 3362 domi·

78 3414 119 3450 um
139 3411 199 3448 ease
216 3393 355 3464 significa
372 3411 435 3448 oum
453 3413 466 3447 e
485 3394 627 3447 domiuum
655 3394 829 3448 dominorum
856 3411 915 3448 ease
938 3394 1077 3463 signifieat
1101 3411 1164 3449 oum

78 3485 128 3536 ino
140 3482 260 3535 duorum
272 3499 330 3535 oeae
344 3479 530 3548 significatum
541 3482 567 3533 I'
617 3482 633 3533 6
650 3481 849 3536 dominantium
861 3481 939 3533 ΡΤΕ
951 3481 1128 3535 dominorum
1137 3482 1163 3535 R

78 3568 248 3633 martelli,
261 3566 316 3622 879
368 3568 396 3620 in
407 3567 478 3621 uilea
488 3568 555 3621 etin
565 3567 716 3637 degeneres
726 3567 884 3621 Roianiles
894 3568 1083 3637 etdegeneree
1102 3586 1115 3621 e
1132 3568 1162 3621 in

95 3662 123 3711 et
142 3654 319 3723 indageneria
338 3654 408 3707 Pin
427 3655 511 3708 uilib:
530 3659 559 3708 et
574 3655 603 3707 in
619 3654 817 3724 degenerisz
869 3656 975 3708 aaz
987 3654 1164 3723 deoszqui-

78 3795 122 3848 rR
177 3796 210 3848 10
227 3793 407 3847 abmlutaeR
461 3795 493 3847 12
512 3793 541 3846 in
560 3794 720 3862 quoaRPE
735 3794 764 3846 in
783 3741 834 3862 qiiz
848 3795 873 3845 Τ
927 3796 959 3847 13
977 3795 1101 3863 corporis
1121 3795 1164 3848 aui

78 3881 234 3950 torporibus
259 3881 315 3935 auia
339 3881 390 3934 PT
390 3882 418 3933 E
439 3881 474 3950 cs.
495 3899 524 3951 p.
548 3879 614 3948 258,
638 3878 659 3932 2
684 3891 706 3933 et
724 3882 844 3950 Draeqer
869 3883 941 3948 Sym,
960 3881 983 3950 J,
1001 3880 1055 3935 494
1109 3882 1164 3936 iam

78 3985 101 4022 m
127 3969 222 4039 scripsi
248 3967 276 4020 in
303 3966 385 4022 huius
404 3969 449 4021 Ra
467 3967 549 4022 huius
568 3968 682 4034 Erasm,
709 3969 746 4021 ed.
775 3968 857 4022 Basil.
878 3969 960 4036 1550,
985 3966 1075 4054 inim
1093 3969 1120 4022 P
1134 3969 1164 4024 in

81 4073 122 4126 m
177 4074 210 4126 lo
228 4072 621 4126 nouitREnouitautemPT
672 4073 708 4127 20
725 4071 990 4127 dominflexdumP
1039 4075 1074 4129 28
1091 4073 1164 4127 redi·

79 4160 107 4214 n
123 4160 160 4229 cs.
179 4161 257 4213 arcu
275 4158 349 4213 8888
364 4178 393 4231 ρ.
411 4158 468 4213 era
486 4170 509 4213 8
526 4161 599 4212 stud.
619 4158 692 4213 1889
706 4178 734 4228 p.
752 4156 814 4212 888
829 4160 939 4228 redigat
951 4161 1029 4214 mn
1079 4162 1114 4214 aa
1133 4168 1164 4215 ut

79 4247 108 4301 R
126 4252 159 4300 ut
176 4238 189 4298 i
206 4244 250 4298 hia
269 4246 352 4299 ΡΤΕ.
