2790 4844
94 293 96 299 ¹
147 225 210 290 686
495 223 612 277 suncti
631 223 763 277 Hilarii
781 223 939 292 episcopi

147 416 295 500 gaudium
319 421 374 492 est,
397 416 529 495 idipsum
555 434 610 478 nos
633 434 752 494 sapore,
776 433 882 479 amore
905 413 1014 479 eudem
1047 416 1219 494 contineri,
1252 436 1302 498 per

146 521 235 585 unius
258 539 368 585 sensus
391 519 579 584 sententium
609 518 772 583 unanimes
802 538 995 599 permanere,
1027 538 1089 583 non
1127 539 1187 600 per
1209 540 1298 586 aemu-

146 624 292 689 lationem
315 624 463 704 separari,
498 643 599 706 neque
629 623 806 703 perinanis
830 621 937 706 gloriae
967 622 1105 688 studium
1139 624 1296 702 dissidere

148 749 207 793 non
232 749 295 805 sua,
318 730 373 792 sed
398 726 527 792 eliorum
550 746 804 811 unumquemque
834 728 970 811 cogitare
1000 735 1159 808 oportere,
1191 735 1226 794 ut
1257 749 1293 804 ea

108 857 121 895 s
148 833 259 918 quibus
281 831 389 897 alieuae
412 831 584 896 noluntates
600 833 630 896 in
647 832 812 896 concordia
828 832 1002 896 detinendae
1017 832 1089 910 sint
1116 833 1291 918 cogitemus.

148 937 231 1021 quod
261 936 320 1001 alic
351 937 381 1000 iu
412 935 478 1000 loeo
508 939 657 1001 admonet
679 937 800 1002 diceus:
837 937 869 1000 si
904 936 1109 1017 possibile
1146 945 1221 1018 est,
1253 956 1289 1002 er

149 1042 263 1106 uobis
295 1040 342 1104 ad
377 1060 512 1105 ornnes
536 1060 674 1122 pacem
697 1040 908 1105 habentes.
954 1040 1105 1106 exnobis
1130 1041 1287 1115 uultnsa,

148 1150 190 1222 ut,
213 1146 238 1209 si
263 1143 408 1224 possibile
430 1149 487 1220 est,
510 1165 569 1225 pax
592 1146 631 1208 ad
655 1163 762 1209 omnes
785 1145 833 1209 sit.
877 1143 1019 1209 uoluntas
1035 1150 1145 1210 nostra
1161 1147 1285 1210 omniun

149 1250 291 1313 amicitiis
316 1249 420 1314 dedita
443 1250 491 1324 sit,
514 1249 539 1313 si
563 1255 594 1313 ct
616 1254 786 1314 ceterorum
811 1255 920 1314 natura
942 1247 1057 1313 habeat
1079 1251 1169 1330 pacis
1192 1249 1247 1315 adl
1270 1283 1284 1303 .-

97 1376 122 1412 ιο
149 1360 231 1433 tum;
265 1354 434 1418 dummodo
468 1373 528 1417 non
563 1373 600 1417 ex
633 1353 722 1417 uobis
756 1372 850 1417 causa
880 1359 933 1417 aut
955 1353 1135 1434 interruptae
1159 1361 1281 1419 autnon

150 1464 339 1522 conseruatae
361 1458 447 1539 pacis
481 1458 600 1522 existet.
648 1457 707 1522 luce
729 1457 833 1540 itaque
856 1457 966 1537 populo
989 1457 1040 1521 dei
1062 1459 1214 1542 congruit
1235 1457 1281 1521 sut

149 1581 209 1626 uno
232 1567 318 1642 petre
341 1562 453 1627 srutres
487 1581 564 1638 esse,
600 1562 657 1626 sub
691 1581 751 1624 unc
781 1561 890 1641 spiritu
913 1580 1008 1625 unum
1032 1581 1112 1639 esse,
1148 1562 1204 1627 snb
1231 1579 1280 1626 unu

151 1668 242 1729 domo
257 1666 430 1730 unianimes
445 1667 598 1740 incedere,
623 1666 679 1730 sub
695 1685 755 1729 uno
772 1665 872 1745 cupite
888 1665 977 1730 unius
993 1666 1132 1746 eorporis
1156 1666 1279 1730 membru

150 1789 228 1834 esse.
274 1789 334 1832 non
358 1771 440 1834 enim
464 1768 568 1835 oculus
592 1790 698 1834 aurem
728 1769 800 1843 odit,
830 1789 887 1835 uec
916 1789 1007 1834 nares
1029 1790 1065 1834 os
1088 1776 1278 1841 exsecrantur,

101 1895 126 1931 us
152 1892 208 1936 nec
233 1893 342 1938 manus
365 1878 478 1955 pedem
502 1876 627 1955 spernit
673 1873 739 1938 haec
771 1875 854 1938 enim
883 1887 917 1939 ut
945 1873 1056 1939 officiis
1087 1876 1201 1939 mutuis
1222 1873 1276 1946 sibi

150 1979 192 2042 ita
226 1985 256 2041 et
290 1997 394 2043 amore
429 1979 575 2043 destricta
608 1984 687 2068 sunt.
732 1977 790 2043 hoc
823 1979 992 2042 iucundum
1025 1985 1057 2043 et
1090 1979 1204 2044 bonum
1231 1983 1275 2050 est,

151 2082 290 2146 habitare
314 2083 426 2147 fratres
449 2083 479 2145 in
504 2102 608 2157 unum,
644 2083 674 2146 in
698 2083 809 2146 eodem
832 2101 910 2160 esse,
932 2082 1016 2146 idem
1041 2102 1119 2160 esse,
1144 2102 1198 2147 nec
1218 2098 1275 2146 cou-

149 2188 331 2270 gregatione
353 2185 420 2250 fieri
445 2206 502 2251 uec
525 2206 629 2251 amore
653 2176 803 2251 diuersos.

193 2291 221 2354 ll.
245 2288 502 2370 conparationem
526 2311 597 2355 uero
619 2289 709 2355 huius
734 2291 804 2355 boni
827 2291 1012 2375 iucundique
1046 2291 1196 2373 propheta
1215 2306 1272 2353 cou-

98 2394 249 2459 wstituit
292 2395 413 2459 dicens:
459 2395 565 2459 sicut
612 2401 860 2479 unguentum
899 2396 944 2460 de
990 2397 1142 2476 capite,
1186 2391 1270 2478 quod

151 2499 367 2563 descendit
404 2499 442 2562 iu
481 2498 644 2563 barbam
681 2501 829 2578 Aaron,
864 2501 968 2583 quod
1003 2499 1214 2565 descendit
1240 2496 1270 2558 in

150 2622 257 2667 nram
294 2603 537 2668 uestimenti
575 2604 670 2669 eius.
728 2604 833 2668 Aaron
873 2610 1047 2688 unguento,
1085 2605 1170 2669 cuius
1203 2617 1269 2666 conu-

151 2707 259 2786 positio
297 2713 328 2772 et
364 2705 502 2772 confusio
539 2727 576 2771 ex
613 2708 758 2772 odoribus
799 2708 988 2784 continetur,
1026 2714 1136 2773 unctus
1175 2713 1217 2772 est
1244 2703 1269 2765 iu

151 2810 352 2876 sacerdotem.
399 2810 480 2875 hanc
503 2812 767 2877 consecrationem
789 2813 882 2893 primi
904 2812 1074 2877 sacerdotis
1089 2814 1134 2878 sui
1151 2813 1269 2876 decess

97 2930 124 2968 2⁶
151 2914 332 2994 conplacuit.
379 2915 538 2979 dominum
571 2936 694 3000 quoque
727 2923 866 2981 nostmm
900 2915 1098 2983 inuisibiliter
1130 2924 1161 2982 et
1190 2915 1269 2979 inor·
1303 2976 1306 2982 .

150 3019 295 3099 puraliter
324 3026 449 3084 unctum
486 3040 555 3085 esse
589 3019 801 3104 cognouimus,
839 3040 907 3085 cum
942 3020 1069 3085 dicitur:
1103 3020 1210 3086 uurit
1240 3020 1268 3078 te

194 3204 306 3258 enom.
326 3205 386 3270 ΧΗ,
408 3207 446 3258 us.
483 3207 517 3258 as
535 3205 578 3258 rs.
597 3204 694 3272 xum,
712 3207 738 3258 e.

194 3362 257 3416 5in
285 3363 432 3417 concordia
459 3383 489 3417 er
515 3364 640 3418 incordia
667 3384 699 3418 m.
720 3365 736 3417 1
754 3366 780 3417 P
832 3367 921 3433 liquo
948 3364 1003 3418 alio
1023 3366 1048 3418 P
1100 3381 1135 3419 ex
1152 3354 1272 3419 uobusd

151 3465 244 3503 omnes
264 3450 338 3503 -si
363 3450 494 3519 possibile
521 3454 563 3504 est
589 3454 615 3504 iu
643 3470 725 3521 morp-
752 3470 840 3522 snper.
863 3453 924 3504 add.
943 3452 970 3504 P
1019 3451 1079 3505 usi
1098 3456 1126 3505 et
1147 3449 1233 3506 Petsi
1247 3445 1275 3499 Τί

151 3540 251 3590 ustura
268 3537 369 3591 habeat
387 3538 437 3589 PT
453 3543 552 3592 nutura
570 3555 624 3591 nou
642 3538 774 3592 habente
827 3540 861 3592 12
879 3539 945 3592 inter
971 3556 1028 3592 uuo
1054 3549 1078 3592 et
1101 3544 1182 3608 patre
1200 3541 1279 3592 lucum

151 3622 222 3675 1-5
250 3625 296 3677 lin.
316 3625 341 3677 Τ
393 3624 492 3678 iratres
519 3641 579 3679 esse
607 3626 658 3679 sub
683 3626 707 3678 V
730 3644 760 3679 en
786 3644 834 3678 usn
853 3626 941 3679 Hilar.
968 3625 1069 3679 fratres
1097 3631 1126 3680 et
1150 3628 1203 3690 sub
1222 3621 1283 3680 ΡΤΕ

153 3711 185 3764 13
203 3710 357 3764 unianimes
376 3711 398 3765 V
415 3713 560 3765 unanimes
579 3713 656 3764 ΡΤΕ
707 3712 758 3766 sub
775 3729 830 3766 uno
849 3713 939 3781 capite
953 3710 1020 3765 T¹E
1034 3713 1087 3767 sub
1106 3731 1164 3768 uno
1183 3726 1288 3784 corpore

159 3796 186 3862 V,
200 3793 236 3848 7⁸
263 3799 290 3849 in
317 3815 408 3867 marp,
436 3800 487 3852 sub
514 3815 569 3851 uuo
596 3813 764 3866 corporze
783 3800 809 3851 Ρ
860 3802 894 3853 16
911 3799 1046 3852 destricte
1069 3818 1102 3854 ez
1125 3798 1291 3857 districta?

154 3885 184 3936 17
203 3884 382 3952 ῦςτοςαῐίοιιθ
409 3903 439 3938 ez
464 3885 627 3954 gregatione
647 3886 672 3937 P
722 3885 919 3954 eulampius
943 3887 992 3940 VT
1014 3886 1043 3939 iu
1068 3887 1164 3957 capite
1194 3891 1247 3944 rut
1262 3889 1294 3958 cf.

147 4040 176 4091 p.
189 4020 252 4088 687,
264 4020 303 4074 30
356 4027 388 4077 21
408 4024 437 4076 a
455 4024 569 4078 saraam
587 3981 659 4077 ‘aron
671 4023 736 4090 mr)
750 4025 951 4079 inuasuros
971 4025 995 4077 r
1009 4026 1038 4079 un
1050 4026 1171 4082 uanam
1184 4030 1296 4087 aarum

151 4109 244 4161 Aaron
272 4110 311 4161 Τὸ
370 4111 405 4163 24
422 4110 505 4179 primi
533 4110 684 4164 sacerdotis
712 4111 754 4164 sui
783 4112 833 4164 PT
833 4112 861 4164 E
884 4111 1006 4180 primum
1033 4115 1179 4170 secerdoti
1207 4117 1300 4175 ⁸ro

150 4196 184 4248 25
203 4200 230 4248 et
249 4196 461 4265 incorporaliter
481 4198 533 4250 ΤΕ
548 4203 577 4252 et
595 4198 778 4266 corporaliter
798 4200 884 4252 Pom.
910 4199 938 4252 V.
