2790 4844
371 305 554 353 tractatur
574 301 608 353 in
627 301 796 368 psalmum
817 299 901 354 LXV.
1148 300 1209 364 261

58 479 127 552 (tui
154 489 322 553 meminerit
356 491 515 555 dominum
547 492 577 554 in
609 489 780 574 euangeliis
815 490 946 554 dixisse:
982 491 1086 573 quod
1122 491 1211 554 dico

56 586 188 656 uObie
209 592 247 655 in
273 595 613 669 tenebris,dieite
636 595 674 658 in
699 594 1030 677 iumineetquod
1053 596 1091 656 in
1115 613 1211 658 aure

54 693 481 776 auditis,p1·aedieate
505 719 628 779 super
652 706 768 763 tecta.
802 698 878 763 deus
902 717 1036 780 namque
1060 698 1211 762 constanti

53 789 88 845 θῑ
125 799 245 879 publica
269 803 486 880 praedicatione
510 803 684 867 laudandus
708 811 762 879 est,
786 821 888 884 neque
911 802 1002 865 debet
1024 801 1054 864 in
1075 821 1210 866 comme-

53 904 226 968 morandis
248 905 416 971 uirtutibus
439 908 505 971 eius
529 906 607 972 fides
630 915 734 970 nostra
756 906 921 986 trepidare.

111 1003 164 1071 19.
187 1007 247 1073 Sed
272 1029 341 1092 quae
365 1012 490 1075 tandem
513 1031 573 1075 uor
596 1010 696 1075 leodis
720 1011 785 1075 aios
816 1010 914 1074 audiri
946 1008 1110 1075 efficienda
1143 1009 1211 1074 est?

53 1115 180 1189 nenipe
202 1132 246 1188 aa,
269 1115 352 1196 qood
376 1115 569 1180 credentium
601 1116 738 1179 animam
770 1115 903 1194 posuerit
934 1114 965 1177 in
995 1113 1099 1190 uitam,
1130 1112 1210 1196 quod

53 1214 240 1280 ateoreliae
263 1218 473 1296 praedieationi
496 1228 525 1284 et
549 1231 721 1304 martyrum
744 1217 931 1283 confessioni
954 1217 1158 1282 constantiam
1181 1226 1212 1281 et

55 1321 333 1385 perseuerantiam
373 1321 504 1406 largitus
542 1324 582 1387 sit
619 1323 795 1404 confitendi,
842 1342 974 1406 quorum
1019 1320 1210 1387 discursibus

55 1410 175 1487 orbem
197 1435 286 1490 terrae
309 1427 497 1510 quibusdam
521 1428 609 1511 quasi
635 1427 765 1508 pedibus
781 1426 913 1492 caelestis
928 1427 1018 1510 regni
1034 1425 1210 1506 praedicatio

58 1524 295 1594 transcucurrit
350 1531 389 1594 in
424 1551 578 1597 omnem
618 1534 721 1596 enim
760 1538 911 1596 terrem
949 1531 1049 1595 exiit
1087 1548 1209 1594 sonus

65 1634 214 1695 eorum.
260 1646 289 1698 et
312 1633 385 1698 alibi
408 1635 555 1715 spiritalis
579 1637 736 1700 discursus
759 1634 892 1718 gloriam
916 1633 1053 1699 clamans
1084 1633 1209 1717 spiritus

69 1736 205 1799 sanctus:
229 1740 544 1819 quamspeciosi
561 1738 1209 1823 pedeseuangelinantiumbona,

76 1839 448 1922 etlangeiizantium
472 1844 624 1924 pacem!
665 1842 733 1908 haec
754 1863 830 1927 ergo
852 1863 910 1906 nor
933 1842 1033 1908 laudis
1057 1842 1107 1907 dei
1130 1861 1210 1922 prae·

82 1923 238 2008 dicentium
253 1946 407 2012 audienda
423 1948 574 2029 praeconio
590 1953 644 2024 ast,
662 1945 811 2028 propheto
827 1953 970 2011 testante:
987 1947 1054 2030 qui
1071 1945 1209 2027 posuit

85 2044 240 2112 animam
264 2070 387 2115 meam
419 2052 467 2116 ad
500 2053 624 2117 uitam
648 2063 685 2117 et
707 2072 782 2116 non
817 2051 929 2114 dedit
963 2051 1208 2115 commoneri

87 2147 192 2217 redes
223 2172 337 2218 meos.
383 2157 548 2221 nonenim
574 2155 782 2221 humanarum
812 2155 1087 2219 comminationum
1121 2154 1209 2218 terri-

83 2248 147 2316 cutis
168 2275 186 2318 a
208 2276 299 2322 cursu
328 2261 555 2339 praedicationis
589 2280 652 2324 suae
686 2258 815 2340 apostoli
849 2258 958 2324 defleri
994 2267 1073 2335 sunt,
1109 2277 1209 2341 neque

80 2349 198 2423 firmitas
222 2363 336 2444 pedum
360 2364 570 2429 insistentium
593 2385 612 2427 a
633 2363 707 2429 fidei
729 2383 840 2447 gressu
862 2369 1017 2428 commota
1046 2368 1101 2440 est
1132 2362 1207 2445 quin

74 2475 190 2540 semper
211 2464 315 2530 iudicii
339 2476 371 2532 et
392 2469 498 2533 aeterni
521 2469 609 2553 regni
634 2469 794 2532 dominum
818 2469 1030 2549 praedicarent.

112 2565 160 2630 20.
183 2567 319 2635 Locutus
342 2580 446 2637 autem
469 2593 506 2638 ex
529 2574 619 2637 unius
642 2593 776 2653 persona
798 2573 925 2656 spiritus
948 2570 1119 2652 prophetia
1142 2589 1208 2633 rem

66 2669 168 2748 ipsam
192 2692 254 2737 non
277 2675 331 2739 uni
354 2682 473 2741 tantum
497 2677 614 2741 nomini
637 2682 799 2757 conpetere
822 2675 988 2759 significat.
1035 2694 1107 2739 nam
1137 2694 1209 2738 curn

62 2773 211 2839 dixisset:
236 2790 274 2842 et
296 2798 372 2844 non
396 2780 512 2846 dedit
534 2781 777 2846 commoneri
795 2777 1195 2860 pedeemeos,subiecit

58 2880 254 2962 quoniam
277 2883 464 2962 probasti
488 2905 566 2962 nos,
602 2886 709 2962 deus,
733 2884 827 2968 igne
859 2904 928 2947 nos
954 2882 1209 2955 examinasti,

57 2984 174 3047 sicut
198 2984 291 3069 igne
314 2989 568 3053 examinatur
591 2995 812 3066 argentum.
836 3008 937 3053 sermo
961 2989 1064 3070 itaque
1087 2991 1205 3067 coeptus

55 3107 96 3151 ex
123 3106 185 3150 nno
208 3088 342 3154 refertur
365 3093 403 3156 ad
427 3091 541 3173 piures.
588 3103 635 3157 est
657 3111 792 3174 namque
815 3112 896 3157 unus
919 3092 1054 3173 spiritus,
1086 3103 1116 3156 et
1145 3109 1207 3154 una

54 3192 256 3258 credentium
280 3192 359 3260 fides
383 3208 429 3260 est
452 3203 482 3262 et
504 3199 675 3262 secundum
699 3197 781 3279 quod
815 3197 846 3259 in
870 3197 967 3280 gestis
998 3195 1206 3275 apostolorum

55 3312 125 3360 est:
149 3305 237 3362 erat
259 3299 518 3366 credentium
541 3301 672 3364 anima
694 3320 770 3364 una
793 3310 830 3363 et
852 3320 918 3364 cor
940 3320 1068 3364 naum.
1113 3305 1206 3382 atque

106 3419 238 3474 matth.
257 3422 290 3485 Χ,
309 3424 351 3475 27.
391 3423 617 3486 ripaxvnne.
656 3424 687 3478 13
703 3423 780 3476 Rom.
797 3424 830 3489 X,
848 3425 886 3477 15.
923 3421 1207 3490 cenotaplvme.

101 3529 121 3580 3
140 3526 359 3580 constantiz-et
379 3526 458 3592 (erm.
477 3527 526 3593 a'i)
546 3529 572 3580 R
625 3530 641 3580 7
660 3527 733 3595 qnod
746 3547 776 3580 er
788 3535 855 3596 quot
869 3529 894 3580 R
947 3530 1009 3581 eet
1028 3543 1208 3594 perseueran-

54 3616 129 3667 tiam
149 3613 205 3665 RE
219 3631 267 3666 om.
288 3615 338 3666 Vr
391 3617 425 3669 10
442 3614 652 3683 pedibueRTE
667 3613 777 3668 fidelib:
799 3616 823 3665 P
876 3617 907 3668 12
926 3613 1086 3668 olamanali
1105 3613 1206 3666 clamat

54 3753 140 3806 ΙἾἘ
192 3754 224 3806 14
242 3760 270 3806 et
288 3753 540 3823 euangelizantium
558 3771 654 3822 paoem
674 3756 698 3806 Τ
750 3712 854 3807 ὴθθῦΙΐ
907 3755 939 3807 17
959 3753 1206 3806 comminationum

53 3842 94 3895 122
115 3840 337 3893 commutatione
363 3840 413 3893 PT
413 3860 431 3890 α
488 3842 520 3894 19
538 3859 554 3893 θ
572 3840 635 3894 fidei
663 3858 759 3910 gream
784 3842 838 3894 RE
863 3839 926 3893 fidei
954 3856 1066 3908 gressus
1096 3839 1120 3887 P
1141 3837 1206 3891 fidei

51 3926 228 3997 greum
279 3928 314 3980 20
333 3927 357 3981 dt
373 3945 445 3997 supr.
464 3945 513 3980 scr.
539 3947 571 3980 m.
592 3929 607 3979 1
628 3929 653 3980 R
706 3928 810 3981 aeterni
838 3928 916 3997 regni
943 3926 967 3975 R
993 3927 1071 3995 regni
1100 3926 1206 3979 aeterni

52 4015 108 4068 Vs
109 4013 139 4066 E
190 4015 225 4067 25
241 4014 315 4067 ricut
333 4014 397 4083 igne
416 4015 589 4069 examinatur
604 4016 629 4068 V
638 4015 672 4084 cs.
683 4017 801 4068 Sabatia
815 4015 852 4080 II,
866 4014 921 4068 128
940 4013 1013 4068 sicut
1031 4014 1206 4067 examinatur

52 4100 137 4156 RPT
137 4100 167 4152 E
216 4101 250 4153 rt
269 4098 405 4154 fidesic
424 4100 448 4154 dt
466 4101 618 4156 secundum
632 4100 712 4164 (eros.
731 4103 833 4155 uidetur
850 4102 1032 4171 interpunctio)
1052 4100 1118 4164 It(e)
1138 4099 1207 4153 fides

50 4185 213 4242 secundum
232 4186 297 4239 Pro
350 4188 537 4256 apostolorum
556 4189 635 4241 RPE
651 4189 853 4256 apostoliciaT
904 4188 938 4242 28
956 4187 1047 4241 anima
1067 4186 1206 4248 unaRcs.

51 4275 184 4326 ,eonon
200 4272 255 4335 ΙΙΙ,
273 4272 330 4326 514
348 4277 409 4328 oda.
427 4275 519 4328 anima
538 4276 621 4328 ΡΤΕ.
