2790 4844
152 229 191 292 14
489 229 605 283 sancti
631 230 764 282 Hilarii
789 230 951 297 episcopi

149 418 294 482 contueri.
318 424 388 499 post
406 417 576 499 perfectam
591 418 672 482 euim
686 418 769 483 illam
784 419 1024 499 praecedentium
1037 419 1210 502 ogdoadum
1224 418 1294 483 doc·

149 523 261 586 trinam
287 521 344 586 hoe
367 521 518 586 canticum
541 522 693 604 graduum
715 523 747 587 in
775 523 951 606 quindecim
967 523 1105 604 psalmos
1122 544 1159 588 ex
1177 523 1296 587 duobus

148 627 295 708 perfectis
317 627 455 690 numeris
471 625 605 709 oportuit
621 626 794 704 conuenire,
810 625 1006 692 hebdomade
1021 626 1138 691 seilicet
1153 631 1184 691 et
1197 626 1296 709 ogdo·

150 732 217 808 ade,
248 731 278 794 id
311 737 359 795 est
389 731 520 811 septimo
556 738 586 794 et
623 736 728 794 octauo
751 750 888 794 numero.
933 751 1068 814 namque
1102 751 1157 812 per
1190 730 1297 795 obser·

111 869 123 902 a
149 836 286 899 nantiam
302 835 392 919 legis,
410 854 478 918 quae
501 835 532 897 in
549 834 745 899 hebdomade
769 841 816 898 est
839 835 1009 911 constituta,
1034 841 1064 900 et
1079 834 1296 919 euangelicum

149 940 330 1019 proiectum,
355 941 406 1022 qui
430 939 581 1023 ogdoadis
605 944 635 1002 et
657 939 800 1018 praesenti
826 938 976 1023 religione
994 948 1025 1004 et
1040 946 1163 1021 sperata
1185 959 1296 1019 expec-

149 1042 264 1107 tatione
287 1042 453 1126 perficitur‚
477 1042 536 1106 hoe
559 1042 678 1106 cantico
707 1041 859 1125 graduum
891 1042 921 1106 iu
953 1041 1089 1108 calestia
1119 1050 1150 1106 et
1180 1053 1296 1108 aeterna

149 1147 372 1212 conscenditur.
418 1167 491 1211 uam
509 1154 540 1210 et
555 1147 585 1209 in
610 1145 758 1225 templum
774 1166 830 1226 per
854 1146 935 1211 hunc
957 1166 1121 1212 numerum
1142 1148 1295 1231 graduum

148 1252 304 1334 principes
328 1253 524 1316 sacerdotum
542 1251 573 1314 in
592 1257 769 1315 sauctorum
793 1261 902 1314 sancta
924 1252 1132 1316 scandebant:
1157 1257 1197 1328 ut,
1222 1253 1296 1335 quia

148 1375 249 1438 neque
272 1354 444 1419 hebdomas
467 1353 546 1433 legis
569 1355 637 1418 siue
673 1352 904 1437 euangeliorum
935 1355 1084 1439 ogdoade,
1114 1375 1217 1438 neque
1241 1376 1295 1439 og·

150 1460 224 1523 doas
237 1457 468 1542 euangeliorum
493 1458 560 1522 sine
583 1458 661 1542 legis
684 1457 882 1523 hebdomade
909 1459 1007 1522 uirum
1025 1465 1131 1541 posset
1147 1468 1296 1540 praestare

149 1563 327 1644 perfectum,
352 1563 484 1645 quisque
506 1565 641 1643 perfecte
665 1563 850 1628 credidisset
873 1564 1042 1643 perfeetum
1065 1563 1148 1628 hunc
1173 1584 1296 1629 uerum·

149 1688 218 1750 que,
242 1667 295 1748 qui
319 1667 350 1729 in
382 1666 559 1749 quindecim
594 1669 748 1749 graduum
783 1668 903 1732 cantico
938 1674 993 1746 est,
1028 1667 1234 1733 hebdomadis
1266 1677 1297 1732 et

149 1770 298 1853 ogdoadis
321 1790 494 1835 numerum.
529 1770 580 1835 ille
614 1772 644 1833 in
680 1770 728 1834 his
758 1771 904 1854 perfectis
935 1778 966 1836 et
996 1773 1093 1837 beatis
1126 1778 1157 1836 et
1179 1773 1296 1837 sanetis

149 1881 325 1939 sanctorum
349 1874 506 1939 locaretur.

193 1978 243 2041 11.
268 1979 465 2062 Quamquam
488 1999 562 2045 uero
587 1977 653 2042 haee
677 2001 694 2043 a
717 1979 807 2043 uobis
824 1981 992 2044 secundum
1010 2000 1156 2044 numeros
1171 1987 1202 2044 et
1215 1980 1298 2064 legis

149 2082 365 2148 obseruatione
389 2083 576 2164 conplacitos
601 2091 631 2147 et
653 2083 684 2146 in
709 2090 903 2148 sacramento
933 2084 1115 2168 euangelica
1148 2085 1297 2148 distribu-

150 2195 197 2251 tos
219 2187 263 2251 ita
286 2188 369 2251 dicta
392 2189 461 2264 sint,
501 2193 605 2252 tamen
629 2187 765 2252 absolute
790 2188 1028 2271 uniuscuiusque
1052 2189 1175 2252 numeri
1200 2189 1298 2252 uirtu-

152 2300 214 2356 tem
249 2312 285 2356 er
320 2292 634 2376 superscriptionibus
668 2291 857 2372 psalmorum
897 2299 927 2357 et
965 2292 1116 2356 dictorum
1154 2293 1298 2376 ipsorum

148 2395 362 2479 intellegentia
396 2415 632 2479 consequemur.
680 2403 751 2460 suut
774 2403 877 2461 autem
908 2396 1204 2480 superscriptionum
1230 2416 1298 2465 otn-

194 2572 206 2622 l
222 2570 358 2622 contineri
377 2571 411 2622 l'r
423 2591 450 2636 α,
462 2573 508 2623 sed
518 2572 552 2639 cf.
565 2589 637 2640 supr.
648 2589 674 2639 p.
690 2569 734 2634 19,
744 2571 763 2621 ti
799 2525 857 2638 post
872 2589 938 2623 cota.
953 2589 985 2622 m.
1002 2571 1015 2620 I
1034 2571 1058 2621 V
1108 2570 1257 2638 bgradum
1279 2572 1304 2623 l'

149 2659 165 2707 3
175 2657 342 2709 ebdomadae
353 2657 459 2709 scilieet
469 2657 591 2710 ocdoada
607 2657 760 2725 Vepdoade
774 2658 881 2712 scilicet
891 2659 1025 2710 ocdoadas
1036 2678 1050 2709 r
1096 2660 1245 2724 anumque
1261 2658 1301 2710 b'r

149 2760 212 2794 nam
232 2743 260 2794 E
311 2743 397 2796 ‘thoe
423 2744 458 2796 l'r
477 2745 571 2796 istob*
622 2747 757 2798 8nsmet
776 2764 805 2796 es
823 2762 888 2797 nam
906 2763 972 2796 corr.
987 2743 1052 2796 ur.9
1072 2744 1094 2795 l'
1145 2745 1300 2798 bacanda·

148 2830 217 2882 bant
239 2830 304 2883 Vri)
331 2831 554 2884 conscendebant
580 2832 607 2883 Ε
660 2834 691 2885 10
709 2831 859 2885 hebdomas
879 2832 930 2883 Ed.
949 2831 1031 2883 basil.
1059 2830 1228 2884 obdomades
1265 2832 1299 2884 1’1

149 2914 315 2967 ebdomades
339 2915 390 2968 Vt·
408 2915 560 2969 ebdomada
578 2918 643 2968 lita
698 2919 731 2969 12
749 2917 783 2976 cf.
803 2934 868 2985 qaae
885 2919 916 2968 de
934 2918 979 2968 boc
1004 2919 1064 2980 loco,
1094 2919 1137 2985 qai
1164 2928 1224 2968 teoto
1251 2920 1283 2970 itt

149 3002 284 3053 uerborum
307 3005 501 3071 perturbatione
527 3006 555 3055 in
582 3006 675 3056 ilustris
703 3005 774 3055 libris
801 3005 890 3055 totietas
909 3003 983 3055 sabaia
1005 3005 1081 3055 sealde
1105 3017 1242 3073 correptus
1263 3017 1299 3057 est

149 3089 267 3151 traditus,
283 3090 451 3156 probabiliter
472 3093 508 3142 ito
530 3093 648 3142 sanando
673 3091 806 3158 disputasti
832 3092 904 3142 Stad.
932 3088 1004 3142 1886
1027 3108 1056 3160 p.
1083 3089 1151 3142 aaa.
1179 3091 1299 3159 quisquc

149 3173 196 3227 ille
220 3172 342 3241 perfecte
370 3173 519 3243 (perfectae
539 3174 574 3243 1)
612 3176 774 3229 credidisset
801 3177 831 3229 iu
858 3176 900 3229 his
926 3177 1058 3244 perfectis
1085 3183 1114 3230 et
1139 3178 1230 3231 beatis
1267 3185 1295 3232 et

149 3262 252 3313 sanctis
294 3267 423 3314 sanetord
464 3262 618 3330 perfectum
663 3262 736 3315 hunc
778 3279 938 3331 uerumque,
981 3264 1027 3331 qui
1070 3264 1098 3315 in
1135 3265 1295 3331 quindecim

148 3346 283 3415 graduum
304 3346 431 3415 (gradum
456 3347 490 3414 l')
510 3349 618 3402 cantico
637 3354 687 3416 est,
723 3349 883 3403 ebdomadis
903 3355 930 3402 et
949 3350 1081 3417 ogdoadis
1100 3348 1242 3415 (ocdoadis
1263 3353 1296 3414 t')

148 3451 295 3487 numerum
323 3437 448 3491 (numero
476 3432 500 3501 r)
529 3436 668 3489 locaretur
692 3437 728 3488 1⁷2·
755 3437 871 3504 quisque
895 3437 944 3489 ille
980 3437 1101 3504 perfecte
1129 3437 1295 3491 credidisset

148 3520 178 3572 iu
218 3519 261 3572 his
305 3521 436 3588 perlectis
478 3527 506 3574 et
547 3523 634 3575 beatis
677 3524 780 3576 sanctis
822 3529 980 3576 sanctorum
1023 3523 1176 3590 perlectum
1219 3524 1293 3577 hunc

149 3607 241 3659 uirum
267 3626 285 3674 q
311 3601 322 3659 ἶ
350 3608 510 3674 quindecim
536 3609 673 3676 graduum
707 3610 796 3663 cetico
826 3615 867 3662 est
895 3610 1074 3663 hebdomadis
1102 3616 1130 3663 et
1160 3612 1291 3679 ogdoadis

149 3699 266 3746 numeru
291 3694 395 3746 locaret
419 3693 468 3745 ait*
493 3712 546 3762 quo
571 3713 656 3764 usque
682 3697 731 3749 illa
755 3695 813 3762 (ille
832 3701 855 3757 t)
874 3697 996 3764 perfecte
1020 3697 1184 3750 credidisset
1202 3698 1232 3750 in
1250 3698 1290 3750 his

148 3779 279 3848 perfectis
315 3786 344 3833 et
367 3781 456 3834 beatis
481 3783 583 3835 sanctis
602 3789 758 3836 sanctorum
778 3784 917 3851 perfectus
935 3784 964 3836 in
983 3784 1034 3836 hoe
1053 3790 1178 3851 utroque,
1197 3785 1290 3852 quiin

150 3866 308 3933 quindecim
344 3869 480 3936 graduum
517 3871 625 3922 cantico
653 3875 702 3937 est,
730 3870 908 3923 hebdomadis
945 3875 973 3923 et
1009 3871 1141 3939 ogdoadis
1176 3889 1289 3925 numero

149 3952 288 4006 locaretur
307 3957 330 4005 tb
386 3957 417 4008 lb
436 3960 465 4008 et
483 3956 553 4021 legis
572 3975 602 4008 eu
620 3962 647 4009 et
667 3957 735 4024 legis
754 3962 782 4009 et
801 3959 862 4008 aa?
880 3958 902 4008 l'
918 3962 946 4009 et
958 3957 1054 4022 legisr
1072 3958 1101 4009 in
1115 3958 1184 4024 legis
1203 3978 1216 4008 ε
1235 3958 1291 4011 sine

149 4039 219 4106 legis
231 4042 275 4091 Da
332 4043 362 4093 lt
376 4043 546 4110 conplacitos
564 4045 585 4096 l'
598 4044 777 4111 complacitos
791 4045 852 4096 rlla
869 4045 1021 4111 completos
1040 4064 1052 4094 e
1088 4045 1257 4098 distributus
1275 4047 1295 4098 t

151 4128 183 4178 ts
193 4126 249 4180 sint
266 4125 350 4179 l'rd'a
360 4133 447 4181 sunta
482 4131 607 4183 absolute
623 4131 795 4183 l'absolutae
805 4151 819 4182 i·
829 4131 980 4184 absolutius
992 4132 1019 4181 E
1053 4131 1111 4183 ueri
1122 4131 1258 4184 uirtutem
1273 4135 1296 4186 tf

149 4212 202 4265 uiri
212 4214 331 4267 uirtutes
341 4236 355 4267 t·
398 4217 432 4270 20
442 4216 663 4284 intellegentiam
677 4218 712 4270 Vi·
739 4234 921 4285 conseq.mur
935 4218 957 4270 l'
985 4217 1294 4285 superscribtionumls.
