2790 4844
144 243 209 311 868
495 245 610 298 sancti
629 241 763 296 Hilarii
782 242 945 311 episcopi

145 436 308 502 creationis
331 435 501 500 secundum
529 434 682 518 originem
706 434 755 499 dei
779 432 1075 516 similitudinemque
1099 433 1214 498 sortita
1236 442 1298 509 est;

146 541 202 606 sed
222 540 334 605 iudicio
358 559 391 604 se
415 538 617 604 immutabilis
633 538 682 603 dei
698 539 871 604 secuudum
888 538 1134 604 demutationem
1152 536 1296 602 humane

129 624 315 709 'uoluntatis
349 649 442 726 atque
475 643 594 708 arbitrii
628 648 822 724 temperante
856 648 933 720 tum,
964 642 1037 725 quia
1059 649 1246 722 peccassent
1268 652 1296 704 et

146 753 279 831 agerent
293 746 477 829 pauit-enda,
493 747 641 827 paenitere
665 766 707 822 se,
732 746 805 831 quia
827 746 951 812 fecisset
970 745 1144 823 hominem,
1167 752 1294 810 testatus

109 876 122 913 s
149 859 204 918 est.
251 857 283 915 at
304 871 378 916 uero
401 851 476 931 ipsis
499 850 559 915 illis
582 871 619 915 er
643 856 769 932 peccato
793 851 823 914 iu
847 850 941 915 uitam
965 849 1144 915 reformatis
1168 849 1294 931 depulso

148 955 333 1037 penitentia
364 953 500 1038 querella
531 955 592 1019 iam
616 954 800 1036 beneplaciti
823 956 854 1019 iu
879 974 929 1019 eos
953 953 1093 1020 adfectus
1117 955 1292 1018 ostenditur.

149 1058 339 1126 reconciliati
373 1059 457 1123 enim
492 1078 598 1124 sumus
631 1078 687 1139 per
716 1078 825 1138 corpus
856 1059 1094 1143 etsanguiuem
1120 1056 1290 1123 Christian

149 1163 282 1228 inimicis
305 1164 335 1227 iu
359 1162 440 1228 filios
464 1164 531 1239 deo,
556 1183 627 1228 cum
651 1163 739 1227 nobis
763 1164 868 1227 aterni
893 1163 1063 1227 sacerdotis
1086 1161 1286 1242 placationem

149 1267 341 1348 iupaeniteuti
357 1272 551 1332 sacramento
572 1268 788 1347 spopondisset
809 1265 961 1347 propheta
977 1266 1115 1331 dicente:
1141 1266 1287 1329 iurauit

98 1371 344 1447 rodominus,
383 1360 458 1435 non
492 1371 710 1451 paenitebit
743 1391 844 1435 eum:
879 1378 916 1435 tu
951 1390 992 1435 es
1026 1370 1221 1435 sacerdos
1253 1369 1284 1432 in

150 1483 341 1540 aeternum
376 1476 597 1540 secundum
626 1476 809 1541 ordinem
841 1473 1166 1540 Melchisedech.
1210 1493 1283 1539 com·

151 1579 297 1659 placitum
332 1599 406 1663 ergo
430 1585 485 1656 est,
518 1581 599 1663 quod
629 1581 813 1661 inpaenitens
844 1600 913 1644 esse
942 1580 1078 1644 iuratum
1103 1584 1151 1644 est
1173 1579 1209 1660 ei,
1231 1598 1281 1661 quo

149 1689 301 1769 regnante
324 1685 494 1748 secundum
526 1684 667 1749 ordinem
689 1683 932 1766 Melchisedech,
963 1684 994 1749 id
1023 1693 1074 1748 est
1104 1684 1236 1767 gentium
1257 1687 1280 1744 et

149 1807 224 1872 rege
248 1796 278 1852 et
301 1789 462 1852 sacerdote
484 1789 618 1869 primum
644 1789 814 1853 mansuetis
837 1788 929 1864 salus,
953 1789 1065 1853 deinde
1082 1788 1222 1869 splendor
1240 1796 1276 1849 est

98 1920 123 1958 1⁶
151 1891 266 1956 sanctis
289 1890 495 1956 exultantibus
519 1912 612 1973 super
634 1913 742 1976 regem
766 1912 866 1957 suum.

195 1996 223 2059 4.
249 1995 310 2060 Sed
335 2001 404 2076 post
425 2002 601 2061 saut-torum
632 1997 764 2081 gloriam
795 1995 1041 2078 intellegendum
1065 2002 1121 2072 est,
1156 1995 1222 2079 quid
1243 1993 1272 2055 nd

151 2101 262 2165 cantici
278 2101 350 2164 noui
365 2098 591 2181 plenitudinem
608 2107 828 2184 consequatur:
852 2100 1102 2166 laetabuntur
1125 2101 1161 2163 in
1184 2097 1271 2163 cubi·

153 2203 261 2270 libus
285 2205 377 2269 suis.
425 2204 709 2270 exultationes
741 2206 804 2271 dei
827 2206 866 2269 iu
889 2211 1055 2289 gutture
1089 2205 1269 2276 eorumot

153 2307 284 2392 gladii
307 2308 370 2373 bis
393 2309 500 2373 acuti
524 2310 562 2372 in
587 2309 772 2374 manibus
799 2311 988 2390 ipsorum.
1035 2308 1097 2372 iam
1121 2329 1178 2372 nou
1199 2304 1268 2369 lacn·

99 2439 124 2474 a>
155 2413 214 2477 mis
238 2418 368 2477 stratum
403 2413 563 2497 rigabitur,
598 2433 656 2479 neo
677 2414 708 2477 in
734 2412 794 2478 hoc
816 2414 924 2478 mortis
955 2432 1082 2494 corpore
1117 2408 1268 2496 degentiun

153 2517 191 2582 ob
215 2517 332 2597 peccati
365 2517 580 2581 necessitatem
614 2537 649 2582 uc
685 2516 822 2583 dolorem
857 2518 999 2583 noctibus
1033 2515 1164 2601 siugulis
1195 2515 1268 2579 lectus

151 2619 312 2685 lauabitur.
357 2621 388 2686 in
423 2619 575 2687 cubilibus
610 2622 690 2686 enirn
727 2623 787 2686 iam
822 2623 885 2686 suis
919 2622 1015 2686 sancti
1050 2619 1224 2685 letabuntur
1247 2617 1268 2678 in

151 2724 257 2809 gloria,
282 2733 314 2791 et
336 2726 374 2789 ob
398 2726 429 2789 id
454 2726 503 2790 dei
528 2725 730 2791 exultationes
753 2745 877 2807 semper
892 2726 923 2789 in
941 2731 1074 2810 gutture.
1120 2746 1175 2806 per
1195 2720 1270 2807 sigui·

151 2829 324 2895 ficationem
360 2832 491 2914 gutturis
527 2830 654 2894 internas
688 2831 885 2896 conscientiae
918 2836 1107 2911 protestatur
1129 2829 1271 2894 adlectum.

98 2957 123 2995 n
152 2934 207 2998 sed
241 2953 340 3017 neque
375 2934 472 2999 solum
508 2935 538 2997 in
574 2954 678 2999 eorum
702 2941 826 3019 gutture
849 2933 992 2999 exultatio
1015 2934 1065 2999 dei
1096 2941 1152 3007 est,
1183 2945 1271 2997 uerunt

152 3038 245 3103 etiam
268 3038 403 3117 ipsorum
429 3059 539 3103 manus
564 3039 611 3103 bis
634 3039 740 3104 acutis.
753 3037 866 3123 gladiis
885 3038 1094 3103 armabuntur.
1142 3033 1275 3102 hacfiliis

152 3141 226 3206 Sion
265 3143 399 3226 cognitio
439 3143 522 3226 regis
552 3143 695 3227 indulgit,
729 3143 842 3226 quibus
877 3142 907 3205 in
938 3140 1043 3207 choris
1078 3142 1276 3226 tympanisque

153 3245 354 3326 psallentibus
389 3247 539 3328 disposita
573 3248 612 3312 sit
641 3255 672 3311 et
694 3246 776 3312 salus
799 3253 831 3311 et
853 3246 952 3330 gloria
975 3252 1006 3310 et
1028 3245 1134 3311 laetitia
1158 3254 1189 3311 et
1209 3241 1279 3311 exul·

153 3351 225 3415 tatio
261 3358 291 3416 et
321 3356 464 3432 potestas.
509 3372 582 3416 nam
616 3357 797 3432 potestatem
830 3352 862 3415 iu
893 3349 996 3434 gladio
1027 3351 1197 3434 significari
1230 3355 1283 3413 tun

195 3541 273 3595 ers.
294 3542 361 3607 Clll,
380 3545 404 3594 t.

194 3698 319 3766 datique
333 3699 358 3750 R
411 3704 583 3767 temperante
592 3700 688 3752 Bened.
699 3702 883 3767 temperantes
897 3699 944 3752 Ru
997 3705 1057 3752 tum
1075 3699 1175 3752 Bened.
1194 3697 1292 3753 dumll

152 3790 315 3851 peccassent
342 3786 367 3838 R
420 3786 597 3854 dquaerella
624 3787 649 3839 R
708 3785 925 3855 lliupaenitenti
953 3786 978 3839 R
1006 3787 1034 3839 in
1063 3787 1254 3854 poenitentiae
1276 3801 1294 3835 a

152 3871 406 3939 impoenitentiaeb
462 3875 494 3928 10
512 3872 615 3928 nonR¹
633 3891 684 3927 nec
702 3891 768 3927 corr.
783 3873 820 3928 Β*
838 3879 866 3926 et
883 3874 965 3926 nond
1021 3876 1049 3926 ll
1070 3872 1298 3927 melchisedehR

152 3959 347 4025 complacitum
379 3979 408 4013 ea
438 3961 623 4028 compecitum
654 3980 686 4015 m.
718 3960 735 4012 1
763 3961 789 4013 R
849 3963 882 4013 12
907 3959 932 4012 ei
962 3977 1017 4028 quo
1048 3967 1185 4028 regnante
1214 3962 1229 4013 b
1256 3961 1299 4014 cui

152 4046 342 4111 regnanrcltu
392 4048 422 4100 19
440 4047 551 4114 glediR
597 4050 627 4101 21
650 4048 776 4101 noctisll
822 4049 857 4101 23
875 4046 1082 4102 exultationeli
1129 4048 1298 4115 gutturaeR

151 4131 185 4182 24
204 4132 384 4186 conatientiae
404 4135 429 4186 h
481 4137 513 4188 27
534 4135 654 4204 indulgit
673 4136 698 4187 R
726 4134 773 4204 (cf.
801 4135 875 4187 Neue
899 4135 1030 4187 Formeal.
1050 4134 1089 4199 11,
1109 4134 1181 4200 327)
1237 4137 1300 4189 tim·

150 4217 284 4286 panisque
303 4219 328 4271 h
380 4222 414 4285 29
434 4220 584 4289 significari
603 4227 663 4275 tum
682 4224 727 4284 (on
746 4221 839 4288 euml)
859 4222 955 4275 Benerl.
974 4219 1168 4289 significantid
1187 4224 1244 4276 Ru.
