2790 4844
325 282 505 331 tractatus
524 277 559 329 in
578 277 748 343 psalmum
768 275 888 331 Clllllll.
1115 279 1177 345 467

78 587 281 670 Quomodo
317 587 442 654 dilexi
476 587 609 673 legem
643 596 760 665 tuam,
784 588 960 654 domine!
995 599 1079 655 tota
1114 592 1179 657 die

78 693 248 758 editetio
272 704 335 758 est
357 691 467 758 mihi.

78 797 105 862 1.
129 795 215 863 Utile
238 795 298 863 hoc
321 797 410 862 uobis
434 816 472 862 ac
494 797 706 862 necessarium
728 795 887 878 prophetae
910 817 988 881 opus
1011 805 1065 877 est,
1096 800 1177 882 quod

106 901 279 982 perfectam
314 902 362 967 dei
398 900 606 985 cognitionem
639 908 732 983 atque
762 900 979 967 obeditionem
1002 904 1176 968 edocemur.

78 1004 152 1070 abus
176 1006 269 1070 rebus
293 1005 428 1071 maxime
451 1005 622 1070 infirmitati
657 1012 770 1071 nostrae
805 1006 951 1090 congruis
974 1006 1120 1073 instituit:
1142 1018 1177 1073 ut

80 1110 188 1185 deum,
212 1110 265 1192 qui
287 1110 450 1194 ignoratus
473 1109 522 1188 sit,
545 1109 723 1174 nouerimus
746 1116 776 1176 ot
799 1109 954 1176 mandatis
978 1110 1043 1176 eius
1066 1130 1177 1177 secun·

78 1233 104 1278 n
138 1211 328 1278 uoluntatem
363 1212 479 1279 decreti
513 1214 561 1279 sui
596 1214 853 1298 obtemperemus.
898 1213 1068 1295 perfectum
1092 1216 1175 1281 enim

78 1318 116 1395 is,
153 1317 374 1400 prophetarum
411 1325 442 1383 et-
476 1317 707 1402 euangeliorum
740 1317 842 1383 uirum
876 1317 908 1382 in
942 1319 1025 1383 omni
1064 1319 1175 1401 psalmi

78 1442 118 1487 us
154 1441 282 1505 corpore
316 1419 469 1502 propheta
499 1422 671 1487 conformat
693 1421 743 1487 uel
766 1443 805 1487 ex
827 1436 883 1488 sua
906 1421 956 1488 uel
979 1443 1018 1488 ex
1039 1421 1174 1501 alterius,
1202 1481 1203 1485 ,

78 1545 125 1591 sm
161 1526 307 1605 instituat,
329 1545 469 1607 persona,
504 1527 553 1592 oui
588 1526 620 1591 in
654 1526 768 1591 fiducia
802 1526 850 1602 sit,
885 1525 1174 1612 necesseque

78 1630 169 1696 ›iecta
192 1638 271 1705 sunt,
295 1630 475 1710 praedicare.
521 1637 569 1695 est
591 1637 692 1696 autern
709 1631 839 1715 dignum
863 1631 1010 1707 contueri,
1027 1651 1088 1715 qua
1103 1652 1173 1698 uer·

78 1754 142 1798 um
165 1733 333 1818 diligentia,
356 1754 418 1818 qua
440 1733 661 1819 intellegentias
684 1734 877 1801 absolutione
900 1754 956 1800 nos
979 1736 1011 1801 in
1042 1735 1173 1821 singulis

78 1838 206 1921 ‚busque
229 1839 382 1903 dictorum
405 1838 574 1923 generibus
597 1838 748 1920 propheta
770 1838 941 1905 confirmet.

78 1940 102 2006 1.
127 1941 210 2008 Dicit
234 1943 371 2008 enimin
406 1943 504 2009 tertiae
538 1943 667 2008 decimes
700 1941 808 2008 litterae
832 1963 941 2008 uersu:
975 1944 1172 2027 quomodo
1200 1971 1203 2004 :

78 2043 157 2112 leri
180 2045 313 2132 legem
336 2055 451 2121 tuam,
475 2047 648 2112 domine!
679 2055 763 2113 tota
786 2048 850 2113 die
873 2047 1088 2112 meditatio
1111 2055 1172 2114 est

78 2147 135 2216 ihi.
181 2158 360 2233 promptum
383 2153 490 2235 utique
514 2150 615 2217 suerat
638 2152 768 2218 dixisse:
800 2153 955 2235 quomodo
985 2151 1046 2217 feci
1069 2151 1173 2237 legem

78 2255 128 2319 un!
173 2256 229 2321 sed
253 2257 327 2339 quia
348 2256 449 2321 maius
473 2256 618 2321 meritum
652 2262 710 2333 est,
745 2261 901 2321 amantem
933 2255 1049 2340 aliquid
1071 2256 1172 2337 potius

78 2375 122 2424 ere
145 2379 240 2444 quam
262 2360 433 2438 timentem,
456 2361 572 2426 idcireo
595 2359 652 2424 ait:
686 2366 726 2425 ut
748 2358 877 2424 dilexi
900 2358 1032 2444 legem
1055 2368 1171 2425 tuam.

78 2455 130 2528 lert
153 2464 235 2528 enim
259 2464 350 2548 longe
366 2464 551 2547 obsequium
566 2465 680 2530 amoris
695 2485 714 2528 a
728 2463 848 2529 timoris
863 2462 981 2542 officim
1005 2463 1172 2530 nechabet
1199 2492 1203 2527 ι

78 2567 162 2633 uam
192 2566 357 2634 uoluntatis
391 2568 586 2634 necessitatis
620 2569 765 2649 operatio.
809 2588 870 2633 non
901 2568 1004 2633 omnia
1026 2568 1109 2634 enim
1132 2569 1172 2634 ad

78 2667 152 2738 fecti
173 2672 314 2755 obsequii
330 2672 629 2738 consummationem
643 2672 703 2737 sibi
718 2671 770 2737 illa
785 2670 949 2750 sufficiunt*
968 2691 1045 2756 quae,
1062 2661 1177 2756 quam-¹

96 2796 174 2857 opus
198 2796 289 2841 suum
311 2774 456 2856 inpleant,
480 2782 593 2853 tamen,
617 2777 689 2859 quia
711 2781 817 2842 coacta
840 2784 919 2853 sunt,
943 2775 1052 2842 merito
1071 2775 1170 2858 plenae

81 2880 137 2945 tice
158 2880 310 2965 indigent.
355 2879 420 2944 uult
452 2880 548 2965 igitur
581 2879 733 2961 propheta
767 2900 845 2961 opus
879 2899 968 2945 suum
998 2878 1169 2947 dilectionis

78 2975 128 3049 ius
151 3004 246 3068 quam
268 2983 497 3059 terminasse,
520 2993 551 3049 et
574 3004 612 3049 ex
634 2986 761 3050 caritate
784 2985 970 3068 obsequium
985 3003 1084 3063 suum,
1106 3004 1169 3050 nou
1196 3009 1203 3046 r

81 3095 172 3154 metu
192 3089 316 3169 suscipi.
361 3087 449 3154 multi
465 3088 611 3169 ieiunant,
635 3089 709 3153 dum
726 3088 849 3155 anobis
871 3088 1028 3173 obiurgari
1051 3089 1169 3155 timent

78 3182 113 3257 lti
136 3192 253 3277 aliquid
283 3193 315 3257 in
345 3212 437 3258 usum
460 3192 667 3277 indigentium
701 3193 850 3273 praebent,
885 3193 959 3259 dum
993 3194 1168 3274 exprobrari

78 3291 235 3382 nigronum
259 3295 396 3361 auaritiae'
419 3316 483 3362 suae
506 3305 537 3362 et
558 3296 700 3362 inutilem
723 3297 924 3378 cupiditatem
936 3296 1168 3378 pertimescunt.

78 3390 111 3466 lti
134 3400 300 3467 eeclesiam
330 3401 454 3473 adeunt
485 3401 559 3465 dum
591 3401 678 3484 argui
702 3400 874 3466 absentiam
899 3420 987 3466 suam
1010 3408 1042 3466 et
1064 3399 1169 3485 negle-

78 3506 164 3570 uiam
199 3504 393 3570 erubescunt.
440 3504 497 3569 sed
531 3525 592 3569 non
630 3524 738 3570 omnes
776 3505 816 3581 id,
855 3506 936 3589 quod
976 3504 1102 3581 faciunt,
1137 3514 1168 3571 et
1195 3526 1203 3565 a

78 3672 167 3727 usn
192 3671 227 3737 (q
253 3672 276 3724 r
324 3672 392 3726 aue
417 3672 505 3726 suen
531 3673 589 3726 nr.
614 3672 661 3726 ro
710 3673 807 3727 amsa
831 3677 846 3725 e
873 3640 909 3725 c
944 3673 1036 3752 aquo
1063 3671 1099 3726 ae
1120 3672 1170 3743 pn

78 3759 212 3815 &electum
245 3758 271 3813 l'
328 3758 469 3814 (iduabns
496 3776 545 3813 nos
564 3760 646 3814 rebus
662 3760 697 3829 pb
760 3759 887 3813 maximis
912 3758 937 3811 V
985 3758 1107 3813 instituti
1132 3759 1168 3813 Vc

78 3839 122 3901 ius
146 3843 377 3901 aiusm.?1⁷
426 3848 683 3914 80ptemperamns
707 3844 755 3899 Vc
803 3848 866 3899 9et
884 3845 1082 3914 prophetarum
1106 3845 1169 3916 VCp

78 3933 267 4004 mimcpaar.
281 3950 313 3985 m.
327 3931 383 3986 11³
437 3935 470 3986 10
488 3930 631 3986 confirmat
647 3933 699 4003 Ope
754 3935 784 3986 ll
799 3930 958 3985 cuifidncia
972 3933 994 3985 (¹
1045 3933 1170 4002 liprae·

78 4022 150 4075 'rac'
191 4018 406 4075 lbobsolutione
422 4019 447 4071 V
489 4020 521 4073 ll
531 4016 677 4072 confirmat
683 4038 703 4090 p
748 4019 981 4110 ldmeritaldet'
1023 4019 1134 4088 aliquod
1150 4020 1172 4070 Γ

78 4141 157 4196 multi
174 4141 251 4232 euim
274 4139 380 4210 aliquid
404 4159 471 4196 eurr.
496 4159 528 4194 m.
554 4139 574 4193 2
603 4140 627 4192 l'
693 4142 727 4195 29
752 4140 881 4195 eclesiam
911 4140 1118 4196 Veccluesiam
1144 4141 1169 4196 R

78 4255 185 4318 ¹'leniam
201 4282 223 4333 p
276 4264 311 4316 30
328 4279 383 4317 nou
401 4280 449 4317 om.
474 4263 502 4316 l'.

962 4366 1013 4422 80*
