2790 4844
158 207 221 274 586
507 185 622 263 sancti
643 209 777 263 Hilarii
798 212 960 280 episcopi

200 400 228 463 9.
255 399 294 464 Et
317 401 431 465 ideirco
453 399 602 480 propheta
618 401 820 480 pertinaciam
845 402 911 481 spei
935 420 998 465 snae
1023 421 1123 484 usqne
1149 403 1188 466 ad
1213 403 1302 469 finem

157 505 345 584 accipiendae
361 504 582 574 misericordia}
599 506 788 568 demonstrat
804 505 926 569 dicens:
962 506 1017 568 ita
1040 505 1152 570 oculi
1176 510 1300 572 nostri

157 611 204 671 ad
243 608 450 673 dominum
488 610 603 672 deum
646 614 842 683 nostrum,
882 610 1009 673 donec
1055 609 1301 676 misereatur

156 712 284 776 nobis.
331 732 389 775 nou
415 713 538 788 decidit,
561 732 623 775 non
647 713 776 776 absistit.
801 714 902 777 tardet
923 711 995 777 licet
1010 714 1049 777 ad
1069 716 1298 795 temptationem

116 845 128 880 r
156 815 229 880 fidei
252 816 498 881 misericordiam
524 836 613 880 suam
637 816 787 882 dominus.
811 818 884 898 quia
906 816 984 881 fides
1000 825 1196 883 constantem
1214 821 1298 886 debet

155 927 302 1000 praestare
326 919 447 984 fiduciae
471 941 534 984 sure
559 921 803 999 expectationem
839 929 869 985 et
900 920 1073 1001 desperatio
1096 924 1202 988 omnis
1227 923 1298 988 disfi-

155 1023 267 1088 dentiau
291 1024 443 1088 contessio
466 1030 520 1088 est.
566 1024 620 1088 sed
645 1024 795 1104 propbeta
819 1045 877 1088 non
902 1024 1037 1089 incertus
1062 1031 1111 1090 est
1127 1025 1296 1092 misericor·

155 1128 213 1191 dieu
245 1128 310 1206 dei;
345 1148 419 1191 nam
453 1126 531 1193 oculi
566 1128 631 1192 eius
664 1128 695 1191 in
732 1149 811 1197 eum.
847 1128 946 1212 quoad
979 1148 1080 1211 usqne
1110 1130 1295 1196 misereatur.

154 1231 262 1295 intenti
294 1239 374 1306 sunt,
406 1232 515 1295 intenti
548 1239 650 1296 antem
682 1233 766 1308 adeo,
801 1239 835 1296 ut
868 1231 1029 1298 intentioni
1064 1253 1174 1298 eorum
1209 1236 1296 1299 cratia

102 1362 126 1397 ιο
154 1335 313 1418 geminata
336 1336 473 1400 subiecta
497 1336 543 1400 sit.
589 1335 631 1399 ait
654 1336 736 1400 enim
759 1341 828 1416 post
843 1337 926 1400 bac:
951 1336 1151 1402 miserere
1175 1339 1295 1403 nobis.

155 1440 324 1515 domine,
349 1439 546 1504 miserere
570 1440 696 1505 nobie.
742 1447 772 1504 et
794 1440 929 1504 intentus
949 1447 1042 1504 estet
1064 1440 1204 1507 intentus
1220 1450 1295 1507 orat:

154 1563 190 1606 ea
220 1543 337 1607 scilicet
367 1543 603 1623 perseuerantia,
635 1564 696 1627 qua
725 1544 866 1609 uitiorum
904 1544 984 1609 serui
1015 1545 1046 1608 in
1071 1545 1295 1611 dominantibus

154 1646 212 1711 sibi
236 1648 319 1711 uitiis
343 1649 551 1723 demorantur,
575 1647 627 1712 illo
650 1648 824 1712 certissima
856 1648 1005 1712 bonorum
1036 1654 1225 1714 aeternorum
1247 1670 1295 1730 spe

153 1757 184 1814 et
206 1751 350 1830 perfectae
373 1752 404 1815 in
428 1772 461 1815 se
485 1751 704 1816 misericordiae
727 1750 841 1816 fiducia
865 1760 1049 1832 perseuerat.
1136 1760 1139 1770 '

101 1887 126 1920 ιι,
198 1855 246 1920 10.
271 1855 415 1938 Sequitur
439 1876 519 1929 uero,
544 1864 576 1919 ut
599 1875 809 1934 seelrennmero
829 1856 1039 1939 cognonimus
1063 1856 1146 1922 hanc
1163 1857 1293 1922 fidelium

153 1978 241 2038 spem
279 1960 383 2041 granis
422 1959 597 2042 iniquorum
636 1959 816 2024 obtrectatio
853 1967 885 2025 ut
921 1959 1053 2024 molesta
1090 1960 1294 2045 malignorum

153 2063 321 2128 insectatio.
367 2064 516 2127 iustitiam
561 2064 645 2129 enim
691 2085 709 2127 a
754 2063 842 2127 nubis
877 2064 1039 2144 praedicari
1077 2065 1180 2129 inicus
1219 2066 1294 2140 odia

151 2167 331 2247 pudicitiam
348 2167 373 2232 si
391 2168 559 2245 landamua
584 2168 746 2248 inpudicus
767 2166 947 2244 offenditur;
971 2174 1148 2233 exsecratur
1163 2170 1195 2232 in
1212 2170 1295 2234 nobis

153 2271 285 2335 ebrietas
319 2272 440 2336 ieiunia.
493 2279 525 2336 at
557 2292 631 2336 uero
666 2292 736 2336 cum
772 2273 811 2335 ad
841 2271 1059 2336 liberalitatem
1090 2273 1294 2346 cohortamur,

100 2402 124 2439 ρο
151 2376 361 2455 insipientiam
395 2383 533 2440 nostram
568 2396 680 2440 auarus
715 2380 847 2440 accusat.
904 2395 973 2439 curn
1010 2373 1172 2441 Christum
1207 2379 1294 2443 deum

150 2481 356 2559 predicamus
379 2479 557 2555 cruciatum,
580 2479 760 2564 religionem
786 2479 910 2544 iudaeus
926 2485 957 2544 et
972 2479 1073 2543 omnis
1090 2499 1130 2544 ex
1153 2480 1296 2564 gentibus

150 2591 331 2665 persecutor
365 2586 535 2664 exprobrat.
581 2604 652 2648 cum
688 2584 834 2648 iudicium
870 2584 919 2648 dei
954 2591 1162 2663 expectamus,
1202 2583 1296 2650 offen·

150 2691 263 2753 duntur
286 2688 389 2752 saeculi
413 2708 504 2771 reges
528 2695 559 2753 et
582 2691 674 2752 deum
700 2687 850 2751 arbitrum
875 2688 945 2752 nitae
961 2688 1000 2751 ab
1017 2706 1206 2772 unoquoque
1223 2695 1296 2754 actae

149 2798 302 2858 recusant.
349 2812 419 2856 cnm
443 2793 700 2857 resurrectionem
724 2791 952 2869 adnuntiamus,
977 2797 1095 2854 mortua
1120 2811 1193 2856 cum
1218 2794 1298 2857 uit-iis

97 2923 121 2958 aa
150 2899 212 2963 suis
236 2896 406 2961 infidelium
431 2916 559 2975 corpora
582 2896 804 2960 contradicunt.
851 2895 946 2959 fidem
971 2913 1092 2977 quoquo
1118 2904 1261 2962 nostram
1283 2919 1299 2960 a

149 3002 219 3085 lege
249 3009 280 3065 et
310 2999 468 3080 prophetis
500 3007 530 3064 et
553 2998 724 3082 euangeliis
748 3006 778 3063 et
801 2998 945 3079 apostolis
980 3011 1160 3079 susceptam
1191 3022 1299 3066 omnes

149 3104 364 3170 haeretieorum
386 3103 535 3168 talsitates
554 3108 732 3184 coarguunt.
778 3103 934 3171 caedimur,
959 3101 1186 3179 maledicimur,
1212 3106 1299 3191 suga-

149 3230 225 3286 mur,
251 3228 398 3273 necamur
421 3208 513 3285 terro,
537 3207 680 3271 flammis.
716 3207 882 3287 prosund03
913 3207 1077 3271 desaeuitur
1100 3207 1133 3270 iu
1160 3217 1300 3275 nostram

190 3416 371 3514 3misereati
391 3458 415 3506 (l
468 3457 607 3510 4decidit
634 3457 685 3508 till
709 3455 812 3508 desiuit
831 3457 883 3507 PE
933 3456 1024 3509 tardet
1046 3456 1115 3508 (le
1142 3459 1242 3513 tradat
1261 3460 1301 3512 Pu

147 3548 163 3599 5
182 3547 264 3600 debet
283 3552 424 3613 praestare
437 3548 461 3594 (ι’
480 3549 622 3612 praestare
640 3542 786 3596 debetltE
802 3547 926 3629 prpatare
945 3541 971 3594 P
1022 3545 1037 3594 7
1057 3543 1204 3599 confessio
1224 3549 1301 3601 eatG

147 3685 281 3739 consessio
309 3685 345 3737 sit
372 3683 452 3735 RPE
508 3629 625 3749 Squoad
642 3700 708 3734 corr.
737 3700 768 3733 m.
799 3682 814 3733 1
842 3682 867 3733 a
932 3684 960 3733 ll
982 3682 1044 3733 orat
1073 3681 1161 3735 ΗΒΕ
1188 3694 1253 3738 erat.
1280 3686 1305 3738 P

148 3774 179 3825 15
198 3777 329 3825 secuntur
347 3772 373 3823 R
438 3773 468 3823 16
486 3769 613 3822 molestia
632 3769 657 3819 P
715 3770 747 3820 17
774 3768 868 3835 inique
887 3767 920 3833 (i)
941 3770 966 3819 (ι’
984 3768 1077 3834 iniquo
1096 3769 1125 3820 R
1144 3769 1305 3840 iniqubal’

144 3860 175 3912 al
198 3857 352 3912 cruciatum
378 3859 469 3926 scripsi
498 3855 542 3919 (de
569 3873 629 3907 uoce
657 3855 795 3907 cruciatus
821 3875 852 3897 =
878 3853 1027 3907 crucifixus
1054 3855 1090 3923 cf.
1119 3855 1200 3911 Lacr.
1231 3870 1301 3913 mort.

1091 3938 1099 3977 l

142 4015 211 4066 pers.
230 3996 262 4059 2)
283 3993 492 4060 cruciarizlri
516 4013 546 4047 ec
569 4011 643 4058 cora,
665 4004 756 4063 prostec
777 3994 792 4044 l
811 3995 858 4045 tiu.
877 3996 957 4056 erca)
976 3992 1002 4045 R
1029 3995 1146 4048 orucari
1167 3997 1195 4049 P
1211 4000 1302 4052 cruci·

145 4082 230 4135 fixum
249 4084 277 4134 E
327 4085 361 4135 ‘23
383 4082 417 4133 ab
436 4098 600 4148 unoquoque
625 4079 706 4160 baete
722 4080 748 4131 P
798 4081 831 4131 27
850 4079 1038 4132 hereticorum
1054 4079 1106 4131 (tlt
1166 4086 1204 4137 98
1224 4088 1301 4139 uesta

144 4185 304 4240 dccaeuitnr
322 4186 350 4237 in
369 4188 492 4237 nostram
511 4184 715 4249 uerecundiam,
734 4200 798 4251 ‹parue
816 4192 903 4235 extent
920 4183 948 4234 in
969 4182 1027 4248 GR,
1047 4200 1097 4235 om.
1118 4185 1155 4240 P.
