2790 4844
133 197 195 263 376
467 196 588 250 sancti
612 196 745 250 Hilarii
770 197 932 266 episcopi

133 389 254 453 ditati
278 390 381 452 estis
405 389 442 451 in
467 387 564 468 ipso,
589 387 625 451 in
650 389 755 451 omni
778 387 912 466 uerbo,
946 388 984 452 in
1016 390 1122 454 omni
1146 391 1270 456 scien·

131 493 198 558 tia.
243 493 274 556 in
310 492 357 557 his
391 512 465 576 ergo
500 492 586 556 diues
621 498 668 556 est
702 497 733 556 et
763 493 794 556 in
824 491 873 557 his
904 491 1074 557 delectatur
1104 494 1270 575 propheta:

131 603 268 662 ceterum
291 616 352 660 non
376 601 423 661 θεῖ
457 597 679 661 existimandus
710 596 903 662 saecularium
933 617 1026 680 opum
1056 600 1270 679 conparatione

131 701 299 768 delectatus
324 720 400 777 esse,
431 701 483 784 qui
514 701 574 765 nisi
604 720 676 765 cum
707 707 882 781 contemptu
913 707 1006 784 atque
1035 701 1140 783 inopia
1170 703 1270 768 seculi

91 829 104 867 a
131 806 217 871 diues
241 805 271 868 in
296 805 421 869 domino
444 825 513 870 esse
536 825 595 869 non
619 805 726 885 potnit.

175 909 225 975 10.
249 907 425 973 Delectatus
449 920 550 973 autem
586 910 616 973 in
640 909 699 974 uiis
722 909 967 973 testimoniorum
991 909 1041 974 dei
1071 930 1147 990 opus
1172 910 1271 976 delec-

130 1014 253 1078 tationis
276 1033 339 1078 suae
362 1033 455 1096 agere
478 1013 625 1090 debebat;
656 1019 688 1077 et
717 1033 777 1077 non
808 1013 988 1097 ambiguum
1013 1019 1069 1090 est,
1092 1014 1168 1098 quin
1192 1022 1270 1098 agat

130 1119 172 1182 ait
193 1119 275 1182 enim
300 1117 330 1181 in
355 1117 488 1196 septimo
510 1136 617 1181 uersu:
653 1118 689 1181 in
715 1117 916 1181 mandatis
945 1116 1025 1181 tuis
1050 1119 1271 1184 exercebor

128 1228 170 1286 et
200 1221 471 1286 considerabo
507 1222 595 1285 nias
630 1227 727 1285 tuas.
774 1221 992 1286 exercitatione
1024 1222 1121 1304 igitur
1154 1229 1187 1286 et
1219 1223 1269 1286 ad-

77 1325 272 1391 assiduitate
305 1345 381 1404 opus
416 1331 471 1402 est,
504 1331 538 1389 nt
570 1345 645 1389 usus
675 1344 778 1389 rernm
812 1326 1055 1390 necessariarum
1085 1327 1270 1404 retineatnr;

129 1430 202 1513 qnia
224 1427 394 1510 periculosa
428 1435 476 1493 est
505 1427 710 1493 humanamm
744 1429 896 1494 mentium
927 1435 957 1493 et
980 1428 1112 1493 molesta
1134 1430 1269 1496 desidia:

129 1553 173 1610 ac,
196 1552 235 1598 no
270 1533 322 1597 otii
353 1533 538 1598 consuetudo
573 1532 727 1613 subrepat,
760 1533 928 1598 adsiduitas
962 1533 1190 1598 exercitationis
1218 1535 1269 1598 ad·

128 1636 263 1702 hibenda
285 1643 341 1701 est.
387 1637 442 1702 sed
472 1643 608 1702 retentus
640 1638 732 1702 etiam
764 1636 815 1701 hic
848 1638 923 1702 ordo
946 1637 1074 1702 rationis
1097 1643 1153 1702 θεῖ
1198 1658 1269 1702 nam

128 1741 213 1821 prius
247 1742 434 1806 exercendus
469 1747 516 1807 θεῖ
538 1742 569 1804 in
593 1740 748 1805 mandatis
779 1741 837 1818 dei,
872 1747 934 1805 tum
971 1740 1082 1806 deinde
1115 1742 1175 1806 niae
1205 1742 1269 1806 eius

76 1866 101 1901 ιθ
129 1845 374 1922 considerandae3
409 1845 481 1928 quin
520 1846 577 1909 nisi
616 1844 753 1909 fidelium
793 1865 920 1925 operum
957 1864 1032 1910 usus
1070 1846 1269 1926 precesserit,

128 1949 274 2014 doctrinae
315 1949 448 2033 cognitio
481 1968 542 2012 non
577 1948 835 2030 adprehendetur.
878 1956 908 2014 et
941 1949 1095 2033 agendum
1129 1968 1148 2014 a
1183 1949 1268 2014 nobis

126 2057 217 2118 antea
239 2051 371 2117 fideliter
400 2061 455 2128 est,
485 2064 519 2117 ut
549 2054 709 2118 scientiam
744 2072 977 2136 consequamur.
1022 2052 1089 2118 uias
1112 2072 1198 2137 ergo,
1221 2073 1268 2118 se-

126 2157 261 2222 cundum
299 2158 490 2237 superiorem
533 2157 765 2237 expositionem,
803 2155 915 2240 legem,
952 2155 1127 2237 prophetas,
1165 2158 1269 2222 omnia

126 2261 289 2346 euangelia
312 2269 343 2325 et
364 2259 516 2342 apostolos
540 2281 609 2326 esse
631 2261 858 2326 existimamus:
893 2281 969 2344 qnos
993 2261 1023 2324 in
1048 2260 1204 2327 mandatis
1220 2261 1266 2326 dei

74 2382 99 2420 2⁰
127 2385 160 2430 se
184 2385 329 2431 exercens
353 2364 503 2446 propheta
526 2365 740 2441 considerauit,
763 2372 797 2430 ut
818 2365 946 2430 nouerit.

173 2471 220 2535 11.
245 2468 402 2535 Conclusit
424 2475 527 2534 autem
546 2475 690 2534 octauum
706 2488 870 2534 numerum
886 2467 945 2534 hoo
960 2487 1067 2533 uersu:
1090 2469 1129 2533 in
1154 2470 1266 2534 iusti·
1330 2504 1384 2515 ‹-

126 2573 399 2638 ficationibns
434 2573 515 2637 tuis
549 2572 791 2650 meditabor,
823 2592 899 2637 non
930 2571 1160 2637 oblibiscar
1190 2593 1265 2639 ser·
1314 2592 1391 2619 -·

127 2697 278 2743 monum
313 2687 475 2742 tuorum.
521 2678 709 2742 adoctrinae
732 2678 878 2758 perfectae
901 2676 1007 2741 ordine
1029 2676 1185 2758 propheto
1207 2697 1265 2741 non
1329 2703 1352 2732 ι
1393 2705 1395 2727 r

126 2782 254 2848 excedit.
299 2783 329 2846 in
354 2781 628 2859 iustificationibus,
653 2801 731 2864 quas
754 2782 858 2846 doceri
889 2801 923 2846 se
953 2781 1058 2857 orauit
1089 2781 1264 2856 meditatur,
1285 2832 1311 2855 2

72 2901 98 2940 2⁶
125 2887 203 2952 sicut
225 2895 382 2951 exercetur
405 2887 436 2949 in
460 2886 623 2951 mandatis
670 2885 886 2950 mandatorum
917 2884 1000 2949 enim
1032 2905 1069 2949 ea
1098 2891 1147 2950 θεῖ
1180 2887 1394 2959 ratiost]

169 3007 462 3062 lutetiam-313
515 3009 544 3061 in
571 3009 646 3061 omni
673 3008 759 3061 uerbo
787 3027 817 3060 ea
844 3008 872 3060 in
900 3007 1028 3061 omnibus
1053 3007 1140 3062 uerbo
1165 3008 1188 3062 V
1238 3004 1394 3061 abidi

123 3148 199 3200 omni
218 3148 333 3201 scientia
353 3148 404 3200 Rc
419 3153 447 3201 θῖ
465 3148 494 3200 in
512 3149 587 3201 omni
609 3148 726 3201 scientia
739 3148 790 3218 pE
839 3099 913 3202 dest
928 3163 994 3200 corr.
1008 3146 1115 3201 ua2V
1166 3144 1346 3229 opus-CL)
1367 3140 1388 3188 (κ’

267 3245 280 3273 0

123 3287 186 3340 bin
208 3287 270 3369 ddm
302 3303 362 3340 esse
386 3289 411 3340 V
431 3289 460 3340 in
484 3288 626 3341 dominum
651 3304 710 3340 esse
729 3288 772 3357 Rp
791 3303 850 3341 θεεθ
878 3287 907 3340 in
934 3286 1090 3340 dominot'
1140 3252 1160 3340 6Ι
1175 3286 1306 3341 deleo‘
1323 3291 1364 3324 θ’

123 3391 206 3444 tionis
231 3391 256 3444 V
304 3391 457 3460 Saeptimo
477 3408 559 3444 uersu
583 3392 644 3460 de
698 3393 762 3444 9ct
779 3408 827 3443 om.
848 3391 886 3461 cp
913 3390 1094 3445 considerabo
1122 3408 1153 3444 cx
1177 3389 1303 3444 consi-⁹
1320 3402 1346 3415 ⁴

123 3478 240 3532 derabor
266 3498 298 3530 ru.
328 3480 342 3529 1
377 3480 399 3530 1·
456 3481 486 3531 ll
507 3476 604 3546 gentiii
636 3478 661 3530 V
711 3477 811 3531 disidia
842 3477 868 3530 V
927 3480 959 3530 12
977 3475 1029 3530 hae
1057 3477 1109 3530 Rc
1159 3477 1211 3531 otii
1237 3481 1331 3530 eff

122 3565 190 3618 otiia
208 3583 240 3618 m.
257 3565 273 3616 1
291 3564 316 3618 V
368 3568 399 3617 14
418 3565 602 3618 exercendum
621 3571 663 3617 ost
672 3566 722 3636 pE
775 3567 807 3617 16
825 3563 1065 3632 adpraehendetur
1079 3563 1105 3616 V
1114 3563 1310 3632 adprehen‘

122 3651 199 3705 ditur
218 3652 508 3721 Capprehenditurp
562 3654 593 3705 17
612 3658 676 3705 ante
701 3652 726 3703 V
776 3653 809 3706 18
827 3650 948 3719 profetas
967 3667 996 3702 er
1014 3649 1140 3719 profetae
1158 3669 1192 3704 m.
1212 3642 1296 3703 91:

123 3743 151 3791 et
177 3737 269 3790 omnia
295 3739 328 3791 Ve
383 3741 414 3791 19
433 3739 574 3806 apostolus
595 3739 618 3791 C
668 3756 735 3806 quaa
757 3740 780 3791 (Ι
829 3741 864 3791 20
882 3737 1068 3791 considerabit
1092 3737 1119 3790 V
1168 3739 1203 3796 21
1222 3755 1268 3792 oc·

121 3828 216 3876 taum
236 3824 477 3877 enodandae?
501 3826 525 3877 Γ
574 3824 817 3879 iustificationibus
843 3842 874 3878 cc
900 3821 1131 3877 iustificationum
1150 3822 1224 3878 n1.2
1247 3822 1272 3876 V

121 3912 156 3962 23
173 3911 299 3963 ordinem
327 3931 357 3964 ea
383 3912 480 3965 ordine
508 3911 578 3964 aa2
603 3913 626 3965 V
675 3914 711 3966 at
728 3909 832 3966 excidit
856 3912 910 3981 Vpe
962 3911 993 3963 in
1019 3908 1263 3966 iustificatiombua

121 3997 196 4049 deis
249 3997 347 4051 dooere
368 3998 417 4068 (³1st
472 3999 561 4051 orauit
581 4017 611 4051 ex
628 4003 710 4051 orant
736 4017 768 4051 m.
788 3997 807 4050 2
831 3998 856 4049 V
904 3996 1057 4050 meditatur
1084 3996 1159 4051 siout
1188 4014 1263 4052 exer·

121 4088 201 4136 cetur
217 4087 309 4154 scripsi
327 4084 375 4153 (cf.
395 4103 459 4153 θυαε
475 4089 632 4155 praecedent
650 4096 672 4137 ct
689 4084 822 4150 necentur)
848 4088 993 4138 exercetur
1021 4082 1094 4138 siout
1112 4084 1264 4140 meditator

128 4169 244 4240 VRCpE
293 4173 327 4224 25
346 4172 419 4224 enim
438 4172 505 4225 haec
524 4179 566 4225 est
584 4172 655 4226 ratio
676 4173 737 4242 (bb.
