2790 4844
1071 160 1087 207 b

150 243 211 309 168
486 246 601 299 sancti
627 240 761 297 Hilarii
785 242 946 309 episcopi

148 456 218 502 cum
241 435 406 500 infirmitas
429 455 588 516 corporum
612 433 797 511 detrahetur,
832 433 863 498 id
886 442 933 499 est
954 434 1058 515 lapsus
1082 443 1112 499 et
1136 435 1290 509 lucrimae;

151 547 225 617 tum,
241 559 310 605 cnm
326 539 551 621 corruptionem
573 539 759 619 incorruptio
782 538 951 618 deuorabit‚
968 544 1042 614 tum,
1066 559 1136 604 cum
1156 548 1291 605 mortem

148 650 281 723 potestas
303 643 474 708 inmortalis
493 643 679 722 absorbebit,
703 652 863 718 tumeam
886 643 926 707 sit
948 644 1024 707 deus
1043 644 1145 708 omnia
1168 645 1199 708 in
1224 665 1292 709 om·

149 747 248 825 nibus,
262 754 335 825 tum,
359 768 427 812 cum
449 747 551 812 lumen
575 748 745 812 uiuentium
762 747 802 811 sit
814 747 846 810 in
863 746 971 812 eodem
987 748 1156 812 uiuentium
1171 747 1291 814 lumine

108 876 121 915 s
149 854 206 917 deo
229 852 295 932 ipse
317 850 493 932 placiturus.
538 872 610 916 nam
635 853 659 916 si
684 852 742 917 sibi
769 851 800 914 in
817 851 970 916 erectione
987 852 1092 916 mundi
1116 855 1289 917 secundum

150 955 315 1040 Sapientia
338 957 562 1037 professionem
586 976 679 1037 super
702 955 774 1019 liliis
797 955 956 1020 hominum
980 956 1177 1040 adgaudebat
1191 965 1290 1037 pater,

148 1059 239 1145 longe
264 1061 365 1145 magis
388 1061 420 1123 in
450 1060 694 1126 reconciliatione
728 1060 835 1123 mundi
871 1059 1098 1144 intellegendus
1131 1069 1179 1125 est
1210 1062 1291 1144 patri

149 1183 218 1228 esse
240 1163 416 1245 placiturus.
462 1172 509 1230 est
532 1166 616 1230 enim
639 1164 703 1228 lur
734 1184 827 1229 uera
864 1165 1006 1237 mundi,
1037 1164 1291 1230 inluminans

149 1287 300 1334 omnem
339 1268 536 1333 hominem
567 1269 798 1333 uenientem
821 1269 858 1332 in
883 1268 986 1333 huno
1021 1271 1213 1346 mundum,
1238 1272 1292 1335 do-

63 1392 67 1408 *
96 1396 121 1434 lo
149 1373 249 1436 minus
284 1379 389 1438 noster
422 1373 510 1438 lesus
544 1371 693 1450 Christus,
728 1374 779 1456 qui
817 1380 864 1437 est
899 1373 1076 1438 benedictus
1109 1373 1141 1436 in
1176 1373 1291 1439 saeoulc

148 1477 338 1541 saeculorum.
383 1497 482 1541 sinen.

572 1604 755 1688 isumus
783 1604 863 1686 tvi.

186 1728 227 1791 ln
252 1727 386 1803 finem,
410 1748 454 1793 ne
477 1729 707 1810 disperdas,
730 1728 858 1793 Dauid
883 1727 996 1792 tituli
1019 1728 1253 1810 inscriptio,

304 1853 389 1898 cum
412 1833 519 1915 fugit
541 1853 559 1896 a
582 1832 689 1898 facie
714 1831 805 1897 Saul
829 1832 868 1896 in
891 1832 1133 1912 speluncam.

97 1958 122 1995 ιο
193 1936 394 2001 Miserere
419 1937 492 2001 mei
516 1938 621 2003 deus
647 1937 955 2001 misereremei:
980 1937 1166 2020 quoniam
1191 1938 1228 2001 in
1253 1946 1290 2002 te

148 2040 325 2105 confidit
347 2042 477 2105 anima
500 2061 590 2106 mea.

194 2144 221 2208 1.
246 2144 292 2209 De
316 2145 483 2225 superioris
505 2144 618 2226 psalmi
642 2144 899 2226 superscriptione
916 2145 949 2209 id
966 2152 1084 2211 tantum
1099 2145 1289 2212 demutatum

151 2249 181 2311 in
197 2249 396 2332 consequenti
419 2256 475 2323 est,
495 2251 585 2331 quod,
609 2249 661 2313 ubi
684 2269 754 2329 pro
777 2247 922 2332 populo
946 2248 1066 2334 longe
1088 2270 1106 2313 a
1129 2250 1289 2315 sanetis

149 2353 473 2434 iactopraenotatum
490 2362 544 2429 est,
562 2374 642 2418 nuno
661 2374 706 2417 ne
729 2373 962 2435 corrumpas
985 2352 1048 2418 uel
1072 2353 1290 2435 disperdas

97 2479 122 2514 aa
149 2457 365 2537 prescribitur,
400 2459 481 2541 quod
514 2478 573 2522 uno
608 2458 702 2522 uerbo
736 2458 785 2543 τῷ
818 2456 861 2542 μὴ
895 2459 1090 2541 διαφθείρῃς
1127 2466 1290 2542 utrumque

149 2581 269 2646 graeous
292 2581 392 2626 sermo
415 2562 581 2642 conplexus
605 2571 661 2627 est.
708 2581 902 2644 consequens
925 2563 1006 2626 enim
1043 2569 1116 2639 erat,
1147 2569 1188 2640 ut,
1220 2563 1291 2646 quis

150 2667 302 2747 corruptio
325 2686 385 2742 eos,
406 2666 457 2750 qui
481 2665 574 2751 longe
588 2687 607 2730 a
621 2667 735 2731 sanctis
759 2667 966 2746 discederent,
983 2686 1129 2731 mansura
1144 2674 1236 2743 esset,
1252 2687 1290 2731 ne

148 2769 220 2834 huic
244 2777 368 2836 sanetus
392 2770 575 2835 subderetur
597 2778 707 2834 oraret.
753 2789 825 2833 nam
849 2776 879 2835 et
902 2771 931 2834 in
956 2770 1074 2851 psslmo
1097 2769 1156 2834 alio
1186 2777 1291 2854 gratu-

149 2872 293 2940 lationem
328 2895 444 2941 auersae
468 2875 557 2939 huius
581 2896 599 2937 a
622 2896 654 2940 se
677 2875 877 2955 corruptionis
901 2875 1034 2940 ostendit
1064 2875 1186 2940 dicens:
1219 2894 1291 2939 nec

97 2978 265 3043 ardebis
300 2989 484 3043 sanctum
518 2985 621 3043 tuum
656 2979 797 3044 uidere
831 2979 1142 3060 corruptionem.
1188 2997 1293 3061 neque

149 3081 328 3165 ambignum
341 3091 395 3161 est,
402 3083 558 3164 psalmum
570 3083 653 3148 huno
665 3083 833 3148 secundum
847 3082 1052 3164 apostolorum
1066 3083 1293 3163 professionem

151 3207 187 3251 er
210 3206 341 3266 persona
364 3208 432 3252 esse
456 3187 570 3252 domini
593 3185 842 3271 intellegendum.

192 3328 226 3380 24
244 3327 287 3380 Pa.
307 3326 363 3394 XV,
384 3331 424 3382 10.

194 3447 383 3502 ldetrahitur
401 3449 428 3500 P
477 3449 600 3501 ‘dmorte
620 3467 650 3502 cc
668 3458 755 3501 morta
774 3465 840 3501 corr.
859 3465 927 3500 trion.
941 3466 990 3500 rec.
1003 3448 1028 3500 R
1080 3447 1247 3501 3absorbet
1263 3467 1296 3501 es

149 3535 272 3588 absorbit
291 3554 322 3588 m.
346 3537 358 3586 Ι
379 3537 402 3587 lt
428 3536 560 3589 absorbet
589 3536 639 3586 PE
690 3534 796 3589 6lilios
817 3535 894 3586 PTE
944 3534 1052 3602 ‘lpatri
1078 3532 1158 3586 huius
1186 3550 1249 3588 esse
1269 3536 1296 3588 R

150 3623 194 3683 (ren
214 3622 286 3689 patri
305 3621 377 3676 filius
396 3621 486 3687 essai)
540 3625 683 3674 9omnem
708 3640 757 3672 ont¹
777 3622 812 3674 Pe
865 3621 989 3688 Explicit
1007 3619 1132 3673 Psalmus
1151 3618 1202 3674 LU
1224 3622 1297 3675 inci·

149 3709 191 3776 pit
210 3709 333 3762 Psalmus
352 3708 414 3761 LVI
434 3711 458 3761 rt
484 3708 608 3776 Explicit
635 3708 677 3761 Ps.
696 3707 745 3760 LV
774 3708 825 3760 inc.
844 3707 906 3760 LVI
926 3708 952 3760 P
966 3706 1048 3775 Expl.
1076 3706 1110 3759 de
1134 3705 1183 3760 LV
1208 3707 1296 3778 incip.

150 3796 184 3849 de
203 3795 264 3847 LVI
285 3797 309 3846 T
362 3799 395 3849 14
411 3796 440 3848 in
460 3796 590 3863 spelunca
608 3796 633 3846 a
688 3797 720 3847 18
738 3796 765 3847 in
784 3795 876 3847 om.ll
929 3809 979 3862 pro
997 3793 1106 3862 poloR
1160 3794 1194 3847 19
1213 3812 1298 3863 prae·

151 3888 276 3935 notatum
294 3884 387 3952 scripsi
404 3884 438 3951 cf.
458 3885 530 3935 titud.
551 3881 623 3935 1889
637 3901 666 3951 p.
683 3879 739 3933 311
758 3885 899 3934 enotatum
913 3881 939 3933 R
951 3880 1121 3950 enigmatum
1134 3880 1178 3931 Ta
1197 3882 1297 3952 κοπὶς-

150 3974 255 4023 matum
277 3970 313 4020 Pb
332 3970 537 4038 aenigmatum
556 3970 606 4021 Ed.
625 3969 707 4021 Basil.
731 3968 804 4021 1550
822 3979 845 4020 et
864 3968 927 4020 Par.
950 3967 1022 4019 1572
1074 3967 1109 4021 20
1126 3968 1194 4021 inter
1218 3969 1297 4036 quod

151 4066 174 4107 et
200 4073 255 4108 urio
283 4074 349 4109 cros.
369 4056 495 4125 quo÷d
513 4057 538 4109 R
591 4061 619 4109 to
639 4074 682 4108 mc
701 4054 827 4108 dialtires
841 4054 866 4106 P
882 4055 959 4108 come
978 4054 1037 4107 dias
1055 4053 1147 4107 thares
1163 4055 1188 4106 R
1206 4059 1298 4110 tome·

151 4141 209 4194 dias
235 4142 329 4211 thyres
356 4163 383 4210 α,
409 4160 457 4194 om.
480 4140 503 4188 T
536 4144 629 4194 lacuna
656 4144 745 4194 relicta
807 4144 838 4194 21
864 4158 962 4209 grecus
990 4143 1015 4193 lt
1076 4142 1110 4194 28
1134 4142 1241 4196 sanctis
1272 4145 1298 4196 R

151 4235 262 4283 orarent
283 4231 306 4281 l'
357 4247 421 4282 nam
439 4229 466 4282 in
486 4230 526 4281 Pb
578 4228 945 4297 aboi-§gratulationem
964 4228 994 4280 P.
