2790 4844
147 235 211 302 470
494 235 608 288 saneti
628 235 763 289 Hilarii
783 216 944 304 episcopi

146 425 304 511 intellegit,
317 425 370 510 qui
386 425 580 509 unigenitum
593 414 754 490 deittium
770 425 802 488 in
818 444 910 490 earne
926 431 1102 502 uenturum,
1115 427 1293 493 testimonis

147 531 212 595 eius
234 530 396 607 meditans,
420 549 544 611 semper
566 535 675 610 expect
694 535 715 594 t.
760 549 777 592 o
800 528 872 593 felix
896 528 1039 610 discipuli
1062 530 1291 616 intellegentie!

146 656 163 699 o
180 636 338 700 doctorum
355 632 542 699 miserabilis
556 633 715 715 inperitia!
735 634 881 699 decentes
897 633 1048 712 nesciunt,
1062 642 1092 701 et
1107 634 1288 719 intellegunt

147 739 199 823 qui
224 739 379 803 docentur.
424 745 509 804 earet
531 745 635 802 eutem
657 736 809 818 propheto
827 737 901 802 uitio
916 738 1086 803 iaetantia:
1111 738 1285 824 intellegen-

109 871 120 905 ι,
148 843 197 907 tire
210 844 289 906 enirn
306 841 515 922 prestantiam
532 841 614 907 unde
630 842 759 922 adeptus
774 848 865 918 esset,
882 841 1024 906 ostendit.
1055 862 1133 906 nem
1148 842 1282 924 superius

147 949 196 1024 ait,
231 946 313 1029 quod
348 965 441 1026 super
473 945 616 1010 inimieos
651 965 723 1011 suos
753 945 933 1026 prudentior
956 966 974 1009 a
997 947 1055 1011 deo
1078 947 1110 1010 in
1134 945 1278 1012 mundetis

147 1051 214 1115 eius
230 1044 319 1115 ¹esset
349 1048 485 1115 effeetus.
531 1049 744 1133 intellegentia
774 1049 858 1115 enirn
888 1049 988 1114 omnis
1018 1069 1055 1115 ex
1085 1071 1122 1116 eo
1153 1048 1276 1133 estqui

146 1154 377 1235 prudentiorem
414 1175 486 1219 euru
525 1173 593 1219 esse
627 1153 793 1219 constituit.
840 1174 931 1235 super
966 1154 1113 1220 docentes
1143 1175 1181 1220 'se
1214 1173 1273 1237 ergo

146 1257 303 1343 intellegit.

95 1403 119 1440 ro
191 1378 219 1443 6.
244 1379 284 1444 Et
306 1379 380 1463 quie
402 1379 557 1444 interdurn
587 1398 623 1443 ex
654 1388 771 1444 noturae
802 1379 981 1444 diuersitate
1013 1378 1110 1444 soleat
1139 1380 1268 1449 accidere

146 1490 179 1548 ut
195 1484 363 1565 discipulus
379 1483 558 1566 prudentior
574 1483 614 1548 sit
629 1483 787 1568 magistro,
806 1491 910 1548 temen
925 1481 985 1549 hoc
1001 1484 1105 1566 ipsum
1123 1480 1268 1568 diligentie

147 1608 211 1653 sues
235 1597 265 1653 et
287 1587 380 1653 studii
403 1607 472 1653 esse
496 1587 694 1652 demonstrat.
740 1587 782 1652 ait
813 1587 912 1652 enirn:
944 1590 1072 1670 ‘super
1106 1587 1267 1652 seniores

147 1690 355 1757 intellexi:
375 1693 470 1775 quia
488 1689 972 1774 mandatotue'exquisiui.
997 1691 1267 1772 etsuperdooentes

147 1794 297 1881 intellegit
312 1804 343 1861 et
359 1816 451 1880 super
467 1796 603 1861 seniores
619 1795 778 1878 intellegit,
792 1795 939 1861 doetrinae
959 1804 1052 1878 atque
1070 1789 1269 1880 intellegentie

96 1928 120 1963 rr
148 1920 212 1964 sure
235 1899 370 1965 officium
387 1919 457 1964 euru
477 1900 545 1981 ipse
568 1900 713 1981 temporis
737 1900 917 1984 antiquitate
941 1901 1166 1974 demonstrans
1187 1898 1216 1963 id
1233 1896 1276 1958 est

148 2003 250 2084 populi
274 2011 344 2069 ante
368 2024 400 2070 se
424 2004 588 2071 anterioris
610 2004 792 2089 significans
815 2011 947 2070 aetatem.
991 2003 1023 2067 in
1045 2024 1107 2087 quo
1125 2012 1279 2083 utrunque

148 2109 297 2185 conuenit,
327 2115 361 2172 ut
390 2115 421 2173 et
450 2109 604 2192 antiquior
634 2109 675 2172 sit
703 2116 734 2174 et
765 2128 798 2173 se
821 2114 908 2190 putet
930 2128 998 2173 esse
1023 2109 1187 2173 doctorem.
1226 2091 1304 2167 sed

147 2233 240 2293 super
262 2232 333 2278 eum
356 2212 406 2277 ille
428 2211 590 2298 intellegit,
614 2213 665 2296 qui
689 2221 719 2278 et
741 2212 868 2278 doeetur
890 2221 922 2278 et
943 2213 1043 2277 iunior
1059 2218 1121 2287 est;
1140 2195 1308 2291 intellegi¹

146 2336 227 2395 uero,
250 2317 323 2400 quia
346 2318 490 2382 mandatu
513 2317 562 2382 dei
586 2317 776 2401 exquisierit,
798 2337 867 2400 quae
887 2319 1000 2393 doctor,
1026 2318 1099 2382 dnm
1124 2337 1157 2383 se
1179 2311 1308 2382 doter‘

96 2443 121 2480 eo
147 2421 255 2498 eredit,
278 2421 409 2506 ignoret.

191 2544 221 2607 7.
246 2541 448 2626 Consequens
470 2550 574 2608 alitem
598 2550 651 2619 est,
675 2552 717 2618 ut,
740 2542 793 2627 qui
817 2562 910 2624 super
932 2542 1071 2607 seniores
1094 2550 1125 2607 et
1149 2542 1308 2607 tooure-r

147 2645 306 2731 intellegit,
330 2646 461 2711 fructum
484 2646 703 2731 intellegentie
727 2667 791 2711 suae
811 2647 927 2724 reddat,
951 2645 1076 2723 seilicet,
1094 2655 1127 2711 ut
1151 2667 1195 2724 ee,
1216 2642 1308 2725 qu&

148 2749 273 2834 cognita
302 2757 333 2815 et
366 2750 503 2831 perfecta
537 2750 652 2816 habere
687 2751 786 2833 erepit,
810 2758 959 2816 exerceat.
1004 2762 1034 2816 et
1056 2751 1223 2829 uideamus,
1242 2747 1308 2809 at

148 2853 207 2918 hoo
230 2853 332 2934 ipsum
354 2854 386 2918 in
410 2855 671 2938 consequentibus
705 2855 753 2920 sit.
799 2854 841 2918 ait
875 2854 974 2920 enim:
1008 2855 1054 2919 ob
1090 2854 1193 2918 omni
1221 2848 1272 2914 ui:

96 2977 121 3015 as
149 2956 252 3022 ruala
275 2957 467 3038 prohibui
491 2960 615 3038 pedes
647 2979 760 3034 meos,
791 2966 831 3024 ut
860 2959 1092 3024 custodiam
1125 2954 1308 3024 uerbur!

149 3071 265 3126 tuum.
312 3062 449 3143 perfecta
471 3061 539 3128 hee
562 3070 592 3127 et
615 3062 787 3147 euangelici
816 3063 875 3127 uiri
906 3082 963 3127 uox
993 3069 1050 3144 est,
1085 3063 1124 3127 eb
1148 3060 1227 3127 omni
1246 3075 1301 3120 εν

149 3164 272 3231 malitie
295 3167 347 3231 uia
362 3166 516 3231 abstinere
539 3177 578 3241 et,
594 3174 637 3231 tot
652 3167 765 3251 ubique
781 3166 1013 3232 occurrentibus
1030 3166 1144 3232 erroris
1163 3161 1308 3232 ueniti?

149 3269 231 3334 nulle
253 3291 369 3346 earum,
394 3290 448 3352 per
471 3290 565 3355 quem
588 3271 726 3355 nequitia
747 3273 883 3349 adeatur,
907 3272 1061 3336 insedere.

193 3372 220 3437 8.
246 3373 307 3439 Sed
340 3373 432 3439 altius
467 3375 571 3439 neseio
604 3375 679 3459 quid
713 3375 745 3439 in
779 3394 816 3440 eo
840 3374 992 3460 propheto
1022 3373 1185 3459 signifieat
1217 3372 1308 3437 our!

98 3497 122 3533 ³0
150 3478 238 3543 dicit:
288 3478 481 3558 prohibui
527 3481 652 3561 pedes
697 3499 813 3545 meos.
869 3488 979 3544 nutura
1020 3479 1157 3562 eorporis
1193 3478 1308 3543 nost(

195 3691 302 3758 lquie
322 3693 375 3763 opo
428 3693 586 3746 estimonio
609 3693 634 3745 V
683 3693 864 3747 emirabilis
882 3693 923 3746 no
976 3693 1131 3761 eprofet
1154 3692 1243 3746 vom.
1259 3671 1308 3741 P!

150 3780 242 3832 8esse
261 3795 323 3832 eum
340 3781 375 3848 pb
428 3798 456 3834 se
481 3798 528 3833 om.
549 3781 574 3833 R
629 3782 707 3834 luet
735 3780 799 3848 quia
826 3786 855 3834 et
881 3779 1023 3833 interdum
1047 3778 1072 3833 V
1122 3779 1249 3834 accedere
1265 3771 1308 3827 θ

152 3865 184 3914 12
203 3881 266 3918 suae
285 3865 358 3918 istud
378 3883 436 3920 esse
463 3885 493 3920 ea
520 3883 584 3921 suae
612 3866 736 3920 essestud
764 3883 822 3920 esse
850 3885 881 3920 m.
909 3864 930 3918 2
962 3865 987 3918 V
1038 3866 1072 3919 13
1090 3867 1158 3934 quie
1183 3884 1213 3921 α
1236 3870 1308 3933 qn!

151 3968 182 4003 m.
202 3949 270 4004 2V
321 3954 353 4006 14
371 3954 510 4007 intellexit
533 3954 558 4006 V
607 3960 635 4008 et
653 3970 736 4022 super
760 3955 880 4008 seniores
903 3952 1045 4021 intellegit
1062 3970 1111 4006 om.
1136 3954 1163 4007 V
1211 3950 1290 4007 tutet*

150 4038 439 4106 legensuieeoifieium
456 4041 478 4093 V
530 4044 562 4094 16
572 4041 735 4108 antiquioris
751 4042 775 4093 V
827 4044 859 4096 18
868 4040 933 4109 quis
945 4046 974 4094 et
991 4039 1017 4092 V
1068 4040 1308 4096 remandasset

151 4117 180 4176 di
196 4124 257 4196 VCp
305 4126 400 4179 doctor
410 4146 457 4178 om.
474 4127 499 4179 V
542 4129 574 4181 21
586 4128 633 4195 qui
643 4145 671 4181 se
681 4144 765 4195 super
776 4128 799 4180 ζ’
840 4126 1015 4181 23inhooV
1064 4111 1308 4199 26euumgelil⁵

150 4213 184 4265 27
203 4212 274 4264 mala
293 4212 339 4264 uie
359 4214 381 4264 (J
430 4215 465 4267 ‘28
482 4214 677 4281 nequitiamV
726 4216 760 4269 29
779 4213 918 4283 signifieat
936 4213 1028 4268 om.V
1078 4215 1114 4268 80
1131 4221 1246 4272 nutum
1261 4198 1308 4267 V:
