2790 4844
148 234 210 298 342
487 235 605 288 saneti
630 235 764 288 Hilarii
790 235 950 303 episcopi

148 425 234 491 illum
252 425 352 491 Dauid
369 426 463 491 Iessae
479 425 588 491 referri
604 431 718 505 posset,
735 426 863 490 adiecit:
888 432 926 490 et
949 445 1021 509 ego
1045 426 1105 506 pri
1116 426 1284 509 mogeni·

148 539 226 595 tum
252 528 391 612 pon'um
417 550 510 605 eum,
535 529 740 595 excelsum
776 549 894 611 super
929 549 1047 613 reges
1082 538 1209 595 terrae.
1254 549 1284 595 ee

147 656 195 707 ne,
218 637 301 719 quod
324 635 549 717 primogenitus
573 645 627 708 est,
651 637 690 699 ad
713 634 866 714 primitias
889 633 998 699 indulti
1027 634 1055 699 ei
1078 655 1097 698 e
1120 634 1178 700 deo
1202 635 1284 718 regni

147 740 226 805 trahi
251 745 364 823 posset,
387 739 427 816 iu,
452 738 533 822 quod
558 739 614 803 soii
638 738 764 804 domino
787 737 858 802 lesu
871 735 993 803 Christo
1017 738 1175 820 proprium
1199 745 1284 816 esset

108 844 281 909 sostendit
304 843 425 908 dicens:
461 849 499 908 et
521 843 633 908 sedis
657 845 743 907 eius
767 843 876 908 siout
908 842 966 906 sol
997 843 1034 906 iu
1066 847 1284 923 conspeetu

147 970 239 1023 meo,
275 956 312 1013 et
342 947 448 1012 sieut
477 947 570 1011 lune
604 947 789 1027 periente
812 955 946 1012 menet
976 948 1012 1010 in
1036 953 1230 1012 aeternum
1253 953 1284 1011 et

148 1053 270 1119 testis
294 1053 331 1116 in
355 1050 451 1116 oaelo
474 1051 627 1116 sideIIs.

191 1158 219 1222 3.
244 1156 334 1221 Nune
357 1176 442 1240 ergo,
467 1156 517 1239 qui
542 1156 707 1221 aduersum
732 1162 889 1236 potentem
913 1156 1029 1239 positus
1053 1156 1093 1220 sit
1116 1156 1238 1221 adiutor
1260 1162 1284 1222 et

147 1262 199 1346 qui
221 1260 339 1325 intendi
362 1261 391 1324 in
416 1260 601 1325 adiutorium
635 1279 723 1324 suum
758 1268 910 1340 precatur.
940 1279 1064 1340 pronam
1087 1261 1119 1325 iu
1143 1280 1207 1338 eos,
1238 1260 1284 1344 qui

96 1387 120 1422 10
147 1366 206 1430 sibi
252 1367 464 1440 annonantur,
508 1363 680 1444 expostulat
735 1365 856 1429 dicens:
902 1364 1207 1451 contundantur
1252 1371 1284 1430 et

149 1477 422 1543 reuereontur
447 1468 512 1552 qui
536 1475 719 1552 querunt
742 1469 912 1532 enimam
937 1489 1077 1533 meam:
1106 1475 1284 1535 euerten-

149 1584 211 1637 tur
245 1579 469 1637 retrorsum
507 1589 545 1636 et
578 1574 835 1649 erubescent,
872 1574 936 1656 qui
971 1573 1160 1657 cogitent
1191 1574 1284 1639 mihi

149 1677 258 1743 melu.
304 1683 546 1742 reuertentur
570 1678 710 1741 stntirn
734 1678 1039 1753 erubescentes,
1064 1678 1129 1760 qui
1147 1677 1284 1743 dieunt

150 1781 261 1846 mihi:
297 1801 398 1865 euge
429 1801 536 1865 euge.
582 1802 619 1846 es
641 1782 745 1846 uerbIs
775 1780 918 1866 loquellae
948 1782 1163 1870 sermonisque
1193 1789 1284 1848 nostr

98 1906 122 1941 1⁵
150 1886 270 1950 diuinus
294 1905 396 1950 sermo
420 1887 604 1970 pendendus
628 1892 683 1950 est.
728 1887 827 1966 pudor
850 1893 880 1950 et
903 1885 1039 1951 confusio
1070 1906 1106 1951 ex
1136 1886 1284 1954 dedecori

150 1998 206 2068 est,
229 1990 349 2054 auersio
373 2010 410 2055 ex
434 1990 556 2070 repulsa
579 1996 641 2059 est:
665 1990 782 2055 reditus
803 2010 874 2054 uero
898 2011 958 2054 non
976 1991 1007 2054 in
1023 1989 1083 2055 siin
1102 1989 1172 2056 loen
1188 1992 1284 2076 magii

151 2114 243 2179 quem
266 2094 297 2158 iu
321 2113 358 2158 en
380 2100 435 2170 est,
458 2094 539 2158 unde
563 2094 716 2176 digressio
733 2101 786 2158 est.
832 2095 884 2176 qui
901 2101 1042 2178 querunt
1058 2115 1133 2180 ergo
1151 2095 1284 2162 animan

150 2199 248 2264 saneti
272 2197 369 2276 huius,
394 2198 497 2282 quiin
521 2198 704 2262 adiutorium
728 2218 817 2262 suum
834 2206 901 2263 oret
915 2199 1042 2275 intendi,
1067 2199 1204 2282 primum
1221 2221 1284 2266 oon

150 2304 325 2380 fundentur,
348 2311 416 2383 post
439 2302 531 2367 etiarn
555 2310 739 2373 reuertentur,
763 2302 876 2366 dehine·
899 2309 1076 2368 euerteutur
1096 2323 1157 2367 non
1175 2304 1208 2368 in
1225 2304 1285 2370 elis

98 2424 123 2461 2⁰
150 2409 206 2472 sed
237 2414 468 2471 retrorsum.
514 2413 545 2472 et
566 2406 649 2470 idern
674 2414 721 2470 est
743 2406 893 2470 dictorum
924 2407 1007 2483 orde,
1039 2407 1090 2489 qui
1121 2415 1154 2473 et
1176 2429 1281 2475 rerorn

150 2511 377 2576 confundentur
399 2511 482 2575 enirn
506 2511 572 2576 eius
596 2511 730 2575 oninium
765 2511 940 2594 quaerendo,
975 2531 1069 2594 quern
1100 2532 1171 2576 eum
1205 2535 1284 2594 pere

150 2616 273 2693 ruerint,
296 2616 395 2680 scient
417 2636 486 2680 eum
510 2616 629 2680 uiuere:
653 2617 726 2697 quio
750 2617 825 2681 deus
848 2617 920 2680 uitae
943 2624 973 2680 et
995 2618 1231 2683 resurrect-ionis
1248 2639 1282 2685 es

151 2720 302 2785 dominus.
349 2718 461 2784 dehine
485 2726 590 2800 postes
612 2727 796 2797 auertentur,
827 2741 866 2784 ue
896 2728 1058 2784 occurrunt
1080 2741 1152 2786 eum
1175 2724 1284 2788 eunetis

150 2825 272 2888 obuiam
296 2821 419 2888 Christo
454 2824 484 2887 in
520 2824 654 2888 nubibus
688 2825 792 2905 ruptis.
838 2831 995 2908 postremo
1025 2826 1145 2891 uuersio
1177 2848 1238 2892 non
1262 2829 1284 2892 iu

196 3001 207 3050 1
229 2998 271 3050 Ps.
290 2997 465 3062 LXXXVIII,
483 3000 524 3052 98.
560 3001 577 3052 5
596 2999 664 3052 lbid.
683 3000 724 3053 38.

1021 3148 1087 3184 101101

197 3190 531 3243 lieseeet'ieeseRI’TIr'
563 3190 947 3260 possitt.l.I⁷Rredqs.iin.I
983 3193 1138 3259 2gentesR
1172 3206 1284 3250 ΞΞα(

1010 3287 1078 3326 super

151 3328 228 3392 (eros.
247 3326 349 3391 inrtrt
401 3328 487 3382 ⁴isoli
516 3347 563 3380 (uu¹
589 3328 639 3381 PI'
690 3328 802 3382 fisedes
822 3329 898 3381 RPI'
949 3330 1103 3384 Snduersii
1131 3331 1216 3402 (supr.
1243 3352 1284 3388 scr

151 3435 182 3468 m.
201 3415 234 3481 3)
254 3414 279 3464 R
333 3418 365 3469 11
384 3420 561 3469 reuertentur
585 3434 635 3486 pro
663 3422 844 3469 reuereantur
861 3418 926 3469 coni.
946 3417 1043 3470 Bened.
1062 3419 1090 3470 in
1108 3422 1284 3486 udn.,sede1

147 3522 175 3573 p.
193 3500 258 3570 343,
280 3503 313 3555 15
371 3504 401 3555 12
426 3507 547 3556 retrorsi
565 3530 600 3539 —
618 3508 780 3556 euertuntur
805 3505 831 3555 in
849 3521 931 3572 murp.
950 3506 1010 3557 odd.
1029 3505 1054 3557 R
1072 3512 1227 3560 retrorsum
1244 3525 1284 3562 our

158 3589 229 3643 I’PT
273 3588 544 3657 quiuoluntmihili
597 3591 630 3642 13
648 3591 750 3642 uocibus
762 3593 924 3644 euertuntur
936 3592 1032 3644 stetim
1046 3592 1108 3644 Tin
1122 3596 1284 3665 niorpisffes

151 3731 234 3781 auser.
254 3684 403 3781 reportent*
431 3733 556 3781 retrursu
610 3731 643 3781 14
662 3728 856 3795 loquaezlee
874 3725 950 3791 (eros.
969 3727 988 3794 1)
1008 3730 1033 3782 R
1060 3729 1189 3797 loquelae
1218 3733 1284 3789 ΡΠ

151 3813 340 3882 sermonisque
358 3833 388 3867 es·
406 3816 539 3868 sermonis
557 3834 589 3867 m.
610 3815 629 3866 2
647 3817 671 3867 V
721 3821 830 3867 nostroe
847 3815 869 3867 I'
922 3817 953 3868 16
971 3817 1063 3869 auersi
1082 3833 1117 3870 ex
1135 3835 1163 3870 se
1183 3821 1284 3888 repul·

150 3910 192 3955 est
209 3902 231 3953 1³
284 3903 315 3954 17
334 3901 381 3968 qui
399 3919 466 3992 erpo
485 3907 622 3969 quaerunt
641 3919 707 3969 ergo
725 3919 791 3954 corr.
812 3920 843 3953 m.
858 3900 916 3953 2V
968 3903 1000 3956 18
1019 3904 1066 3970 qui
1085 3902 1284 3966 adiutorium]

151 4034 212 4075 oret
230 4024 289 4075 odd.
309 4022 372 4074 ne?
388 4023 411 4075 V
464 4027 494 4077 19
512 4041 567 4076 non
587 4023 642 4076 slis
657 4023 681 4073 1³
730 4025 765 4077 20
783 4021 1020 4108 qni÷÷peruur
1043 4024 1085 4087 (re
1104 4044 1136 4079 m.
1155 4025 1177 4078 3
1196 4031 1226 4082 in
1244 4050 1284 4086 m

151 4125 223 4178 3-1
248 4125 304 4191 tin.)
331 4128 353 4179 u
380 4128 426 4194 qui
454 4144 547 4181 rerum
573 4128 619 4180 Vr
671 4129 704 4181 21
723 4128 892 4197 peremerint
918 4147 948 4181 er
974 4136 1150 4197 peremerent
1175 4151 1212 4186 m.
1240 4134 1256 4188 1
1277 4139 1284 4192 i

150 4215 186 4265 24
204 4213 275 4281 rupti
294 4214 355 4266 Vre
408 4215 497 4267 auersi
516 4232 571 4267 non
589 4215 618 4266 in
638 4214 714 4267 ItPI'
730 4215 821 4268 auersi
839 4232 893 4268 uon
915 4215 995 4269 ibunt
1012 4215 1042 4268 in
1060 4233 1080 4270 e.
