2790 4844
374 273 556 322 tractatus
580 270 616 321 iu
641 270 815 337 psalmum
839 272 873 324 11.
1159 272 1199 336 73

41 476 216 542 reguum
254 457 444 523 caelorum
483 460 558 524 uim
599 462 772 542 patitur,
807 469 846 527 et
880 464 958 525 uim
996 463 1198 527 facientes

45 562 254 645 diripiunt
277 561 393 633 illud:
424 564 503 646 quia,
528 584 598 628 cum
622 566 710 643 regni
735 565 865 630 caelestis
888 567 1043 647 possessio
1067 565 1199 630 Israheli

46 667 280 745 praedicaretur,
317 665 396 730 fides
437 674 541 732 tamen
579 670 718 752 gentium
756 670 985 750 possessiouem
1024 669 1106 734 hanc
1139 670 1199 734 sihi

48 767 173 835 Israhel
197 770 359 834 diffidente
382 772 572 852 praeriperet.

97 874 147 938 47.
170 873 219 939 Sic
242 880 274 940 et
300 874 413 938 Paulus
443 876 544 947 currit.
575 884 609 941 ut
639 877 862 961 adprehendat,
894 878 1016 942 dicens:
1050 896 1199 959 sequor
1243 918 1250 941 ι

54 984 187 1041 autem
224 986 265 1042 ut
299 978 622 1060 adprehendam,
656 983 695 1046 in
730 1002 806 1065 quo
840 988 879 1046 et
913 981 1198 1064 adprehensus

59 1100 147 1145 snm
190 1103 249 1147 uon
274 1082 359 1146 lento
391 1084 492 1167 gradu
525 1093 670 1169 properat
700 1106 802 1169 neque
833 1087 930 1150 otioso
961 1086 1099 1168 sequitur
1130 1105 1199 1167 pro

59 1205 160 1251 cursu:
183 1185 434 1270 adprehensums
459 1189 542 1253 enirn
565 1191 711 1273 sequitur.
760 1197 790 1254 et
819 1191 895 1254 satis
926 1190 1053 1272 quidem
1084 1189 1198 1253 dixisse

63 1289 215 1367 uideret-ur,
238 1291 265 1354 si
288 1298 508 1356 consecuturus
532 1302 722 1377 sequeretur,
747 1295 803 1359 sed
832 1295 897 1357 uim
921 1300 951 1357 et
973 1293 1040 1373 ipse
1074 1292 1197 1357 adferre

65 1400 142 1470 optat
171 1404 202 1458 et
231 1393 466 1474 adprehendere
495 1404 641 1481 properat
670 1405 714 1468 et,
743 1398 835 1462 modo
866 1397 998 1480 exempli
1031 1395 1199 1477 corporalis
1228 1423 1252 1457 ιο

70 1492 207 1562 inuadere.
251 1500 311 1564 scit
333 1506 437 1563 autem
461 1520 495 1565 se
517 1520 552 1566 ao
582 1502 648 1583 ipso
672 1502 735 1566 iarn
759 1521 836 1577 asse,
860 1502 944 1584 quod
963 1500 1199 1584 adprehendere

73 1608 203 1679 properat,
237 1602 478 1684 adprehensum.
524 1604 549 1669 si
574 1607 657 1670 enirn
681 1625 737 1669 nos
760 1625 815 1685 per
838 1604 1030 1688 corporalem
1056 1612 1199 1668 naturam

76 1699 136 1766 deus
154 1713 270 1770 nat-urse
292 1727 357 1771 sure
380 1708 566 1774 dissidentes
589 1708 684 1774 homo
707 1710 829 1793 genitus
860 1708 1075 1789 adprehendit,
1101 1708 1199 1773 l'actus

78 1803 130 1883 lpse
157 1811 235 1892 quod
258 1831 373 1887 sumus,
404 1820 542 1876 nostrum
573 1820 629 1891 est
659 1813 699 1876 ad
730 1811 1028 1893 adprehendendum
1056 1813 1199 1889 nuncid,

80 1911 143 1988 quod
161 1924 205 1978 est
219 1915 294 1995 ipse,
318 1916 513 1994 contendere,
536 1921 570 1980 ut
591 1917 622 1980 in
647 1938 717 1982 eam
733 1916 874 2001 gloriam,
898 1916 928 1980 iu
945 1935 1040 1999 quarn
1054 1923 1199 1980 naturam
1228 1942 1252 1976 ιι

83 2027 209 2095 orporea
232 2017 324 2083 huius
348 2020 550 2100 corruptionis
567 2022 691 2098 exemit,
715 2021 872 2087 festinatio
888 2027 992 2084 nostru
1008 2039 1041 2084 se
1059 2020 1200 2085 misceat:

85 2121 153 2197 alque
172 2123 214 2185 ita
236 2122 507 2203 adprehendemus
530 2125 570 2199 id,
602 2125 633 2188 in
657 2145 718 2207 quo
741 2125 854 2189 suimus
878 2123 1074 2204 adprehensi,
1099 2123 1125 2188 si
1149 2143 1200 2187 na-

87 2226 161 2286 turum
189 2225 236 2290 dei
268 2247 501 2310 musequamur,
536 2230 593 2293 deo
628 2239 698 2294 ante
728 2235 872 2292 naturam
902 2227 1063 2292 hominum
1094 2247 1199 2292 conse·

86 2338 180 2400 quante.
223 2330 491 2410 adprehendenda
513 2332 616 2414 itaque
640 2332 800 2412 disciplina
824 2339 855 2396 et
876 2332 1052 2397 inuadeuda
1067 2338 1199 2414 estquo-

89 2423 140 2490 dau
157 2433 294 2515 unrplexu
318 2439 349 2498 et
372 2436 402 2498 iu
425 2435 546 2500 uinculo
571 2435 729 2516 corporali,
753 2456 791 2500 ne
815 2434 955 2500 elabatur
986 2442 1038 2498 aut
1068 2435 1200 2499 decidat.
1228 2456 1253 2493 ιο

120 2531 157 2597 48.
178 2536 308 2603 Causam
346 2548 447 2603 autem
487 2538 644 2624 diligentis
687 2539 776 2604 huius
815 2539 975 2623 amplexus
1014 2559 1050 2603 ac
1087 2537 1200 2603 uinculi

91 2636 209 2715 propheta
231 2643 361 2707 subiecit
385 2643 505 2708 dicens:
530 2642 833 2724 adprehendite
856 2642 1134 2726 disciplinam,
1158 2661 1201 2706 ne

92 2744 214 2813 ‘luendo
236 2746 446 2811 irascatur
469 2747 663 2825 dominus,
695 2756 733 2811 et
757 2747 942 2827 pereatis
974 2748 1020 2810 da
1055 2747 1120 2810 uia
1150 2746 1200 2811 iu·

92 2845 140 2917 sta,
157 2866 233 2913 cum
256 2851 464 2915 exarserit
486 2851 524 2914 iu
549 2851 662 2915 breui
683 2852 743 2915 ira
766 2852 864 2916 eius.
899 2851 1201 2931 adestenimpoenae

94 2939 145 3023 dits
164 2953 207 3034 qui
231 2955 263 3017 in
287 2955 509 3019 exardescente
532 2955 578 3020 ira
601 2955 720 3019 domini
743 2955 913 3040 significari
936 2953 1141 3038 intellegitur:
1169 2954 1202 3019 iu
1229 2975 1254 3013 a

123 3093 254 3170 orurrpp.
274 3103 322 3170 111,
342 3105 383 3156 12.

124 3259 266 3320 liacientea
295 3285 325 3319 es
352 3267 479 3321 facientis
500 3269 524 3320 lt
578 3268 683 3322 2illud
703 3288 732 3320 er
759 3268 840 3321 illum
859 3287 891 3320 m.
912 3270 932 3319 2
956 3267 981 3320 V
1030 3266 1159 3321 Istraheli
1182 3267 1207 3320 V

96 3339 145 3399 5ric
160 3358 183 3405 et
199 3355 294 3408 beatus
314 3355 445 3408 Pauluse
499 3355 704 3423 adpraeheudat
728 3356 777 3408 VR
795 3366 818 3407 ct
836 3357 872 3408 sic
889 3373 965 3423 saepe
1017 3357 1081 3408 set
1099 3353 1158 3421 ipae
1175 3371 1205 3405 er

96 3423 134 3490 ipe
147 3455 173 3489 n.
189 3439 208 3492 2
225 3441 250 3495 V
299 3441 408 3495 adferre
427 3442 520 3510 cupiat
540 3442 566 3494 R
583 3443 618 3507 cf.
638 3444 719 3495 Acod.
744 3462 769 3511 p.
790 3440 827 3493 94
884 3444 915 3496 10
933 3439 1158 3508 adpraehendere
1182 3439 1207 3492 l'

98 3511 117 3565 ¹¹
136 3519 392 3582 hmdezzffire
424 3528 449 3582 V
515 3528 589 3597 quod
619 3527 843 3597 adpraehendere
871 3532 981 3596 poterat
1017 3527 1042 3580 V
1110 3526 1205 3632 iliada

95 3640 204 3724 ”flumme
229 3668 296 3702 corr.
325 3667 358 3701 m.
387 3650 402 3700 1
437 3650 460 3702 V
509 3649 669 3703 dissidentia
700 3650 748 3703 VH
772 3652 786 3697 l»
811 3647 1000 3702 diffidenteae
1072 3649 1104 3700 14
1157 3645 1205 3700 ad·

96 3725 302 3789 renuendum
320 3734 346 3784 R
363 3735 399 3789 ad
417 3734 632 3804 praehendeudr’r
657 3736 681 3788 V
731 3752 805 3788 nuno
824 3735 853 3787 in
872 3734 946 3802 quod
970 3734 995 3787 V
1047 3735 1078 3785 15
1099 3739 1131 3785 ut
1148 3750 1204 3801 sap.

95 3805 276 3875 1111111127
339 3823 368 3875 in
392 3839 453 3876 eam
478 3841 508 3876 ea
534 3823 563 3876 in
587 3841 651 3876 eum
670 3824 742 3874 aa?
769 3823 793 3874 V
854 3824 886 3874 16
913 3820 1043 3874 eximitlr
1098 3821 1129 3872 17
1156 3818 1205 3872 ad·

95 3897 276 3961 Whendemua
288 3928 319 3962 ea
330 3908 513 3978 adpraehensi
525 3927 558 3962 m.
572 3909 592 3961 ἑ)
610 3910 634 3961 l'
684 3909 714 3962 id
733 3910 761 3961 in
780 3926 834 3976 quo
853 3907 953 3960 luimus
972 3905 1137 3974 adprehensi
1148 3923 1205 3975 sap.

95 3979 130 4031 ¹5³¹·
151 4003 165 4035 ⁰
184 4008 211 4044 m.
233 3994 251 4047 2
279 3995 304 4048 V
355 3998 389 4050 18
411 4006 468 4065 pau
493 4012 694 4064 consequamur
720 3995 736 4047 1
754 3997 800 4047 lirr.
826 4013 892 4047 eros.
912 3995 937 4046 R
992 3996 1025 4047 19
1049 3993 1160 4060 itaquae
1184 3993 1208 4046 V

95 4070 297 4134 “del-MV
344 4084 380 4137 110
397 4081 499 4152 aplexu
517 4100 548 4136 a
565 4082 649 4151 plexu
667 4084 734 4134 na?
752 4082 775 4134 V
825 4086 855 4134 et
872 4080 984 4133 uinculo
1004 4080 1029 4131 V
1078 4078 1205 4133 aazia·

96 4147 165 4205 blm
185 4158 247 4223 leros
273 4170 298 4231 e)
325 4169 352 4222 R
422 4168 532 4222 excidat
559 4187 571 4220 r
641 4171 674 4223 21
712 4167 870 4237 complexus
907 4168 958 4220 Ed.
990 4167 1053 4219 Pur.
1091 4164 1203 4218 rme

96 4239 256 4305 “infandi
305 4253 606 4310 ffluiaernirmsp
629 4255 655 4308 V
703 4252 893 4324 24poeneR.
