2790 4844
358 264 539 313 tractatus
558 259 593 312 iu
610 260 782 328 psalmum
801 259 932 313 CXLVII.
1155 258 1218 324 857

68 453 224 519 molestiis
248 451 339 516 buius
363 449 469 516 saeculi
492 452 609 517 dictum
633 450 728 516 luisse
750 449 888 532 intellegi
913 457 1049 532 oportet3
1072 470 1128 532 por
1142 471 1220 532 pra-

69 563 178 624 sontas
202 557 284 623 enirn
306 556 487 622 uexationes
502 557 534 620 in
549 557 689 640 requiem
710 561 859 620 aeternam
877 556 986 619 aditur.
1031 561 1062 620 ct
1077 556 1220 639 quamuis

70 682 179 728 rerum
203 661 401 743 praescntinm
425 658 581 726 laboribus
612 659 698 744 quasi
722 660 857 743 quadam
873 658 1020 724 uiolentia
1039 660 1220 741 asperrimae
1303 678 1307 685 ·

71 767 188 832 hiemis
225 785 361 844 uramur,
397 775 498 830 tamen
533 770 603 846 post
636 764 749 829 harum
782 765 983 845 praesentium
1018 764 1219 830 acerbitatum

72 871 194 954 rigores
225 870 283 935 deo
306 890 358 936 ecs
381 868 555 936 resoluente
589 869 619 934 in
644 867 772 950 placidis
795 874 827 932 ot
850 867 1025 952 tranquillis
1049 875 1079 934 ct
1102 868 1219 934 serenis
1260 901 1273 939 a
1319 919 1324 932 .

73 976 279 1058 quiescemus.
303 976 472 1041 secundum
489 974 573 1038 cuim
590 973 707 1037 dictum
722 971 939 1053 propheticum
956 978 987 1038 ct
998 972 1219 1057 allegorumeni

73 1080 331 1145 cousuetudinem
354 1099 435 1143 nunc
458 1079 490 1143 in
514 1078 584 1143 niue
607 1084 637 1142 et
660 1077 773 1143 nebula
796 1085 827 1142 at
848 1076 1000 1162 crystallo,
1025 1097 1094 1161 quae
1117 1078 1220 1141 omnia

74 1203 131 1264 per
153 1190 296 1248 naturam
326 1203 414 1249 suam
438 1187 530 1248 urunt
552 1188 644 1265 atquo
669 1180 866 1260 mortificant,
890 1180 1084 1247 saecularium
1108 1182 1140 1246 in
1163 1201 1220 1246 nos

72 1286 287 1353 molestiarum
311 1301 341 1352 et
363 1287 573 1352 calamitatum
594 1292 625 1350 et
640 1285 779 1350 dolorum
796 1300 825 1351 ot
840 1291 1025 1352 nocturnum
1040 1286 1220 1370 ignorantia

73 1392 175 1476 frigus
205 1391 415 1477 significatum
447 1410 516 1456 esse
546 1390 735 1456 credendum
767 1396 821 1455 est.
867 1391 925 1455 scit
955 1389 1006 1456 hic
1036 1391 1120 1456 idem
1151 1411 1219 1472 pro·
1248 1427 1272 1462 ιο

72 1495 169 1577 phata
193 1495 293 1561 beata
315 1494 406 1561 huius
429 1495 563 1560 ciuitatis
588 1495 769 1575 participem
792 1513 987 1578 nequaquam
1011 1495 1072 1560 iam
1104 1496 1220 1578 frigore

70 1603 132 1665 isto
155 1600 274 1665 iniuriae
298 1598 455 1665 saecularis
479 1599 640 1676 urendum,
664 1599 786 1664 dicens:
821 1619 891 1682 per
924 1598 1029 1664 diem
1060 1599 1119 1664 sol
1144 1619 1219 1664 non

70 1711 164 1769 uret
202 1710 248 1781 tc,
287 1723 416 1787 neque
455 1703 547 1768 luna
583 1722 653 1783 per
686 1711 854 1768 noctem
899 1702 1072 1768 haeccuim
1108 1704 1219 1779 omnia,

70 1809 188 1892 quibus
211 1828 268 1889 per
290 1813 458 1889 praesentes
482 1805 673 1872 calamitates
697 1807 864 1885 adurimur,
899 1827 1022 1873 rursum
1053 1808 1103 1873 dei
1134 1807 1220 1872 boni·

69 1921 137 1978 tate
160 1911 297 1978 resoluta
319 1911 484 1996 liquuntur.
528 1912 581 1975 nix
604 1930 741 1994 namque
765 1909 842 1975 lanae
863 1910 1056 1976 mollitudine
1072 1911 1220 1991 defluens,
1248 1935 1272 1974 ra

68 2024 186 2101 tegens
209 2017 312 2082 omnia
334 2018 415 2081 intra
438 2036 473 2081 sa
496 2016 629 2094 detinet;
659 2016 768 2098 pruina
799 2035 920 2098 quoque
950 2015 1069 2080 nebulae
1093 2018 1220 2081 descon-

69 2121 178 2186 dcntis
202 2121 315 2187 cineris
338 2123 430 2185 modo
454 2140 561 2202 sparsa
584 2120 782 2204 constringis
814 2118 994 2203 crystallum
1025 2121 1119 2185 ctiam
1141 2119 1222 2184 ultra

69 2226 331 2291 consuetudinem
355 2225 517 2309 grandinis
541 2225 686 2289 duratum
709 2231 740 2288 et
766 2224 796 2288 in
821 2224 918 2289 frusta
936 2222 1101 2288 solidatum
1126 2222 1221 2289 babet

67 2330 102 2395 in
129 2349 165 2394 so
188 2334 220 2394 ct
241 2330 393 2409 impetum
414 2335 444 2393 et
460 2329 605 2413 rigorem.
651 2337 681 2392 ct
697 2328 723 2392 si
738 2326 807 2393 baec
821 2333 969 2408 perpetuo
990 2333 1219 2408 permanerent,

69 2433 226 2516 numquid
257 2452 317 2497 non
341 2433 487 2497 uniuersa
510 2431 620 2497 horum
644 2432 760 2516 frigore
782 2438 906 2513 perusta
929 2451 1053 2511 semper
1075 2432 1221 2498 arerent?
1248 2453 1272 2491 ²0

70 2537 144 2621 quis
168 2536 252 2603 euim
275 2536 355 2602 serre
386 2544 517 2601 aeternas
551 2537 687 2617 corporis
720 2536 913 2601 calamitates
943 2535 1220 2620 indeficientesque

66 2647 188 2722 posset
212 2641 239 2705 si
262 2642 360 2707 series
382 2638 458 2705 mali
480 2641 578 2706 nostri
602 2640 791 2721 sempitoma
814 2638 1010 2705 traheretur?

116 2745 145 2809 6.
173 2745 236 2810 Sed
267 2744 424 2809 dissolutis
453 2744 686 2810 infirmitatibus
726 2745 863 2824 corporis
893 2747 982 2830 regni
1016 2747 1098 2825 beati
1129 2745 1219 2811 liuius

71 2857 197 2934 tempus
221 2856 368 2914 aetemum
393 2858 447 2926 est,
470 2848 523 2914 ubi
547 2869 607 2913 non
631 2847 779 2926 flendum,
802 2868 862 2913 nou
879 2849 1054 2928 dolendum,
1077 2871 1138 2914 non
1155 2870 1220 2915 cor·

72 2972 176 3035 porcae
222 2952 398 3033 cupiditatis
444 2953 653 3018 demutatione
701 2952 868 3018 labendum
905 2960 967 3018 est:
1007 2954 1062 3018 sed
1100 2955 1130 3018 in
1169 2954 1219 3019 his
1247 2982 1272 3019 rc

72 3057 252 3135 uiuendum,
283 3076 378 3140 qua,
410 3056 518 3140 inquit
553 3054 691 3122 oculus
714 3077 789 3120 non
812 3057 927 3139 uicit,
951 3067 989 3124 ct
1010 3061 1121 3123 auris
1144 3078 1219 3124 non

73 3162 242 3240 audiuit,
276 3167 314 3225 et
344 3162 381 3226 in
413 3181 480 3226 cor
511 3160 689 3225 hominis
718 3181 793 3225 non
816 3163 1016 3227 ascendit.
1062 3169 1166 3230 cessat
1188 3163 1218 3227 in

72 3261 165 3332 bonis
200 3265 310 3330 buturis
343 3264 565 3350 intellegentia,
599 3264 728 3342 auditus,
763 3272 922 3346 aspectus;
958 3286 1014 3332 nec
1044 3268 1218 3348 conspectui

113 3445 151 3496 la
169 3442 213 3497 Po.
232 3442 313 3510 CXX,
331 3446 355 3496 6.
391 3444 426 3497 26
443 3442 456 3495 I
477 3443 537 3497 Cor.
556 3446 581 3511 2,
600 3446 625 3496 8.

107 3601 133 3654 B
152 3600 231 3668 quasi
258 3617 306 3654 om.
334 3601 360 3653 R
387 3599 428 3665 (in
449 3600 474 3652 G
497 3600 581 3667 salsae
598 3598 712 3666 uidetur)
767 3599 935 3668 asperrimae
962 3600 991 3651 E
1016 3600 1167 3668 asperrima
1194 3600 1220 3654 R

42 3675 64 3726 5
90 3687 283 3742 rosolneutae
310 3688 337 3741 R
395 3687 628 3757 ballegorumini
658 3687 684 3741 R
713 3687 891 3756 allegoricam
920 3705 933 3740 e
991 3686 1167 3755 'lcrystalon
1194 3686 1220 3740 R

36 3757 57 3853 3‘3
88 3776 138 3827 et
154 3779 323 3828 nocturnum
341 3774 515 3843 ignorantiae
534 3773 622 3844 frigus
634 3774 659 3827 G
672 3774 696 3828 ἅ
714 3778 881 3828 nocturnum
894 3772 982 3841 frigus
993 3774 1019 3826 R
1028 3778 1056 3827 et
1068 3778 1219 3828 nocturnos

33 3859 234 3951 1morantia
249 3861 368 3930 frigores
386 3881 405 3911 α
459 3863 492 3914 13
510 3861 577 3914 haec
596 3861 670 3915 enim
684 3860 776 3914 omnia
791 3860 845 3912 GE
854 3859 1064 3913 haecomniaR
1119 3863 1151 3914 14
1168 3876 1220 3930 per

30 3962 116 4012 ⁰⁷¹².
144 3964 169 4017 G
223 3967 256 4019 lt
274 3964 395 4047 licbntur
419 3966 445 4018 R
498 3966 560 4019 lane
579 3965 605 4017 R
657 3966 692 4019 22
710 3969 803 4033 posset
828 3982 858 4017 a
884 3963 983 4033 possed
1011 3964 1036 4016 R
1088 3965 1124 4018 24
1140 3966 1168 4017 in
1194 3964 1220 4017 G

26 4047 56 4102 h·
97 4064 135 4121 L
151 4070 211 4122 boec
226 4079 326 4122 tontum
345 4071 396 4138 lapi
408 4080 532 4140 possunt.-
551 4069 599 4123 ubi
617 4085 672 4122 non
692 4068 842 4123 dolendum
860 4073 896 4122 nb
912 4067 1219 4136 corporeusoremeroc

26 4147 136 4206 ¹¹01:
154 4155 275 4210 flendum
293 4156 329 4209 rbi
345 4166 406 4209 nota
425 4158 586 4209 admotione
604 4158 751 4209 exciderant
804 4157 838 4208 26
859 4154 957 4223 inquid
978 4155 1003 4207 G
1056 4156 1090 4210 28
1108 4155 1219 4210 intelle·

24 4233 168 4296 &entia
185 4244 297 4298 auditus
316 4248 445 4311 aspectus
464 4244 490 4296 R
508 4242 710 4312 intelligentiae
729 4243 840 4297 auditus
858 4248 887 4296 et
904 4247 1031 4311 aspectus
1050 4243 1084 4296 E.
