2790 4844
147 231 211 297 838
490 235 607 288 sancti
631 234 765 287 Hilarii
784 234 949 303 episcopi

148 443 272 503 semper
306 443 340 488 ae
373 432 518 489 uersatur
551 423 644 487 allidi.
690 423 728 487 ab
760 422 811 487 illo
840 423 1026 503 sperandum
1060 431 1116 501 est,
1153 444 1194 486 ne
1223 442 1289 488 casu

149 526 365 606 periclitemur,
399 547 439 592 nc
474 527 636 592 allidamur
668 527 848 592 infirmitate
882 534 1009 592 naturae.
1056 527 1166 591 omnia
1195 533 1288 591 auten

150 630 237 695 nobis
260 632 332 696 uitae
355 631 494 696 subsidia
517 653 553 696 ex
575 634 642 713 ipso
665 639 745 708 sunt,
770 651 840 696 curn
856 651 892 695 ex
909 631 1115 712 oportunitate
1140 630 1286 696 fructuum

148 734 275 800 indultis
306 735 383 799 cibis
413 735 557 813 uiuimus,
592 757 662 800 curn
686 755 812 800 manum
835 735 1003 815 aperiendo
1027 735 1153 800 animas
1176 743 1285 799 nostras

109 864 122 901 a
149 839 239 903 donis
269 838 457 919 spiritalibus
487 839 600 920 replet:
647 839 761 904 etenim
792 859 829 904 ex
859 839 981 903 uirtutis
1011 858 1075 903 suae
1100 840 1187 903 some
1208 838 1285 918 copia

148 944 179 1006 in
213 962 270 1006 nos
304 963 419 1021 eorum,
458 963 526 1026 quae
564 944 622 1007 eibi
662 942 853 1024 beneplacita
891 949 969 1019 sunt,
1007 943 1165 1007 exuberat.
1210 943 1282 1026 quod

150 1056 311 1129 utrumque
346 1047 379 1127 jn
418 1047 477 1127 bis,
516 1067 585 1130 quac
623 1054 834 1123 consecuntur,
874 1047 1021 1111 discernit
1059 1048 1115 1110 ita:
1163 1048 1281 1111 iustus

149 1134 392 1215 dominus'in
416 1152 601 1216 omnibus
625 1152 704 1216 uiis
728 1152 814 1216 suis
845 1160 883 1215 et
913 1157 1082 1215 sanctus
1112 1151 1151 1214 in
1175 1150 1280 1214 omni·

149 1255 221 1319 bus
255 1255 448 1335 operibus
481 1255 575 1320 suis.
621 1256 719 1320 iustus
742 1256 773 1319 in
796 1255 856 1319 uiis
890 1264 945 1330 est,
981 1274 1051 1319 cum
1083 1255 1279 1318 infirmitatem

97 1381 122 1418 ιο
149 1364 286 1423 nostram
308 1360 338 1423 in
362 1365 511 1424 aeternum
535 1380 668 1444 regnum
692 1379 781 1424 suum
805 1359 986 1424 confirmata
1006 1361 1155 1423 donorum
1173 1359 1279 1439 spirita·

150 1462 223 1526 lium
247 1464 462 1529 communione
486 1465 626 1541 deducit;
650 1470 776 1529 sanctus
792 1473 895 1528 autem
910 1463 941 1526 in
958 1464 1102 1542 operibus
1127 1462 1276 1538 suiacum

150 1567 300 1632 uniuersis
324 1568 439 1633 fructus
463 1568 493 1632 in
517 1576 690 1649 temporum
721 1568 923 1648 oportunitate
955 1568 1148 1648 subpeditat:
1177 1566 1276 1631 sancti·

149 1677 243 1736 tatem
277 1692 365 1736 suam
400 1673 430 1735 in
466 1673 603 1736 omniurn
637 1671 782 1736 alimonia
815 1674 938 1749 decena,
973 1671 1123 1736 iustitiam
1158 1691 1225 1734 uero
1250 1669 1274 1731 in

150 1775 305 1858 replendis
328 1775 521 1856 beneplacito
545 1777 655 1841 animis
679 1796 875 1841 conseruans

97 1902 123 1938 ra
193 1880 244 1943 21.
268 1879 343 1944 Post
365 1899 434 1962 quae
459 1880 613 1963 sequitur:
647 1901 771 1963 prope
802 1887 862 1945 est
893 1880 1080 1944 dominus
1105 1880 1271 1943 inuocan-

149 1984 260 2047 tibus
292 2004 386 2048 eum.
433 2005 492 2048 non
517 1983 609 2068 longe
633 1983 729 2061 abest,
752 1984 805 2068 qui
828 2003 883 2064 per
906 1989 1024 2047 natura>
1055 2003 1118 2048 suae
1147 1984 1269 2046 uirtutem

150 2093 179 2150 et
212 2086 278 2167 ipse
312 2088 425 2170 ubique
459 2108 583 2168 semper
616 2095 671 2164 est,
707 2094 737 2152 et
771 2094 851 2152 totus
886 2107 1009 2167 semper
1039 2098 1070 2151 et
1100 2087 1208 2168 ubique
1234 2088 1269 2146 est

149 2191 318 2256 seeundum
341 2191 418 2256 illud
443 2190 598 2272 Apostoli:
622 2193 719 2275 quia
741 2192 780 2255 in
803 2193 892 2272 ipso
915 2211 1052 2256 sumus
1084 2197 1121 2255 et
1143 2189 1267 2267 inipso

152 2296 327 2360 uiuimus
358 2316 400 2359 ac
433 2316 645 2360 mouemur.
690 2316 784 2377 prope
808 2302 854 2360 est
878 2315 952 2378 ergo
975 2294 1192 2360 innocentibus,
1212 2307 1264 2354 cun

98 2419 122 2455 20
150 2399 227 2463 nibil
251 2400 298 2476 sit,
322 2399 404 2483 quod
428 2401 495 2464 sine
519 2420 554 2464 eo
579 2401 626 2464 sit.
671 2402 726 2465 'sed
749 2399 860 2483 quibus
887 2399 1104 2464 inuocantibus
1128 2393 1263 2478 proposit

150 2504 414 2569 subiectisdocet:
438 2503 934 2568 omnibusinuocontibus
951 2523 1034 2567 eurn
1052 2504 1089 2566 in
1106 2501 1263 2566 ueritate.

148 2627 209 2671 non
235 2628 271 2673 ex
294 2607 355 2672 otio
378 2608 592 2673 innocentibus
616 2627 715 2690 neque
732 2628 768 2672 ex
783 2606 918 2672 infidelis
933 2607 1144 2691 ambiguitatis
1165 2605 1261 2668 inem.

150 2713 205 2776 sed
228 2732 335 2777 uerum
359 2713 450 2778 deum
475 2711 559 2776 fideli
581 2712 796 2777 inuocantibus
819 2713 956 2776 ueritate.

193 2816 243 2880 22.
267 2815 308 2880 Et
337 2835 407 2881 curu
442 2836 536 2897 prope
570 2816 659 2893 adsit,
695 2816 770 2898 quid
799 2817 830 2881 in
862 2816 992 2881 ueritate
1024 2836 1058 2881 se
1082 2808 1260 2880 innocentibus

98 2920 271 2995 retribuat,
306 2921 498 2984 demonstrat
532 2921 655 2985 dicens:
700 2918 955 2984 uoluntatem
990 2919 1259 2984 lineatione

151 3024 292 3104 laciet3
316 3044 376 3087 non
401 3025 538 3103 turpium
560 3024 732 3088 uoluntates
763 3043 864 3107 neque
895 3023 1077 3088 uitiosorum
1111 3019 1259 3102 cupiditates

150 3128 226 3193 deus
248 3128 349 3203 saciet,
384 3127 439 3192 sed
470 3128 704 3193 timentium
735 3148 784 3205 se,
808 3147 864 3208 per
886 3134 1004 3192 metum
1028 3129 1204 3197 innocenter,
1222 3132 1259 3197 pes

149 3231 243 3297 fidem
267 3231 421 3309 honestas,
444 3252 501 3312 per
523 3233 728 3297 reuerentiam
754 3232 961 3307 uerecundam
985 3237 1016 3296 et
1040 3231 1258 3295 uoluntatem

149 3337 262 3401 otiosas
284 3355 386 3419 neque
409 3355 536 3419 sperare
559 3335 675 3418 aliquid
698 3356 716 3399 a
738 3355 772 3400 se
795 3336 931 3419 quodam
965 3341 1143 3415 contemptu
1175 3321 1257 3396 silentii

196 3531 228 3582 18
246 3529 307 3580 Act.
326 3543 370 3595 ap.
389 3526 475 3594 XVII,
495 3529 536 3581 28.

192 3704 209 3756 3
227 3701 417 3770 oportunitate
436 3700 481 3753 Ro
500 3699 706 3768 opportunitate
725 3719 737 3749 ε
755 3710 778 3753 et
795 3701 832 3752 sic
849 3699 914 3768 insi.
966 3701 983 3753 5
1003 3699 1111 3754 &enim
1122 3699 1178 3752 Ret
1189 3679 1260 3746 euml

150 3790 373 3856 lconsequntur
401 3788 426 3840 R
491 3790 523 3840 10
541 3785 732 3840 confirmatam
761 3787 825 3839 coni.
857 3786 955 3839 Bened.
1022 3789 1056 3840 18
1075 3767 1259 3840 saecunduml

148 3877 181 3927 21
201 3874 333 3928 subiectis
352 3874 378 3926 R
397 3889 432 3926 ex
450 3873 581 3927 subiectis
595 3874 623 3924 E
673 3876 708 3925 ‘24
726 3873 754 3925 in
773 3872 892 3926 ueritate
911 3890 939 3925 se
958 3872 1153 3926 innocentibus
1170 3865 1260 3922 itinn

150 3960 276 4013 cantibus
305 3978 333 4013 ae
360 3959 388 4011 in
413 3961 532 4013 ueritate
555 3960 579 4011 Ε
629 3961 664 4015 26
681 3959 806 4027 turpium
826 3960 866 4012 Rb
885 3958 1096 4013 turbidorumc
1146 3959 1177 4011 27
1193 3947 1261 4006 ⁵th

502 4057 529 4084 no

151 4116 179 4151 se
188 4116 254 4151 corr.
264 4099 359 4151 51an
412 4100 446 4152 28
462 4098 831 4183 βοτεηῖίεηι(1ἰαιισονν.,
847 4117 881 4151 m.
901 4097 964 4163 HR
1017 4084 1074 4151 non
1090 4094 1261 4151 otiosasntlue

151 4219 261 4270 sperare
272 4202 297 4254 R
309 4218 363 4254 non
382 4202 483 4255 otiosas
503 4219 591 4269 neque
609 4207 699 4255 mutas
718 4217 807 4269 neque
826 4218 936 4269 sperare
949 4201 975 4252 Ε
1026 4203 1062 4256 29
1078 4185 1263 4266 contempturi·
