2790 4844
375 271 557 321 tractatus
576 268 611 320 in
629 269 801 337 psalmum
821 269 977 323 CXXXVII.
1185 269 1247 334 741

66 484 69 488 ’
102 459 275 536 domine,
300 478 437 524 omnes
461 479 581 542 reges
605 466 739 524 terrae:
763 460 857 542 quia
879 459 1098 524 audierunt
1117 450 1248 524 omnia

102 565 229 628 uerba
252 564 335 627 oris
360 563 425 627 tui.
460 569 497 627 et
520 570 688 628 cantent
710 563 749 626 in
772 563 852 627 uiis
876 563 1036 637 domini,
1060 564 1247 647 quoniam

104 688 252 751 magna
275 673 338 732 est
361 666 495 750 gloria
518 667 686 743 domini;
711 667 899 750 quoniam
916 667 1104 732 excelsus
1129 668 1247 732 domi·

101 792 174 835 nus
198 781 237 836 ct
260 770 432 835 humilia
454 772 627 851 respicit
657 779 695 836 et
724 769 807 835 alta
830 774 876 838 dc
904 772 1023 856 longe
1045 772 1246 856 agnoseit.

101 883 133 940 et
156 896 235 958 quos
259 894 349 959 reges
373 886 462 939 terrae
483 875 634 955 propheta
649 874 813 959 significet,
837 876 947 939 iamin
964 874 1103 954 plurimis
1120 875 1248 956 psalmis
1288 902 1300 937 a

101 986 260 1044 ostensum
285 989 359 1061 est„
387 999 506 1063 reges
541 999 600 1043 non
636 980 785 1064 gentium,
817 981 872 1045 sed
908 986 1033 1056 terrae,
1064 981 1168 1045 idest
1201 980 1248 1044 sui

100 1085 342 1166 uniuscuiusque
376 1083 512 1163 corporis
546 1102 656 1166 regem
691 1084 851 1148 desinente
880 1104 898 1147 a
928 1103 962 1148 se
992 1104 1089 1167 regno
1120 1085 1247 1164 peccati.
1356 1072 1360 1079 ’

102 1189 204 1252 uocati
227 1189 309 1263 cuim
334 1202 442 1251 sumus
465 1188 495 1250 in
520 1207 652 1269 regnum
669 1186 814 1251 carlorum
832 1208 869 1252 ex
885 1207 982 1270 regno
998 1189 1107 1252 mortis
1123 1208 1246 1252 euerso:

101 1312 211 1356 mors
245 1292 349 1357 enim
383 1291 578 1374 regnauit
607 1292 653 1354 ab
677 1291 803 1354 Adam
835 1311 960 1375 usque
994 1290 1246 1375 adMoysen:

101 1402 133 1460 et
155 1396 219 1459 iam
242 1395 453 1479 unusquisque
488 1415 541 1458 rex
575 1414 647 1459 suus
682 1401 729 1459 est
759 1397 928 1460 seeundum
952 1394 1140 1476 apostolum:
1170 1395 1246 1459 iam
1275 1418 1300 1456 ro

100 1501 192 1564 sine
227 1500 343 1564 nobis
378 1500 575 1580 regnatis.
621 1499 731 1563 horum
768 1499 861 1583 igitur
895 1500 1048 1565 consessio
1072 1501 1128 1564 deo
1152 1500 1249 1583 digna

101 1617 158 1669 est.
206 1604 367 1668 audiemnt
389 1603 473 1667 enim
496 1603 600 1667 omnia
621 1605 717 1668 uerba
739 1603 801 1668 oris
826 1604 876 1667 dei
900 1604 983 1668 etin
1007 1623 1098 1687 reges
1122 1624 1155 1668 se
1175 1624 1247 1668 eon-

99 1708 227 1773 stitutos
250 1707 356 1771 sciunt.

147 1881 197 1944 13.
222 1879 447 1963 Nequesolum
472 1880 761 1957 confiteantur,
784 1881 841 1945 sed
861 1893 892 1945 et
916 1885 1083 1946 cantent
1105 1881 1144 1945 in
1166 1880 1247 1945 uiis
1294 1908 1300 1927 ·

100 1985 266 2060 domini,
289 2004 351 2048 non
376 1983 639 2068 transgredientes
662 1983 728 2048 uias
752 1985 810 2062 dei,
833 1984 941 2049 sedin
966 1983 1016 2049 his
1039 1990 1154 2050 cuntes.
1188 1985 1247 2049 iriae
1275 2003 1300 2044 ιι

99 2096 205 2154 autem
241 2088 289 2153 dei
324 2095 395 2153 sunt
429 2087 588 2169 prophetae
622 2107 730 2152 omnes
754 2091 785 2152 et
807 2087 944 2168 apostoli,
978 2088 1008 2152 in
1040 2108 1134 2153 unam
1164 2088 1247 2153 uiam

100 2212 358 2276 unumquemque
392 2193 441 2256 uia
475 2212 530 2256 sua
563 2193 744 2275 dirigentes.
789 2205 821 2257 et
854 2194 937 2276 quod
971 2212 1009 2257 ex
1042 2193 1185 2257 omnibus
1214 2194 1247 2257 in

101 2317 196 2362 unam
220 2297 300 2360 uiam
337 2302 541 2374 concurratur,
572 2295 722 2379 propheta
757 2298 949 2362 demonstrat
983 2297 1104 2362 dicens:
1139 2304 1247 2362 state

98 2401 245 2472 inuiis
280 2400 432 2465 domini
468 2406 506 2464 et
538 2400 800 2485 interrogato
834 2401 1003 2466 semitas
1038 2401 1102 2465 dei
1135 2407 1246 2465 aeter·

101 2505 218 2569 nales
242 2510 279 2570 et
300 2505 447 2578 uidete,
472 2524 555 2587 quae
579 2511 641 2568 est
674 2505 737 2568 uia
770 2505 881 2583 bona,
912 2509 951 2569 et
978 2504 1183 2569 ambulate
1206 2505 1244 2568 in
1273 2527 1298 2565 20

100 2630 155 2675 ea.
205 2609 264 2673 uite
298 2609 379 2674 enim
416 2608 531 2672 domini
566 2616 697 2673 aeternae.
749 2609 780 2673 in
815 2607 864 2673 his
897 2609 1004 2692 itaque
1036 2599 1095 2674 uiis
1130 2609 1246 2673 domini

99 2711 289 2778 cantandum
326 2719 372 2777 est
406 2719 438 2776 et
472 2711 597 2794 hymnis
627 2711 858 2792 prophetalibus
900 2713 1134 2795 concinendum,
1174 2714 1247 2796 quia

99 2836 219 2900 magna
242 2817 291 2881 dei
315 2815 413 2900 gloria
444 2823 506 2894 est;
537 2814 776 2900 magnificentiae
807 2817 889 2881 enim
924 2817 989 2881 eius
1013 2837 1073 2880 non
1097 2823 1144 2883 cst
1165 2815 1245 2881 finis.

97 2941 173 2985 nam
197 2920 442 3004 magnitudinem
465 2917 572 3003 gloriae
602 2939 665 2984 suae
700 2940 793 3001 opera
823 2926 983 2999 testantur,
1013 2921 1130 2999 caelum,
1154 2926 1244 3001 terra,

98 3025 207 3103 maria,
240 3023 346 3102 aether,
381 3023 474 3089 homo
508 3024 584 3104 ipse,
618 3023 670 3107 qui
704 3024 831 3090 rationis
868 3024 1022 3106 particeps
1060 3027 1099 3089 ad
1134 3024 1244 3089 homm
1272 3045 1297 3083 aa

97 3128 311 3213 cognitionem
334 3128 486 3209 perfectus
510 3134 564 3207 est,
589 3134 621 3192 ut
650 3149 705 3210 per
740 3128 806 3194 haec
829 3129 962 3193 nisibilia
984 3129 1171 3194 inuisibilem
1196 3131 1244 3194 dei

97 3231 232 3316 gloriam
255 3237 458 3297 contueretur.

145 3440 258 3495 9Rom.
277 3440 310 3507 V,
330 3444 371 3494 14.
409 3442 472 3495 101
491 3440 551 3494 Cor.
570 3444 595 3505 4,
614 3443 638 3494 8.
677 3444 709 3495 18
727 3440 848 3494 Hieram.
867 3441 914 3508 VI,
934 3443 974 3494 16.

147 3617 158 3666 l
181 3615 272 3667 omnia
299 3614 385 3667 uerba
415 3615 466 3667 GT
493 3615 579 3668 uerba
605 3614 669 3666 liPe
722 3616 738 3665 2
761 3619 872 3667 *antem
894 3615 918 3667 G
971 3617 1107 3682 Bmagna
1130 3619 1173 3667 est
1194 3615 1245 3666 (ut

97 3717 203 3768 magna
221 3701 270 3753 Pr
331 3703 349 3754 4
372 3701 497 3770 agnoscit
517 3704 542 3753 G
561 3701 703 3769 cognoscit
722 3701 826 3754 RPET
842 3702 878 3770 cs.
893 3719 921 3770 p.
942 3699 1041 3765 7428
1102 3702 1244 3768 5profeta

100 3788 129 3841 G
147 3787 265 3855 profetia
283 3788 309 3840 R
362 3791 377 3841 7
399 3804 497 3856 reges*
518 3790 543 3841 G
562 3805 656 3855 regem
675 3789 701 3840 R
719 3804 798 3855 reges
817 3788 868 3839 PT
924 3791 942 3842 8
968 3789 1042 3841 enim
1072 3789 1124 3840 GR
1147 3807 1196 3842 our.
1221 3790 1247 3841 1>

99 3889 138 3929 ex
163 3891 249 3943 regno
273 3875 299 3927 R
326 3880 354 3927 et
372 3890 460 3943 regno
480 3874 547 3927 G&
572 3892 657 3940 regno
676 3876 702 3927 P
771 3877 801 3928 ll
827 3875 949 3943 regnatis
979 3875 1032 3927 GP
1056 3875 1192 3943 regnastis
1219 3876 1245 3928 R

98 3963 137 4015 14
154 3966 267 4047 canteng
285 3959 307 4027 (t
326 3963 352 4014 in
370 3979 423 4015 rua.
441 3961 471 4024 3)
482 3962 508 4014 R
523 3944 539 3955 ⁰
571 3964 603 4015 16
622 3967 650 4014 et
668 3961 789 4029 apostoli
809 3962 861 4013 GT
878 3961 996 4029 apostoli
1016 3962 1068 4014 RP
1128 3964 1160 4016 17
1179 3967 1244 4016 sunt

96 4065 290 4134 dirigentesG
343 4065 465 4120 inunum
475 4065 716 4120 uiamGinunam
727 4067 831 4118 RWE
881 4067 1018 4134 22ymni*
1039 4067 1063 4118 (ι’
1110 4068 1244 4135 23gloria

96 4152 130 4206 di
147 4156 191 4206 est
208 4153 235 4205 P
285 4152 492 4220 magnificentia
516 4153 549 4206 ei'
569 4153 642 4206 enim
662 4154 687 4205 Ι)
737 4154 772 4205 24
794 4170 858 4205 nam
884 4171 931 4205 orn.
951 4155 975 4205 R
1029 4155 1062 4206 25
1086 4154 1121 4206 ad
1144 4153 1243 4207 horum

96 4239 289 4306 cognitionem
308 4240 360 4292 ΒΤ
376 4239 405 4292 in
424 4239 522 4292 horum
547 4240 705 4308 cognitione
725 4240 750 4291 P
765 4239 864 4292 horum
883 4240 1041 4308 cognitione
1060 4260 1079 4292 e.
