2790 4844
354 279 535 329 tractatus
554 275 589 328 in
606 278 778 345 psalmum
798 277 918 333 CXLIII.
1144 276 1208 344 821

57 464 108 528 sic
131 462 298 528 inclinatur
320 463 436 541 calum,
460 485 530 530 cum
555 465 593 528 ad
617 472 715 531 terras
739 466 906 532 celestium
929 469 1028 533 uirtus
1050 467 1210 552 honorque

60 568 237 632 deducitur.

110 672 160 735 11.
186 671 222 736 in
246 693 281 736 eo
305 679 419 749 autern,
443 674 525 756 quod
550 675 621 739 tacti
653 680 772 740 montes
795 674 950 760 fumigant
985 676 1084 757 potius
1117 696 1210 760 quam

59 782 202 853 uruntur,
212 796 280 841 oum
294 784 397 841 tamen
409 777 442 840 id
453 777 570 843 iudicat
581 779 663 861 qnod
675 777 817 856 fumetur,
833 780 946 845 deinde
962 799 1031 845 cum
1045 800 1210 847 coruscan-

60 880 150 945 tibus
172 880 434 946 coruscationibus
455 881 646 962 dissipantur
667 883 768 962 potius
791 903 886 966 quam
911 884 1113 961 inlucescunt‚
1145 893 1209 950 turn
1251 907 1263 944 s

60 984 148 1067 quod
164 984 288 1050 amissis
303 986 427 1068 sagittis
443 986 666 1051 conturbantur
687 987 787 1070 magis
803 1007 897 1070 quam
922 988 1126 1071 configuntur,
1150 1009 1210 1053 non

59 1088 132 1152 sina
147 1090 281 1153 maxima
300 1089 419 1154 ratione
438 1089 585 1169 spiritalis
597 1089 815 1173 intellegentia
831 1091 873 1156 ita
889 1091 1008 1156 dicitur.
1039 1094 1210 1175 etquidem

60 1192 126 1256 iam
151 1199 181 1257 et
204 1192 281 1257 alins
297 1193 437 1277 psalmus
453 1192 504 1259 his
520 1193 607 1274 paria
622 1195 785 1278 significat,
809 1214 880 1259 cum
897 1196 954 1260 ait:
978 1215 1212 1279 praeparans

60 1301 223 1361 montes
246 1298 284 1361 in
307 1298 464 1363 uirtute
495 1306 568 1375 tna,
600 1300 812 1364 accinctus
835 1301 1029 1384 potantia
1074 1303 1210 1366 aduentu

60 1402 148 1466 enirn
174 1403 291 1466 domini
315 1402 471 1467 confracta
495 1412 525 1468 et
547 1403 660 1468 obtrita
683 1403 794 1468 diaboli
817 1411 953 1484 potestas
972 1411 1027 1483 cst,
1051 1425 1122 1470 cum
1138 1405 1210 1471 fidoi
1240 1428 1263 1462 10

61 1512 239 1569 sanctorum
257 1505 417 1570 hominurn
438 1508 595 1572 subiectus
610 1514 673 1572 est:
698 1527 758 1571 non
776 1509 855 1591 quod
873 1529 933 1573 non
951 1507 1053 1573 adhuc
1068 1509 1211 1589 potentia

62 1629 131 1674 snae
155 1608 269 1675 habeat
284 1611 436 1675 maximas
451 1611 543 1687 uires,
567 1613 622 1676 sed
638 1613 749 1694 perid,
773 1613 854 1695 quod
872 1621 1039 1696 utcumque
1055 1614 1211 1678 subiactus

61 1720 120 1784 est,
144 1715 307 1794 praesentis
331 1715 531 1780 subiectionis
554 1715 731 1781 condicione
754 1714 864 1781 ultioni
887 1725 919 1781 ct
942 1736 1042 1797 poenae
1064 1716 1211 1801 legitimae

61 1824 265 1898 praeparatur,
287 1822 322 1883 ut
344 1838 428 1883 nunc
450 1839 505 1899 per
528 1818 609 1883 hanc
632 1821 764 1884 eandam
791 1820 1010 1885 subiectionem
1035 1821 1146 1886 uirtute
1162 1821 1211 1885 dei

63 1927 165 1986 tactus
196 1921 302 1998 fumet,
337 1921 409 1987 licet
443 1925 581 1988 nondum
616 1930 697 1988 totus
731 1928 849 1995 uratur:
884 1925 940 1990 sod
975 1945 1030 2006 per
1064 1925 1104 2002 id,
1129 1927 1210 2009 qnod
1239 1947 1263 1983 1⁶

63 2025 189 2090 interim
213 2026 331 2091 fumare
362 2027 467 2109 potuit,
491 2034 522 2091 et
544 2028 590 2090 uri
614 2047 704 2107 possa
728 2029 901 2093 noscendus
926 2037 979 2093 est.
1025 2029 1121 2093 uritur
1150 2049 1212 2094 non

62 2129 113 2194 ille
138 2137 267 2206 tantum,
298 2131 353 2195 scd
382 2144 412 2195 et
434 2151 543 2196 omnes
566 2131 641 2196 aius.
687 2152 746 2196 non
771 2132 852 2196 eninr
876 2133 928 2197 uui
952 2140 1071 2197 tantum
1094 2152 1212 2213 praepa·

62 2240 148 2298 ratus
172 2232 223 2298 hic
258 2233 339 2318 ignis
363 2241 410 2300 est
433 2235 556 2299 domino
580 2235 717 2300 dicante:
752 2236 862 2300 abita
886 2237 923 2299 in
948 2237 1078 2319 ignem
1103 2243 1212 2301 aster·

61 2358 170 2413 num,
216 2357 330 2421 quern
377 2339 627 2422 praeparauit
671 2347 787 2420 pater
823 2360 931 2405 meus
970 2339 1136 2406 diabolo
1174 2347 1212 2403 et

61 2442 226 2523 angelis
257 2442 355 2507 cius.
401 2442 434 2507 hi
458 2463 533 2526 ergo
563 2450 683 2508 montes
713 2445 784 2509 tacti
807 2464 825 2506 a
848 2445 973 2509 domino
1005 2443 1208 2528 fumigabunt.
1239 2464 1265 2499 ‘20

110 2547 158 2610 12.
183 2545 425 2626 Dissipabuntur
440 2548 532 2612 etiarn
548 2554 707 2612 coruscata
722 2548 943 2622 coruscatione,
968 2548 1071 2613 lumen
1092 2546 1210 2612 scilicet

63 2670 179 2721 eorum,
205 2651 379 2733 dequibus
410 2651 524 2716 dictum
561 2659 623 2716 cst:
659 2673 730 2717 nos
765 2653 868 2716 estis
902 2652 1033 2716 ioman
1065 2651 1211 2725 mnndi,

62 2775 124 2820 non
160 2754 306 2820 ferentes.
354 2755 470 2820 domini
502 2776 636 2840 namquo
666 2756 817 2821 aduentus
849 2766 1008 2839 tamquam
1040 2755 1144 2838 fulgur
1173 2756 1211 2819 ab

62 2859 181 2923 oriente
198 2878 295 2943 usque
318 2859 349 2922 in
373 2859 563 2925 occidentem
585 2880 738 2940 apparens
761 2858 965 2943 intellegetur.
1011 2860 1065 2924 sad
1089 2858 1212 2923 interim

63 2962 291 3028 coruscationes
325 2963 428 3027 multae
460 2971 538 3039 sunt,
573 2965 604 3028 id
639 2973 686 3029 est
715 2962 888 3044 apostolica
923 2962 1157 3044 pradicationes
1181 2971 1211 3026 et
1255 3014 1257 3017 .

65 3067 212 3148 splendor
234 3067 380 3131 doctriua
404 3068 461 3135 dai.
497 3088 565 3151 quau
600 3069 790 3132 crrndansam
825 3067 909 3131 iliam
945 3075 974 3131 et
1005 3066 1212 3146 conspiratam

66 3173 239 3236 damonum
263 3171 410 3236 uirtutem
433 3172 654 3236 coruscationis
678 3171 745 3237 loca
769 3171 928 3254 dispergit.

106 3275 158 3340 13.
184 3274 314 3359 Sagittae
338 3275 429 3340 ctiam
455 3276 576 3340 omissa
596 3275 822 3341 conturbabunt
838 3295 897 3339 eos.
946 3274 1088 3339 meminit
1102 3274 1212 3339 cadem

67 3397 189 3461 quoquo
213 3377 375 3459 prophetia
410 3387 439 3444 at
461 3379 528 3444 loco
562 3379 620 3444 alio
655 3379 765 3443 harum
800 3379 1001 3462 sagittarum:
1037 3377 1209 3461 sagittar,

66 3482 170 3567 inquit,
203 3483 463 3562 paruulorum
495 3483 611 3548 sactae
642 3491 734 3548 sunt
769 3482 898 3567 plagae
922 3502 1071 3547 corum:
1095 3502 1208 3565 paruu·
1235 3503 1267 3540 ao

67 3584 170 3664 lorum,
194 3594 226 3650 nt
249 3587 406 3668 apostolus
437 3588 485 3663 ait,
518 3586 643 3664 malitia,
674 3608 736 3653 non
767 3606 869 3652 sensu.
916 3585 1027 3650 horum
1052 3585 1155 3669 igitur,
1180 3585 1211 3649 id

105 3727 186 3780 8Ps.
213 3725 309 3792 LXIV,
336 3728 360 3779 7.
405 3728 437 3780 18
463 3727 562 3780 Matth.
590 3727 673 3790 XXV,
700 3729 742 3781 41.
784 3729 819 3779 22
846 3726 946 3779 Matth.
973 3725 1005 3791 V,
1035 3728 1082 3778 14.
1118 3726 1153 3777 23
1180 3724 1214 3778 cf.

68 3811 277 3878 naamam,
296 3813 338 3864 27.
374 3815 409 3867 29
426 3813 469 3866 Ps.
489 3814 587 3880 LXIII,
605 3816 630 3868 8.
665 3813 810 3868 calcor.
831 3815 933 3879 raso.

193 3941 228 3980 is

104 3994 251 4064 sfumgnt
268 4012 334 4047 corr.
354 4013 387 4047 m.
408 3996 423 4045 1
443 3996 468 4047 11
524 3997 555 4048 12
573 3994 673 4048 habeat
700 3995 833 4048 maximas
852 3996 877 4046 1-1
901 3995 1036 4047 maximas
1063 3981 1164 4046 habeat
1190 3994 1217 4045 E

67 4083 95 4135 17
113 4088 173 4136 oms
202 4082 259 4135 eius
287 4082 313 4134 R
366 4097 421 4133 non
449 4082 523 4141 enirn
552 4083 599 4134 uni
627 4084 652 4134 R
679 4098 734 4134 non
761 4082 809 4134 uni
837 4082 865 4132 Ε
918 4084 950 4135 18
968 4080 1047 4133 habit
1074 4079 1097 4133 tit
1126 4079 1155 4131 in
1185 4080 1210 4133 R

65 4170 96 4225 20
112 4168 291 4238 fumigabunt
310 4169 336 4221 R
353 4167 500 4222 fumabunt
513 4169 541 4219 E
591 4171 623 4221 sl
644 4175 787 4222 coruscata
806 4167 998 4221 coruscatione
1019 4166 1044 4219 R
1062 4183 1113 4234 per
1131 4183 1210 4220 coru·

63 4261 150 4309 sectas
169 4256 375 4309 coruscationes
395 4256 422 4306 Ε
473 4257 505 4308 27
525 4255 660 4324 dispergit
681 4256 719 4307 aa
737 4254 880 4323 dispergat
901 4274 921 4306 e.
