2790 4844
146 253 210 320 238
493 252 611 305 sancti
630 252 761 306 Hilarii
780 251 940 320 episcopi

145 443 283 526 perfecta
306 444 416 507 domus
438 443 488 509 dei
512 462 639 506 munera
663 460 858 524 nequaquam
882 441 999 504 naturis
1030 438 1200 503 carnalium
1225 459 1282 505 sen

147 568 237 613 suurn
259 549 453 613 aestimanda.
498 548 583 611 nouit
604 545 672 611 haec
695 565 794 629 usque
810 545 848 609 ad
864 546 989 609 tertium
1004 542 1114 609 caelum
1134 543 1283 626 apostolu

145 660 252 734 raptus
275 659 307 717 ot
329 653 476 733 praedicat
499 652 621 716 dicens:
658 651 761 734 quod
795 648 936 714 oculus
969 668 1045 713 non
1079 649 1198 722 uidit,
1223 669 1283 714 ner

146 758 257 822 auris
293 757 462 834 audiuit,
496 775 569 821 nec
603 757 641 819 in
676 774 744 820 cor
779 754 955 818 hominis
987 754 1187 830 ascendit,
1211 773 1283 838 qua

107 862 397 942 apraeparauit
430 862 529 925 deus
564 859 635 937 hie,
671 861 736 943 qui
772 858 956 943 diligunt
989 877 1083 922 eum.
1127 856 1178 922 his
1202 858 1281 942 igitu

147 968 256 1031 domus
280 967 330 1031 dei
354 966 442 1030 donis
458 965 655 1046 replebimur.
701 971 731 1029 et
744 965 889 1029 meritum
901 962 1170 1043 percipiendorum
1185 961 1283 1027 burun

147 1070 302 1135 fructuum
341 1071 431 1135 docet
464 1070 588 1134 dicens:
625 1074 810 1133 sanctum
850 1081 912 1132 est
949 1065 1139 1147 templum
1179 1072 1283 1132 tuurn

148 1174 341 1239 mirabile
364 1174 402 1238 in
426 1174 630 1257 equitate.
676 1172 779 1236 omnia
801 1191 935 1255 namque
957 1172 1150 1236 credentium
1166 1191 1283 1253 corpou

148 1278 297 1359 templum
322 1279 371 1343 dei
395 1297 464 1343 esse
480 1278 635 1358 apostolus
651 1278 739 1342 docet
763 1278 885 1341 diceus:
909 1295 955 1340 an
979 1275 1164 1353 nescitis,
1190 1295 1283 1360 quo<

96 1406 120 1441 ιι
151 1381 342 1465 ternplum
363 1382 545 1448 delestis
572 1392 609 1447 et
632 1379 1071 1462 spiritusdeihubitat
1091 1379 1131 1443 in
1154 1379 1283 1445 uobis

150 1488 183 1551 si
207 1487 298 1570 quis
322 1486 516 1568 templum
533 1487 595 1551 dei
613 1484 855 1566 corruperit,
872 1489 1105 1564 corrumpet
1128 1489 1167 1548 et
1190 1483 1283 1548 hun=

148 1593 255 1657 deus.
300 1590 493 1673 templum
532 1591 638 1655 euim
676 1591 739 1655 dei
779 1594 964 1654 sanctum
1003 1595 1074 1653 est
1119 1589 1283 1654 ornandus

148 1715 224 1780 ergo
247 1694 306 1760 hoc
330 1696 378 1760 dei
403 1694 552 1776 templum
584 1701 632 1760 est
661 1694 825 1759 sanctitate
855 1701 947 1776 atque
977 1693 1105 1773 iustitia,
1138 1698 1173 1756 nt
1207 1694 1281 1758 boni

149 1800 259 1864 domus
293 1800 342 1864 dei
377 1798 539 1881 repleatur,
573 1808 607 1863 ut
637 1798 791 1881 aequitatis
825 1817 861 1862 ac
883 1796 957 1861 fidei
981 1795 1123 1877 operibus
1152 1796 1283 1863 mirabil

98 1927 121 1963 ιι
148 1905 196 1970 sit.
244 1905 371 1970 domurn
400 1910 502 1969 autern
537 1904 587 1968 dei
622 1906 715 1969 ebant
748 1903 851 1984 ipsum
882 1903 1079 1983 adsumptum
1111 1922 1129 1965 a
1160 1902 1210 1967 dei
1234 1901 1283 1967 lili

150 2009 307 2073 bominem
349 2007 530 2092 intellegere
572 2009 631 2073 erit
672 2014 857 2089 promptum,
898 2006 970 2089 quia
1004 2006 1034 2069 in
1071 2026 1107 2070 eo
1142 2005 1283 2073 inhabile

148 2115 249 2177 omnis
272 2112 430 2195 plenitudo
453 2113 632 2191 diuinitatis,
665 2121 695 2177 et
725 2133 779 2193 per
810 2118 925 2176 natura
960 2111 1180 2191 proprietatem
1205 2111 1238 2176 in
1261 2132 1283 2176 el

148 2224 237 2298 pater
260 2217 387 2295 habitet
410 2217 500 2281 bonis
522 2218 626 2300 itaque
649 2219 724 2295 eius,
747 2217 778 2281 id
813 2223 860 2281 est
895 2215 1027 2293 uirtutis,
1061 2214 1177 2299 gloria,
1208 2221 1283 2280 aeter

149 2322 254 2387 nitatis
277 2341 461 2406 unoquoquo
484 2342 520 2386 oo
543 2321 700 2402 replendo,
724 2321 775 2404 qui
799 2341 834 2385 se
858 2320 1006 2404 templum
1032 2320 1089 2384 deo
1105 2326 1281 2385 sauctnmo

97 2443 122 2481 ιο
150 2425 292 2491 mirabile
315 2426 346 2490 in
370 2427 514 2510 aequitate
537 2427 716 2491 seruauerit.
761 2425 898 2489 omnium
923 2426 1027 2508 itaque
1050 2443 1122 2505 spes
1156 2425 1217 2489 ista
1240 2432 1283 2490 est

149 2537 182 2594 ut
203 2529 293 2595 bonis
316 2530 427 2594 domus
450 2530 498 2595 dei
523 2529 705 2610 repleamur,
729 2535 763 2593 ut
783 2539 924 2593 sanctum
940 2537 972 2593 et-
987 2527 1129 2593 mirabile
1145 2527 1283 2610 templun

149 2633 231 2699 illius
252 2635 359 2700 simus.
406 2634 487 2700 beati
504 2634 630 2716 quidem
648 2641 726 2711 sunt,
751 2635 803 2717 qui
819 2634 880 2697 iarn
905 2653 922 2697 a
945 2635 1003 2698 deo
1026 2634 1065 2697 ad
1090 2631 1283 2698 habitandun

149 2739 180 2803 in
205 2738 409 2804 tabernaculis
432 2739 497 2804 eius
521 2737 610 2803 electi
634 2744 712 2816 sunt
736 2739 792 2803 sed
814 2737 960 2802 festinare
987 2757 1043 2801 uos
1058 2737 1089 2801 iu
1107 2738 1283 2801 consortiun

151 2841 241 2907 huius
264 2842 462 2908 beatitudinis
486 2862 654 2926 congruum
671 2850 725 2907 est.
749 2842 979 2923 operationibus
995 2842 1027 2905 id
1043 2848 1136 2923 atque
1152 2841 1282 2906 orationi

98 2962 124 2998 2⁶
151 2946 209 3011 bue
232 2952 466 3030 consequentes.

194 3051 222 3114 7.
246 3050 292 3115 Ob
315 3051 398 3133 quod
420 3051 463 3115 ita
497 3051 648 3134 sequitur:
680 3051 824 3116 exaudi
856 3070 933 3126 uos,
965 3051 1061 3115 deus
1092 3047 1283 3114 salutari*

151 3163 299 3230 noster,
321 3174 413 3235 spes
436 3156 609 3219 omniurn
633 3156 775 3220 liniunt
802 3163 920 3219 terrae
937 3154 1028 3218 etin
1045 3152 1283 3238 marilonga

193 3346 240 3400 31
259 3345 319 3399 Gor.
338 3348 363 3412 2,
382 3348 407 3399 9.
442 3348 459 3398 9
478 3347 490 3399 l
509 3345 570 3398 Gor.
588 3348 613 3412 ὃ,
633 3347 666 3400 16
685 3363 725 3413 sq.

196 3571 257 3624 lin
275 3571 381 3624 naturis
401 3573 426 3624 R
478 3517 573 3624 Rhaec
592 3588 658 3625 corr.
686 3591 719 3625 m.
742 3572 800 3625 IR
853 3572 967 3626 libonis
987 3572 1015 3623 E
1065 3572 1240 3641 replebimur
1264 3594 1283 3628 n

152 3657 211 3710 IR
265 3660 296 3711 11
311 3668 371 3728 post
390 3658 452 3725 quis
466 3661 536 3711 'arna
556 3659 621 3710 iuR
673 3659 830 3727 corruperit
848 3677 878 3711 rr
895 3658 1121 3726 corrumperitR
1175 3666 1205 3715 et
1222 3660 1283 3716 hun

158 3796 218 3849 VRe
236 3813 299 3850 euru
318 3796 358 3848 Pb
414 3799 446 3850 12
463 3797 619 3850 ornandum
638 3816 668 3850 ea
685 3796 865 3851 orandumP
917 3800 949 3850 13
967 3740 1062 3851 tempm
1077 3816 1144 3852 corr.
1165 3819 1199 3853 m».
1232 3801 1246 3854 l
1274 3802 1283 3855 l

151 3883 299 3936 sanctitate
318 3901 348 3936 ex
366 3885 508 3937 sanctitati
527 3903 559 3937 m.
582 3885 595 3935 1
615 3885 641 3936 R
695 3886 728 3937 14
746 3884 790 3937 dci
809 3903 857 3936 ona
871 3884 897 3936 P
949 3885 981 3938 15
999 3883 1092 3938 &tiam
1111 3882 1178 3950 (iam
1199 3888 1225 3940 ιἰι
1245 3906 1283 3942 ru

150 3988 182 4021 m.
205 3968 231 4034 I)
251 3970 277 4022 R
326 3981 385 4040 post
413 3971 590 4040 adsumptum
619 3971 691 4023 1-2
717 3972 763 4023 litt.
790 3989 857 4025 eros.
876 3972 902 4024 R
957 3974 990 4025 16
1007 3971 1145 4026 inhabitet
1164 3999 1200 4011 -
1219 3982 1283 4044 pate

150 4073 199 4109 om.
217 4057 244 4109 P
279 4057 310 4110 18
328 4056 431 4111 habita
449 4056 521 4125 (ltin
535 4076 586 4111 rna.
599 4077 631 4110 nr.
647 4057 675 4123 1)
690 4058 715 4110 R
732 4057 871 4112 habitata
907 4058 1000 4126 itaque
1013 4075 1089 4111 orae
1124 4059 1283 4128 gloriazl

150 4144 184 4197 20
201 4144 324 4197 omniurn
351 4143 444 4211 itaque
471 4149 597 4199 nostrum
625 4161 686 4213 spes
706 4145 734 4197 Ε
783 4147 818 4198 211
836 4144 891 4198 iam
920 4146 941 4209 (i
965 4147 990 4197 in
1018 4162 1080 4214 raa,
1107 4164 1177 4201 eros
1196 4149 1247 4217 et)
1273 4151 1283 4204 l

148 4230 183 4282 ut
201 4230 230 4284 id
248 4249 296 4284 om.
315 4231 341 4284 R
394 4230 483 4300 adque
502 4232 528 4285 R
580 4233 615 4286 25
633 4237 832 4299 consequentes
852 4233 877 4284 R
895 4236 1056 4301 expetentes
1076 4231 1136 4289 PE.
