2790 4844
383 291 565 340 tractatus
590 287 625 339 iu
650 287 821 354 psalmum
847 286 942 338 Lxlt'.
1171 286 1233 352 245

84 483 200 545 cotidie
223 479 393 545 caelestium
419 480 567 541 bonorum
591 497 701 541 munus
722 476 880 541 haurimus
904 476 987 559 pleni
1003 477 1115 542 diuinis
1139 476 1233 558 copiis

83 591 181 667 utque
205 584 291 648 ebrii.
339 580 533 662 locupletatio
556 583 639 645 euim
656 590 779 645 intensa
795 588 842 644 θεῖ
858 574 925 644 θεεδ
942 601 985 649 ea.
1010 600 1078 663 quau
1093 583 1233 662 superius

84 688 319 769 nuncupabatur
342 685 483 751 ebrietas.

132 792 183 856 tt.
209 791 248 855 Εῖ
270 790 516 871 locupletationis
539 796 630 872 atque
654 789 810 853 ebrietatis
835 787 924 853 huius
947 788 1062 853 fruetus
1093 799 1139 853 θεῖ
1162 809 1233 853 cou-

82 898 227 962 tnendua.
273 906 303 960 θῖ
333 896 385 977 qui
419 893 470 958 hic
502 894 625 959 taudem
650 894 699 966 sit,
730 912 790 955 non
823 903 955 957 tacet-ur:
987 892 1138 957 fiumen
1169 894 1231 958 dei
1272 922 1285 958 a

82 999 289 1081 repletum
314 1005 376 1064 θεῖ
398 1019 510 1081 aqua,
535 997 836 1078 parasticibum
855 995 1232 1079 iilorum,quouiam

81 1106 142 1168 itu
174 1111 238 1170 θεῖ
267 1103 514 1185 praeparatio
547 1110 621 1165 tua.
667 1115 696 1166 θῖ
719 1103 758 1165 de
783 1101 908 1165 iiumiue
939 1102 1119 1183 urnbigendi
1148 1101 1232 1166 locus

81 1210 187 1273 nulius
220 1219 274 1273 θεῖ.
321 1211 363 1272 ait
394 1209 475 1272 enim
510 1205 678 1286 propheta:
710 1205 897 1269 fluminio
928 1207 1103 1286 impetus
1135 1205 1232 1270 laeti·
1283 1212 1288 1235 ¹

82 1316 187 1378 sicat
219 1314 435 1378 ciuitatem
467 1312 540 1376 dei.
586 1319 616 1375 θῖ
647 1311 713 1390 ipse
744 1311 887 1374 dominus
920 1311 950 1374 in
980 1310 1149 1394 euangeliis
1173 1310 1230 1374 ait:

80 1419 152 1500 qui
178 1417 340 1482 biberit
362 1437 407 1481 ex
429 1435 539 1499 aqua
563 1434 678 1497 quam
703 1434 777 1494 ego
802 1416 959 1487 dedero,
991 1413 1163 1478 flumina
1185 1414 1231 1478 de
1260 1440 1283 1475 ιθ

81 1532 230 1585 uentre
261 1522 349 1586 eius
381 1521 515 1585 fiuent
542 1540 652 1603 aquae
683 1521 781 1583 uiua>
813 1517 1007 1583 salientis
1038 1520 1074 1583 in
1107 1519 1228 1583 uitam

80 1635 287 1689 uternam.
335 1632 365 1689 et
397 1626 522 1690 iterum:
563 1625 628 1706 (poi
668 1624 901 1688 crediderit
938 1624 976 1687 in
1016 1643 1081 1699 me,
1123 1625 1230 1687 siout

79 1731 377 1808 scriptumest,
404 1728 575 1793 flumina
606 1729 651 1792 de
684 1735 826 1792 uentre
855 1729 942 1791 eius
966 1729 1110 1792 exient.
1157 1727 1230 1792 hoc

79 1845 217 1897 autem
241 1833 407 1897 dicebat
438 1835 484 1897 de
513 1833 665 1912 spiritu
689 1842 838 1900 sanato,
870 1851 984 1914 quem
1017 1833 1229 1912 accepturi

77 1944 203 2002 crant
240 1938 457 2002 credentes
496 1938 532 2000 in
572 1957 664 2000 eunt.
712 1935 770 2000 hoo
801 1956 877 2019 ergo
916 1936 1030 2000 flumen
1066 1936 1116 2001 dei
1147 1956 1226 2019 aqua
1256 1959 1279 1993 u

77 2041 231 2121 repletur.
278 2041 404 2122 spiritua
428 2041 512 2105 euim
535 2041 633 2105 sanati
658 2040 838 2104 muneribus
862 2040 1055 2116 inundemur,
1079 2046 1110 2104 θῖ
1126 2041 1157 2103 in
1172 2060 1228 2104 noa

76 2166 117 2210 ex
141 2144 196 2209 iiio
219 2145 289 2209 nit-a
314 2144 398 2209 sonte
434 2144 543 2209 fluuius
568 2145 616 2208 dei
641 2164 721 2226 aqua
746 2141 883 2223 repletus
907 2143 1086 2208 infunditur.
1135 2143 1228 2209 habe·

75 2270 151 2314 mua
188 2249 281 2313 etiam
316 2254 348 2313 et
382 2249 484 2313 cibum
521 2255 669 2328 paratum.
716 2248 839 2330 etquis
871 2247 921 2313 iric
953 2249 1039 2313 cibus
1063 2248 1133 2313 est?
1177 2248 1228 2312 ille

75 2353 210 2419 eciiicet.
228 2353 258 2417 iu
275 2372 335 2436 quo
352 2354 391 2416 ad
408 2352 458 2417 dei
474 2353 661 2417 consortium
680 2372 889 2431 praeparamur
905 2373 960 2431 per
977 2353 1226 2417 communionem

73 2458 182 2522 sancti
206 2457 344 2537 corporis
367 2458 398 2520 in
421 2457 638 2522 communione
670 2457 817 2536 deinceps
841 2458 939 2521 saneti
962 2457 1098 2537 corporis
1122 2455 1225 2522 conlo·
1253 2474 1278 2514 20

71 2561 184 2630 contii.
230 2562 260 2624 id
285 2562 368 2626 euim
393 2580 531 2641 praeseus
555 2559 692 2641 psalmus
726 2561 882 2644 signifieat
912 2561 1034 2625 dicens:
1070 2561 1227 2641 parasti

70 2668 216 2732 cibum
251 2665 424 2732 illorum.
459 2665 646 2748 quoniam
682 2665 740 2728 ita
774 2671 835 2729 θεῖ
866 2665 1112 2745 praeparatio
1147 2671 1226 2734 tua:

69 2772 152 2856 quia
178 2770 247 2833 cibo
270 2768 321 2833 illo
344 2769 487 2851 quemuis
503 2769 532 2831 in
550 2788 688 2848 praesens
712 2767 875 2836 aaluamur,
901 2770 1052 2833 tamenin
1070 2777 1225 2848 posterum

69 2893 303 2956 praeparamur.

122 2977 176 3041 15.
201 2976 312 3041 Seruat
335 2983 438 3041 autem
463 2976 718 3041 consuetudinem
744 2998 830 3041 sunm
848 2976 1009 3059 propheta,
1027 2983 1060 3041 ut
1076 2986 1225 3057 tempora.
1253 2995 1278 3032 θ

67 3086 114 3149 de
143 3081 256 3162 quibus
280 3079 421 3164 loquitur,
453 3081 631 3164 distinguat.
676 3081 816 3161 superior
846 3101 981 3163 namque
1012 3102 1116 3146 sermo
1147 3088 1225 3145 tam-

66 3205 176 3272 quam
209 3185 247 3249 de
283 3184 440 3265 [tracterito
471 3185 542 3261 fuit:
580 3203 648 3267 quae
682 3192 784 3250 autem
821 3184 921 3250 adhue
955 3185 1095 3269 gerenda
1129 3191 1225 3251 eraut.

69 3290 290 3377 gerendorum
326 3287 388 3353 fide
412 3295 443 3353 et
467 3289 595 3352 scientia
627 3296 786 3371 tamquam
817 3290 878 3353 iam
910 3296 998 3373 geste
1031 3289 1224 3355 memorauit.

67 3405 106 3463 ut
133 3402 242 3458 eutem
265 3413 302 3458 ea
325 3393 428 3456 omnia
454 3392 545 3456 futuri
579 3393 726 3472 temporis
759 3395 885 3457 doceret
915 3413 994 3470 esse,
1026 3394 1083 3458 ait:
1115 3395 1224 3459 riuos

116 3554 136 3605 a
158 3549 202 3603 rs.
223 3549 303 3614 xer,
322 3551 347 3602 a.
387 3552 418 3603 ιο
436 3549 492 3602 nh.
511 3549 557 3614 w,
578 3552 610 3603 ra
629 3567 668 3617 sq.
707 3552 738 3602 ιε
757 3549 812 3602 rou.
832 3549 891 3616 vn,
909 3554 944 3605 ae
963 3567 1002 3617 sq.

118 3670 291 3779 inserimus
309 3741 375 3776 corr.
396 3742 427 3775 tn.
450 3723 463 3773 Ι
483 3723 508 3775 1’
525 3723 684 3776 aurimuoli
738 3724 953 3804 SuebrietuaP
1003 3725 1068 3778 ain
1086 3742 1224 3794 erruauge·

66 3832 117 3885 liin
140 3827 226 3890 Rtin
243 3827 390 3896 euangelio
407 3827 440 3892 V)
498 3830 530 3880 10
548 3843 584 3880 ex
602 3832 635 3892 (x
647 3830 673 3879 in
685 3845 736 3881 raa.
749 3828 777 3893 1)
792 3829 817 3881 rt
871 3828 1066 3882 &fluminaR
1121 3832 1152 3883 13
1172 3828 1223 3883 hoo

65 3934 141 3985 crgo
180 3914 202 3965 V
225 3915 259 3982 of.
289 3915 395 3983 Eptem.
422 3914 509 3967 Austr.
534 3913 608 3967 1889
631 3934 660 3984 p.
687 3913 743 3968 984
799 3917 830 3970 18
857 3915 902 3968 hio
928 3914 1038 3980 (V)PE
1060 3915 1105 3968 hic
1130 3915 1178 3968 ille
1198 3917 1224 3969 R

68 4009 105 4062 19
123 4021 142 4055 θ
165 4017 245 4068 quoe
297 4018 348 4069 per
366 4000 587 4054 communionem
607 4000 664 4066 (om
683 4001 880 4067 ercorr.1)R
933 4005 968 4057 20
976 4013 1036 4071 pon
1049 4000 1223 4056 sanotitt-r'

66 4096 115 4145 rin,
138 4088 254 4141 eroass
306 4089 336 4140 in
360 4087 553 4141 communione
574 4089 599 4139 1’
649 4090 683 4143 23
707 4088 898 4142 eelussemur
923 4093 951 4153 (e
976 4107 1006 4142 er
1030 4105 1046 4142 a
1070 4101 1098 4142 ut
1122 4090 1223 4143 uidetur

64 4181 158 4241 tarr.)
178 4176 204 4227 It
222 4174 392 4227 taiuemure
444 4176 478 4227 26
498 4175 696 4243 epphetau-:t
716 4174 796 4235 (erae.
815 4176 838 4237 i)
858 4181 983 4244 tempore
1002 4176 1027 4229 R
1080 4179 1114 4231 att
1133 4174 1223 4245 nique

65 4261 325 4335 .s·1pr.scr.tn,IR
377 4263 411 4313 27
429 4261 518 4315 adhuc
536 4280 608 4331 supr.
623 4280 672 4317 eor.
686 4281 718 4316 m.
731 4264 751 4312 :t
764 4264 789 4315 R
843 4274 920 4316 erant
939 4281 1011 4333 supr.
1030 4282 1079 4317 aer.
1099 4281 1131 4315 m.
1150 4261 1171 4315 3
1190 4264 1223 4318 R.
