2790 4844
114 197 155 261 52
452 198 568 251 sancti
593 195 731 250 Hilarii
755 193 918 264 episcopi

113 383 344 461 sollemnitates
367 393 496 466 pertaesa
518 386 638 449 ieiunia
683 384 842 449 auertendi
865 384 903 448 ab
926 391 1052 466 aspectu
1078 385 1256 452 adeuntium

113 488 200 566 oculi,
212 490 409 554 obstruendae
421 489 460 553 ab
472 489 576 553 auditu
588 489 779 570 precantium
791 508 889 565 aures,
898 488 971 571 quia
983 509 1092 553 manus
1104 492 1259 574 sangnine

113 591 211 672 plenae
235 593 310 657 sint:
335 594 408 677 qnid
433 592 491 659 bac
514 594 750 658 comminatione
773 593 899 674 granius
915 593 984 658 est?
1007 594 1082 676 quid
1097 593 1147 659 his
1163 595 1258 659 minis

113 698 273 762 seuerius?
296 699 350 762 sed
374 698 542 774 uideamus,
566 697 697 781 qualiter
720 698 752 761 in
774 698 820 760 ira
843 717 898 760 sna
922 698 997 761 deus
1021 697 1170 780 loquatur.

74 851 86 884 a
157 817 208 883 20.
234 818 378 901 Sequitur
406 819 498 896 enim,
528 825 732 902 posteaquam
763 819 880 883 dictum
912 826 973 884 est:
1005 840 1143 884 manns
1174 841 1258 886 ues-

113 931 180 987 trae
203 924 404 1006 sangnine
426 922 554 1004 plenae
578 930 677 1000 sunt,
707 922 913 1000 lauamini,
945 924 1084 988 mnndi
1115 931 1258 1000 estote,

111 1026 269 1091 aiulerte
303 1027 510 1111 nequitias
540 1028 586 1092 ab
617 1027 763 1091 animis
794 1029 960 1102 nustria,
991 1037 1257 1110 aconspectn

111 1131 317 1195 oculorum
351 1151 536 1196 meorum.
581 1132 732 1196 discite
764 1132 907 1196 bonnm
939 1133 1090 1209 lacere,
1122 1134 1256 1217 exqui-

111 1236 190 1299 rite
213 1236 418 1315 indicium,
441 1235 619 1300 liberate
643 1235 1256 1316 iniuriamaccipientemindi·

111 1346 199 1404 cate
222 1339 379 1420 pupille
403 1347 440 1404 et
463 1341 699 1404 instit'icate
721 1340 897 1404 uiduam:
933 1350 971 1404 et
1001 1342 1147 1416 uenite,
1180 1342 1257 1406 dis-

111 1449 306 1522 putemus,
327 1444 427 1509 dicit
451 1443 646 1507 dominns,
674 1442 1258 1509 etsifuerintdelictanestra

111 1548 217 1611 sicut
255 1547 512 1628 phenicium.
551 1554 591 1611 ut
629 1548 761 1613 niuem
800 1548 1014 1612 dealbabo:
1053 1549 1086 1613 si
1123 1555 1256 1614 autern

111 1650 267 1715 fuerint
288 1667 331 1716 nt
353 1659 580 1728 coccumnt
602 1651 734 1716 lanam
757 1651 971 1716 candidam
988 1651 1187 1717 efficiam.
1218 1663 1258 1717 et

111 1756 144 1818 si
168 1754 388 1821 uolueritis
420 1765 457 1821 et
495 1757 766 1820 exaudieritis
804 1776 869 1833 nrc,
908 1775 992 1839 quae
1030 1758 1132 1821 bona
1163 1768 1257 1821 sunt

111 1869 229 1924 terrae
253 1860 573 1925 manducabitis:
597 1862 701 1944 qnod
725 1861 758 1924 si
781 1859 1001 1925 nolueritis
1035 1880 1166 1944 neque
1196 1881 1257 1925 au·

112 1965 305 2039 diueritis
329 1985 394 2042 me,
417 1964 583 2049 gladius
605 1984 674 2029 nos
698 1965 893 2029 comedet.
917 1985 959 2029 os
982 1965 1256 2030 enimdomini

111 2068 289 2133 locutum
312 2077 374 2133 est
396 2067 487 2134 brec.
532 2070 671 2153 sequitur
694 2078 841 2133 terrorem
858 2069 1043 2153 benignitas.
1088 2077 1120 2135 et
1141 2070 1256 2152 quibus

110 2174 172 2237 iam
205 2173 278 2238 ultio
309 2174 447 2238 criminis
478 2174 582 2238 debita
612 2180 667 2249 est,
699 2172 748 2237 his
777 2172 880 2238 adbuc
911 2181 1051 2253 superest
1079 2174 1257 2255 paenitentis

111 2279 307 2344 conscientian
338 2278 427 2342 beata
451 2278 611 2342 confessio.
657 2297 718 2340 nen
742 2277 825 2342 enirn
849 2278 954 2341 statim
978 2278 1053 2342 dens
1076 2279 1109 2341 in
1131 2279 1177 2342 ira
1200 2298 1256 2342 sna

60 2412 76 2437 -ι
111 2384 244 2463 perimit,
275 2384 330 2447 sed
362 2381 495 2465 loquitur
533 2390 562 2445 et
596 2381 787 2446 dissimulata
817 2381 919 2446 adbuc
948 2400 1039 2463 poena
1068 2388 1187 2446 mntem
1225 2384 1256 2446 in

110 2487 322 2570 indignatione
359 2485 527 2567 perturbat.
573 2487 625 2569 qui
660 2487 742 2550 enim
776 2494 809 2549 ut
847 2505 972 2550 coccum
1003 2494 1033 2550 et
1063 2484 1256 2565 phenicium

111 2599 205 2666 erant,
236 2591 418 2656 redundanti
450 2590 480 2653 in
512 2609 622 2654 manus
653 2590 803 2672 sanguine
834 2589 1000 2667 decolores
1031 2588 1064 2653 hi
1093 2591 1123 2654 in
1149 2591 1257 2656 niuem

110 2695 268 2760 albescent
301 2701 452 2776 eruntque
475 2702 560 2759 ueste
583 2694 662 2758 beati
687 2692 808 2758 uelleris
831 2694 996 2758 candidati.
1042 2702 1072 2758 et
1096 2693 1163 2758 bac
1187 2695 1256 2778 qui·

111 2801 182 2864 dem
199 2819 236 2863 ex
252 2800 431 2863 anctoritate
446 2798 636 2863 Testamenti
653 2799 766 2863 ueteris
781 2807 970 2879 praesumpta
986 2799 1059 2862 sint:
1084 2800 1255 2872 uideamus,

110 2924 150 2967 an
173 2904 267 2967 etiam
289 2903 319 2965 in
344 2923 422 2966 nouo
446 2902 495 2966 dei
518 2903 565 2966 ira
589 2902 657 2966 talis
681 2922 750 2966 esse
773 2901 978 2984 intellegatur,
1002 2911 1034 2966 ut
1057 2901 1165 2967 saluet.

153 3008 203 3072 21.
229 3005 373 3088 Namque
403 3005 549 3070 lobannis
586 3026 646 3084 ena
681 3026 758 3089 quos
789 3026 857 3070 ease
887 3007 1043 3071 nationem
1076 3007 1254 3085 uiperarum

111 3110 149 3175 nb
173 3110 320 3174 malitiam
340 3116 474 3189 paternae
494 3110 525 3172 in
549 3130 582 3174 se
606 3110 773 3190 impietatis
797 3110 969 3190 exprobrat,
994 3111 1038 3174 ita
1059 3112 1097 3175 ad
1122 3109 1254 3175 salutem

154 3323 168 3372 1
187 3323 297 3386 pertesa
316 3319 340 3369 Il
359 3323 452 3385 spreta
476 3317 499 3368 V
550 3318 585 3370 ab
604 3323 753 3385 conspectu
769 3319 797 3369 E
848 3318 973 3371 euntium
993 3317 1164 3379 (adnidendu
1181 3336 1254 3386 supr.

110 3424 158 3459 scr.
175 3425 207 3458 m.
224 3403 250 3471 1)
270 3406 296 3458 Il
348 3408 364 3454 2
388 3404 462 3458 oculi
481 3424 511 3457 ez
528 3404 654 3458 oculisR
706 3406 812 3474 abnrrp.
828 3407 872 3457 lia.
888 3423 904 3456 n
920 3404 1021 3457 m.2V
1070 3405 1255 3473 peantiumR

110 3492 299 3561 praecantium
329 3492 353 3543 V
403 3492 553 3560 sanguinea
577 3490 638 3545 V¹R
690 3495 707 3545 3
731 3491 845 3560 plaenae
878 3492 903 3544 V
953 3497 1019 3544 sunt
1042 3491 1093 3544 VE
1143 3490 1197 3544 hac
1225 3511 1255 3545 cn

110 3580 178 3632 baec
204 3580 227 3630 lt
279 3582 298 3632 4
324 3578 449 3645 loquitur
477 3579 520 3630 Ra
582 3582 598 3632 9
630 3578 750 3631 iudicate
776 3579 871 3630 orfano
899 3579 925 3630 R
952 3577 976 3630 E
1043 3580 1075 3631 10
1102 3583 1130 3631 et
1157 3576 1254 3631 uenite

110 3683 259 3734 arguamur
287 3665 341 3717 RE
402 3667 432 3717 12
460 3664 532 3717 sicut
559 3664 707 3717 foenicium
741 3665 764 3718 V
789 3663 825 3729 (e)
854 3670 885 3717 nt
912 3664 1042 3718 lenioinm
1071 3665 1096 3716 R
1164 3667 1198 3718 14
1226 3672 1255 3718 et

110 3752 292 3805 audieritisR
312 3752 363 3804 Ed.
374 3752 436 3804 l'nr.
455 3751 554 3803 rem
609 3754 640 3805 15
659 3769 748 3819 neque
767 3751 946 3804 obaudieritis
967 3751 1035 3804 mibi
1051 3750 1100 3816 (ihi
1120 3753 1146 3803 in
1158 3749 1256 3818 rualli

113 3842 143 3890 lb
162 3838 289 3892 comedet
306 3858 336 3891 en
354 3837 474 3892 comedit
493 3840 518 3891 R
574 3841 604 3892 17
619 3838 687 3891 haec
707 3857 754 3891 om.
774 3840 802 3890 Ji
852 3844 879 3892 et
899 3839 997 3906 quibus
1010 3837 1142 3891 —adhuo
1162 3856 1212 3891 oni.
1233 3839 1259 3892 V

111 3928 144 3978 18
170 3925 415 3993 paenitentis-zu
433 3926 600 3994 paenitentis
624 3944 654 3978 er
680 3925 852 3994 paenitentes
882 3926 907 3976 V
991 3927 1023 3977 21
1052 3923 1205 3978 foenicium
1235 3926 1260 3979 V

110 4011 240 4064 lanicium
260 4013 285 4064 R
337 4014 371 4065 22
392 4012 421 4065 hi
446 4031 493 4064 om.
513 4014 550 4064 Rs
602 4013 636 4064 23
652 4017 734 4065 erunt
743 4032 777 4063 312
787 4028 840 4079 qne
865 4012 889 4065 V
927 4017 1021 4065 uestae
1039 4011 1065 4064 R
1100 4011 1258 4066 nelleriees

111 4097 301 4151 uallarem?
315 4099 340 4152 V
389 4101 423 4151 25
441 4117 499 4152 esse
517 4118 572 4168 sup.
585 4101 629 4151 lin.
649 4116 665 4151 n
685 4118 717 4151 m.
736 4098 755 4151 2
770 4099 794 4152 V
844 4101 878 4152 26
900 4116 1018 4166 namque
1034 4117 1063 4152 cz
1081 4115 1146 4152 nam
1155 4099 1221 4153 m.2
1236 4100 1263 4154 V

110 4185 239 4238 iohannis
262 4186 288 4239 V
310 4184 428 4238 Ioannes
455 4205 484 4238 ex
510 4185 620 4239 Ioannis
640 4187 665 4237 R
723 4203 791 4253 qnos
818 4202 877 4239 esse
901 4185 1022 4268 irnotum
1041 4185 1207 4255 uiperarnm
1229 4190 1259 4244 l'.
