2790 4844
155 195 216 261 236
498 194 615 248 sancti
634 194 768 248 Hilarii
788 195 952 264 episcopi

153 406 223 468 per
245 386 367 451 iidem
392 386 437 450 iu
462 404 531 449 suo
554 385 756 468 sanguine
780 385 946 451 etit-crum:
970 386 1058 466 ipse
1082 392 1145 451 est
1166 386 1300 468 placa·

154 493 209 557 tio
231 512 302 572 pro
324 491 509 574 peccatis
543 491 707 554 nostris.
750 491 855 554 ueniet
877 509 952 575 ergo
968 491 1007 554 ad
1023 493 1213 556 eumomnis
1229 513 1300 558 caro

154 596 274 661 dicens:
309 594 434 660 uerba
466 594 696 678 iniquorum
729 592 1036 674 praeualuernnt
1065 615 1189 677 super
1219 616 1299 675 nos,

153 708 191 765 et
212 699 503 780 impietatibus
526 699 682 762 nostris
706 705 744 762 tu
766 699 1076 780 propitiaberis,

113 828 125 865 s
196 805 225 869 5.
249 804 311 869 Sed
346 805 397 886 qui
432 803 559 867 tandem
596 803 821 886 propitiationis
855 800 983 868 effectus
1021 805 1091 882 est?
1136 804 1185 870 uel
1225 807 1297 890 quid

152 908 289 990 proderit
311 927 449 973 errorem
470 905 621 991 gentilem
644 905 805 990 reliquisse
821 913 852 971 et
866 907 1035 972 doctrinam
1059 909 1188 988 impiam
1212 929 1299 991 sprc-

151 1013 258 1078 uisse?
301 1021 332 1078 et
353 1013 487 1093 idipsum
524 1031 583 1076 non
608 1010 814 1076 dissimulauit
838 1012 962 1076 dicens:
994 1010 1145 1089 beatus,
1180 1033 1299 1097 quem

153 1116 324 1200 elegisti
347 1123 386 1181 et
408 1115 684 1195 adsumpsisti,
706 1123 746 1180 ut
762 1114 974 1180 inhabitet
995 1116 1034 1180 in
1058 1118 1300 1184 tabernacu-

152 1222 203 1286 lis
227 1222 317 1286 tuis.
363 1221 463 1285 omnis
488 1219 612 1302 quidem
637 1239 709 1284 carc
733 1220 843 1295 ueniet,
867 1220 899 1284 id
915 1226 963 1285 est
978 1240 1015 1284 er
1030 1221 1112 1285 omni
1133 1221 1298 1288 hominum

154 1345 269 1409 genere
303 1344 541 1408 congregamur,
576 1325 633 1389 sed
666 1325 773 1389 beatus
808 1332 855 1388 est
885 1325 1014 1408 quisque
1048 1325 1140 1390 fuerit
1170 1325 1299 1393 electus

153 1431 269 1496 multi
307 1430 411 1495 enim
449 1429 617 1493 secundum
656 1426 851 1512 euangelium
895 1430 1030 1494 uocati
1076 1442 1183 1507 sunt,
1226 1433 1299 1497 sed

153 1536 270 1617 pauci
304 1532 437 1600 electi.
483 1532 572 1598 electi
606 1538 708 1597 autem
740 1542 812 1597 sunt
844 1532 971 1614 nuptiali
1005 1540 1091 1599 ueste
1129 1536 1299 1616 conspicui,

152 1660 228 1721 puro
251 1646 343 1723 atque
365 1639 488 1721 integro
510 1658 598 1702 nouae
628 1636 796 1701 natiuitatis
826 1656 952 1720 corpore
982 1636 1145 1718 splendidi.
1192 1640 1299 1724 itaque

153 1763 213 1809 uon
237 1763 287 1808 res
310 1743 471 1807 indiscreti
502 1741 606 1806 iudicii
643 1739 752 1805 electio
793 1751 850 1822 est,
893 1743 949 1806 sed
984 1761 1021 1805 ex
1056 1743 1159 1807 meriti
1195 1743 1297 1810 electu

153 1850 233 1914 sacta
263 1847 409 1912 discretio
443 1854 498 1910 est.
545 1845 653 1909 beatus
687 1864 769 1928 ergo,
800 1864 891 1928 quern
915 1843 1010 1929 elegit
1044 1844 1137 1911 deus:
1185 1846 1299 1914 beatus

151 1954 190 2017 ob
212 1952 253 2027 id,
276 1951 349 2035 quia
371 1950 519 2015 electione
541 1950 582 2014 sit
604 1949 726 2032 diguus.
771 1950 851 2014 scire
869 1956 975 2014 antem
992 1969 1048 2015 nos
1063 1952 1221 2028 conuenit,
1245 1952 1296 2019 hic

152 2058 261 2122 beatus
283 2057 314 2120 in
340 2074 433 2138 quam
458 2074 523 2119 rem
548 2052 641 2118 suerit
662 2052 796 2131 clectus;
819 2052 938 2118 scilicet
959 2055 999 2118 ad
1022 2054 1063 2131 id,
1087 2056 1170 2138 quod
1193 2058 1294 2141 sequi·

151 2177 214 2225 rur:
239 2158 497 2225 inhabitabit
518 2159 556 2222 in
581 2157 862 2222 tabernaculis
885 2158 978 2222 tuis.
1024 2159 1126 2223 omnis
1147 2161 1293 2240 perfectio

151 2266 301 2330 bonorum
323 2261 555 2328 inhabitationis
578 2261 709 2327 caelestis
733 2268 780 2326 est
802 2263 935 2346 requies.
981 2260 1093 2327 multas
1116 2265 1292 2331 mansiones

151 2370 293 2434 dominns
317 2371 347 2433 in
371 2367 453 2432 caelis
477 2386 546 2432 esse
568 2373 704 2444 testatur,
728 2367 784 2431 sed
807 2373 926 2447 patrem
950 2373 1024 2449 orat,
1048 2374 1081 2433 ut
1095 2368 1227 2452 apostoli
1243 2369 1293 2435 ubi

151 2485 179 2539 et
210 2475 276 2554 ipse
307 2476 348 2537 sit
370 2479 524 2547 maneant,
555 2472 677 2536 dicens:
711 2476 833 2552 pater,
862 2492 961 2555 quos
995 2471 1094 2536 milri
1128 2473 1300 2551 dedisti,-

151 2577 240 2642 uolo
262 2586 304 2643 ut
326 2577 392 2641 ubi
416 2596 489 2660 ego
512 2596 603 2641 sum.
628 2575 686 2641 ibi
710 2582 747 2639 et
769 2574 834 2639 illi
858 2576 941 2640 sint
963 2596 1119 2642 mecum
1165 2597 1205 2643 ex
1229 2577 1291 2659 plu·

150 2683 237 2747 rimis
261 2701 336 2766 ergo
358 2680 570 2746 mansionibus
593 2678 739 2760 apostulis
760 2680 823 2745 suis
839 2700 915 2758 eam,
939 2700 1008 2764 quae
1023 2682 1083 2746 sibi
1099 2687 1147 2746 est
1161 2685 1293 2767 propria,

149 2787 365 2852 communicat.
411 2786 469 2850 scit
490 2785 648 2865 propbeta,
671 2790 785 2867 quanta
807 2785 963 2850 beatitudo
979 2785 1064 2849 sitin
1084 2786 1294 2854 tabernaculis

97 2905 102 2921 ·’
150 2892 200 2956 dei
223 2910 300 2967 esse,
324 2889 385 2955 alio
408 2888 473 2955 loco
497 2890 621 2954 dicens:
645 2889 906 2968 concupiscit
929 2896 967 2955 et
989 2889 1139 2956 deficit
1160 2891 1294 2957 anima

151 3014 235 3059 mea
257 2996 294 3058 in
327 2994 431 3058 atria
462 2994 620 3057 domini.
666 2995 722 3058 sed
746 3015 805 3059 nou
830 2995 869 3061 ob
893 2994 924 3057 id
947 2994 1095 3059 bonorum
1120 2995 1294 3060 caelestium

194 3138 205 3188 1
224 3134 342 3200 Iloua,
359 3135 384 3187 a.
418 3136 447 3186 ιι
463 3133 627 3200 narsnxx,
639 3137 679 3188 ra.
715 3136 748 3188 ar
763 3133 968 3201 rosnarum.
1005 3136 1039 3189 aa
1052 3134 1095 3187 rs.
1107 3134 1294 3204 arrianis.

190 3292 443 3361 sspraeualuerunt
468 3292 503 3346 l'c
520 3291 700 3345 incaluerunt
719 3291 784 3344 RPb
837 3293 901 3344 4et
928 3290 1108 3361 impietatibus
1132 3293 1238 3346 uostris
1263 3298 1294 3347 tu

146 3379 342 3448 propitiaberis
367 3379 440 3448 Vcs.
460 3380 579 3432 Sctctier
594 3378 633 3443 ΙΙ,
653 3376 709 3430 125
728 3382 756 3431 et
775 3378 933 3447 impietates
950 3383 1058 3431 nostras
1076 3381 1108 3431 tu
1125 3379 1294 3448 propitiabis

147 3465 226 3518 RPE
297 3468 330 3520 lo
356 3471 563 3535 congregantur
591 3466 616 3517 P
641 3466 886 3533 congregabuntur
909 3482 923 3516 a
950 3462 1225 3533 (congraegabuntur
1259 3466 1293 3533 Γ)

147 3553 264 3621 quisque
284 3552 321 3617 P(
329 3552 384 3617 lla
410 3553 443 3616 cs.
462 3554 543 3606 :lcud
568 3571 595 3621 p.
624 3550 663 3606 29
689 3552 815 3620 quisquis
839 3552 878 3605 Rs
932 3553 965 3607 la
984 3550 1122 3620 splendidi
1151 3549 1192 3617 (di
1216 3572 1296 3608 wau

146 3650 248 3692 exerente
266 3642 326 3691 cdd.
345 3658 377 3692 m.
396 3638 423 3706 3,
440 3650 529 3708 postea
548 3657 613 3692 cers.
632 3641 734 3692 incunte
752 3636 828 3692 2-3
845 3640 891 3691 ltu.
911 3637 991 3704 erus.)
1010 3638 1036 3690 R
1090 3640 1123 3691 14
1141 3638 1257 3695 delectu
1268 3641 1296 3694 E

251 3726 299 3764 onis
1242 3723 1295 3767 ῑιμ

146 3762 240 3816 dilecti
252 3775 286 3805 Ξ
310 3760 478 3821 (dilectionis
488 3778 518 3813 cx
527 3760 632 3814 dilectu
633 3761 688 3828 sec.
701 3776 735 3813 m.
745 3757 811 3825 2lP
864 3759 1042 3814 radsscretio
1056 3759 1082 3812 R
1137 3762 1170 3815 17
1190 3770 1265 3832 seqt
1288 3784 1295 3831 ;

146 3903 172 3953 in
191 3919 273 3969 rrscrp.
291 3899 367 3964 infer.
386 3902 446 3953 cdd.
460 3920 491 3953 ιιι,
503 3898 524 3952 3
536 3901 561 3953 R
617 3902 648 3953 18
666 3901 696 3952 in
713 3899 922 3968 tabernaquulir
934 3900 961 3952 R
1014 3902 1047 3953 la
1065 3848 1204 3968 requisiti
1222 3920 1296 3975 supr.

144 4007 192 4041 scr.
212 4007 244 4040 nr.
263 3988 296 4053 3)
324 3988 350 4040 R
376 3988 473 4055 requie
499 4006 512 4040 e
538 3985 577 4053 (in
597 3986 692 4054 requie
716 3987 749 4053 VJ
800 3989 835 4041 22
858 3992 886 4040 et
914 3986 957 4040 illi
981 4004 1030 4040 om.
1054 3987 1080 4040 V
1129 3990 1166 4044 28
1191 4006 1297 4063 quest

146 4094 237 4160 queR
289 4094 323 4146 ab
337 4092 533 4146 deizessert
595 4090 690 4145 deficit
708 4089 981 4157 (exdcfecitm.2P)
1007 4091 1083 4146 l'PE
1098 4092 1296 4151 defecit-53

147 4178 225 4239 (cros.
244 4179 273 4232 in
283 4178 309 4244 1³)
332 4181 362 4232 R.
