2790 4844
438 278 618 327 tractatus
642 275 677 327 in
700 276 870 346 psalmum
895 279 914 328 l.
1209 281 1249 342 23

138 460 168 525 6.
197 462 347 525 Beatus
370 462 439 539 uir,
464 463 530 546 qui
554 484 629 526 uon
653 464 756 529 abiit
779 466 816 529 in
838 464 1014 528 consilio
1038 466 1249 552 impiorum

94 573 131 628 et
162 565 201 628 in
239 565 304 629 nia
342 577 600 646 peccatorum
636 588 709 632 non
753 569 872 633 stetit
906 578 943 632 et
976 569 1016 632 iu
1052 569 1251 635 cathedra

97 669 358 750 pestilentia
402 690 475 734 non
514 671 631 736 sedit.
677 674 747 737 sed
783 673 821 736 in
864 671 953 756 lege
988 674 1138 737 domini
1174 674 1250 737 luit

97 772 290 838 noluntas
314 775 410 850 eins,
435 781 472 839 et
496 776 533 838 in
557 774 650 859 lege
686 776 773 840 eins
809 776 1078 841 meditabitur
1113 778 1176 842 die
1206 798 1249 842 ac

100 884 226 942 nocte.
282 879 418 961 quinque
453 898 604 961 generum
638 880 865 945 obseruantiam
899 880 987 945 beato
1022 881 1086 945 uiro
1121 881 1248 966 subesse
1276 913 1288 950 ι

104 981 249 1062 propheta
273 990 512 1047 commemorat:
536 984 668 1064 primam
691 985 722 1048 iu
746 985 908 1065 impiorum
932 984 1059 1049 consilio
1076 986 1248 1050 noneundi.

106 1084 224 1150 alteram
247 1087 279 1150 in
304 1093 501 1167 peccatorum
525 1089 576 1152 uia
599 1108 660 1151 non
683 1089 881 1167 consistendi,
906 1089 1027 1153 tertiam
1051 1089 1082 1152 in
1103 1089 1249 1153 cathedra

110 1190 281 1268 pestilentiae
306 1212 366 1254 non
390 1192 526 1268 sedendi,
562 1200 627 1256 tum
651 1193 763 1257 deinde
786 1191 950 1257 uoluntatis
973 1193 1003 1256 in
1029 1191 1097 1276 lege
1131 1193 1247 1256 domini

114 1296 256 1371 prounde.
280 1310 438 1376 postremo
462 1296 493 1359 in
518 1316 554 1360 ea
570 1297 620 1361 die
637 1304 789 1380 noctuque
806 1297 985 1361 meditandi.
1020 1317 1095 1381 ergo
1118 1316 1246 1362 neccsse

118 1408 156 1459 est
165 1397 283 1464 differre
299 1400 428 1480 impium
444 1421 461 1463 u
477 1412 647 1480 peccatore,
671 1409 863 1482 peccatorem
882 1400 1089 1481 apestileute;
1115 1401 1248 1465 maxime
1277 1432 1302 1485 p

122 1517 176 1564 cum
208 1505 245 1567 sit
279 1504 383 1585 impiis
418 1504 587 1583 consilinm,
622 1505 776 1586 peccatori
810 1505 869 1583 uia,
905 1505 1052 1569 cathedre
1085 1504 1248 1586 pestilenti.

126 1601 215 1672 dehine
236 1628 308 1672 cum
332 1609 363 1670 in
388 1607 515 1673 consilio
538 1609 702 1690 impiorum
735 1615 821 1674 eatur
850 1608 1066 1691 potiusquam
1090 1616 1195 1684 stetur,
1218 1609 1250 1672 in

129 1706 165 1770 nia
180 1731 244 1776 uero
267 1713 438 1792 peccatoris
469 1720 566 1777 stetur
589 1713 689 1797 magis
722 1732 815 1795 quam
847 1723 940 1777 eatur.
986 1733 1114 1797 quarum
1146 1732 1251 1778 rerum

130 1826 211 1878 umas
230 1833 264 1880 ut
279 1815 459 1899 intellegere
477 1817 640 1897 possimne,
664 1818 902 1882 discernendum
920 1823 975 1895 est,
1000 1823 1111 1900 quanto
1127 1815 1250 1881 differat

134 1929 243 1990 pacem
265 1921 304 1984 ab
328 1920 431 2000 impio,
463 1928 496 1985 ut
518 1941 574 2000 per
596 1921 628 1985 id
652 1920 789 2005 intellegi
814 1921 919 2002 possit,
944 1942 998 1985 cur
1012 1922 1166 2002 peccatori
1188 1920 1246 1997 nia,
1276 1952 1301 1988 ιι

135 2022 156 2076 et
170 2017 247 2102 impio
269 2023 432 2088 consilium
455 2025 636 2106 deputetur;
661 2024 774 2090 dehinc
799 2045 853 2089 cnr
876 2038 907 2089 et
928 2026 960 2088 iu
984 2025 1034 2089 nia
1050 2025 1193 2089 standum
1218 2033 1248 2088 et

137 2115 282 2192 ueriusilio
305 2128 439 2193 eundum
466 2128 512 2207 sit,
544 2149 612 2193 cum
637 2127 773 2193 humana
807 2131 994 2194 consuetudo
1018 2134 1049 2194 et
1069 2129 1101 2192 in
1124 2127 1250 2194 consilio

136 2229 245 2296 standum
279 2239 312 2297 et
342 2232 374 2296 iu
408 2233 459 2296 uia
493 2234 627 2297 eundum
663 2252 731 2299 esse
762 2232 915 2297 decernat.
962 2253 1024 2296 non
1055 2233 1164 2309 omnis,
1196 2231 1250 2315 qui

137 2341 243 2402 necetur
264 2344 323 2417 est,
349 2346 379 2401 et
402 2337 516 2421 impius
540 2342 602 2402 est:
626 2337 738 2418 impius
762 2344 948 2402 autemnon
972 2343 1073 2417 potest
1095 2356 1154 2400 ιιιιιι
1179 2355 1249 2400 esse

138 2445 250 2504 lumbi.
294 2449 326 2506 et
349 2461 505 2506 sumamus
529 2461 568 2505 ex
590 2460 647 2505 usu
669 2440 1244 2521 conscientiaecommuuiseremplnm.
1275 2470 1301 2508 ιι

139 2542 208 2608 llius
228 2565 297 2609 suos
320 2565 423 2610 amare
447 2552 576 2627 possunt
598 2544 661 2623 filii,
693 2544 764 2610 licet
794 2546 907 2610 ebriosi
938 2546 999 2609 sint
1029 2551 1061 2609 et
1088 2542 1196 2608 lasciui
1219 2549 1251 2607 et

138 2642 240 2729 llldigR
261 2662 293 2714 et
317 2651 397 2715 inter
420 2649 487 2714 haec
511 2650 585 2713 uitia
619 2656 726 2714 carent
760 2649 926 2729 impietate,
962 2649 1013 2731 qui
1047 2668 1108 2711 non
1141 2653 1248 2712 carent

58 2754 60 2771 '
139 2741 239 2817 cunina,
286 2753 372 2834 impii
397 2773 480 2831 uero,
505 2752 575 2818 licet
597 2755 629 2817 in
652 2753 815 2836 praecipuis
839 2754 901 2817 sint
924 2752 1120 2817 continentia
1145 2751 1250 2834 fruga-

139 2836 255 2938 litatisque
269 2857 442 2935 uirtutibus,
465 2877 556 2921 omne
569 2865 681 2934 tamen,
705 2857 920 2941 quodcumque
943 2855 1026 2920 aliud
1043 2866 1128 2920 extra
1141 2855 1249 2938 impie·

139 2954 202 3019 blan
221 2962 274 3025 erit
297 2961 427 3040 crimen,
450 2961 481 3024 in
506 2962 690 3026 contumelia
713 2963 850 3042 parentis
874 2961 1034 3026 excedunt.
1276 2989 1301 3028 a

167 3054 187 3118 l.
205 3061 295 3148 igitur
308 3065 477 3130 secundum
495 3064 554 3130 hoc
566 3066 755 3147 propositum
775 3065 949 3146 exemplum
967 3065 1096 3146 impium
1113 3064 1245 3129 discerni

139 3170 300 3237 apeccante
324 3189 386 3232 non
411 3169 536 3233 dubium
560 3176 617 3234 est.
662 3175 693 3234 et
714 3170 825 3250 impios
842 3169 967 3251 quidem
992 3189 1043 3234 eos
1057 3175 1247 3233 essenatura

138 3254 293 3338 imiuuicu
326 3274 499 3337 communis
530 3274 673 3350 ostendit,
704 3275 755 3357 qui
786 3273 993 3357 cognitionem
1025 3273 1074 3336 dei
1105 3279 1248 3352 expetere

138 3359 270 3457 fastidiunt,
294 3377 346 3458 qni
371 3375 487 3440 nullum
514 3397 582 3441 esse
605 3377 711 3441 muudi
729 3389 897 3441 creatorem
915 3375 1092 3460 inreligiosa
1105 3375 1246 3455 opinione

139 3673 143 3681 Ι
166 3595 212 3652 lu
226 3602 252 3656 iu
271 3604 334 3672 lege
352 3602 400 3655 dui
427 3602 609 3656 meditabitur
635 3604 657 3655 1'
706 3602 759 3656 hao
783 3607 866 3655 nocte
886 3604 910 3655 ll
963 3602 1134 3670 6propheta
1152 3621 1199 3653 orer.
1228 3602 1247 3652 l'

138 3689 157 3725 ¹³
170 3688 292 3743 corallium
311 3690 378 3753 tute,
397 3692 444 3742 red
459 3690 494 3755 cf.
513 3690 596 3742 Acud.
610 3708 639 3760 p.
659 3689 696 3742 24
715 3701 738 3742 el
756 3690 820 3756 infr,
840 3708 896 3760 cop.
915 3691 928 3740 7
983 3706 1039 3742 non
1058 3688 1212 3742 ineundum
1229 3689 1250 3739 l'

137 3761 255 3828 litante
281 3780 461 3845 peccatorum
479 3794 535 3846 cup.
562 3779 607 3829 lin.
626 3795 642 3829 a
661 3796 694 3829 ru.
715 3778 734 3828 2
758 3777 783 3829 V
831 3776 906 3830 niam
933 3795 989 3829 non
1016 3775 1204 3830 obsistendum
1231 3775 1253 3826 l'

136 3847 294 3917 ludendum
327 3864 350 3915 l'
418 3867 434 3912 9
461 3863 652 3917 meditandum
683 3864 707 3915 V
777 3865 809 3917 12
836 3863 865 3915 in
896 3863 1043 3917 consilinm
1077 3863 1138 3915 Vae
1190 3873 1251 3914 aare

137 3994 250 4055 aterum
269 4005 316 4056 atr
336 4021 402 4056 eros.
414 4004 439 4055 1t
493 4005 525 4056 13
543 4007 623 4056 eatur
641 4022 670 4055 ez
689 4003 799 4056 ineatur
817 4022 849 4055 m.
865 4003 879 4054 I
895 4003 919 4056 V
971 3952 1254 4054 lledcorr.n12l'

137 4087 237 4140 quantum
262 4091 292 4142 1ο
349 4092 380 4143 15
399 4090 495 4157 qurR
550 4090 609 4144 17
601 4107 630 4142 ιιι
649 4090 796 4144 consilium
815 4091 854 4142 Ile
905 4092 938 4143 al
957 4088 1009 4142 filii
1028 4088 1104 4153 (lii
1095 4108 1120 4140 ιιι
1139 4094 1206 4149 ruas)
1225 4089 1251 4140 lt

136 4158 225 4224 23tero
239 4196 284 4230 ιιιιι.
311 4178 335 4230 1
384 4177 414 4230 in
432 4195 499 4230 erue
520 4178 544 4229 R
604 4176 746 4245 praecipui
765 4196 794 4229 eu
813 4176 968 4245 praecipuis
987 4177 1012 4227 R
1082 4178 1118 4230 24
1136 4174 1255 4228 aliutl

137 4255 330 4330 *mimante
350 4282 380 4317 ea
398 4263 507 4317 exintra
525 4263 629 4331 pietat'e
647 4281 713 4317 corr.
734 4283 766 4316 m.
787 4267 806 4315 2
833 4265 860 4316 l'.
