<?xml version="1.0" encoding="UTF-8"?>
<!DOCTYPE html PUBLIC "-//W3C//DTD XHTML 1.0 Transitional//EN"
    "http://www.w3.org/TR/xhtml1/DTD/xhtml1-transitional.dtd">
<html xmlns="http://www.w3.org/1999/xhtml" xml:lang="en" lang="en">
 <head>
  <title>
</title>
<meta http-equiv="Content-Type" content="text/html;charset=utf-8" />
  <meta name='ocr-system' content='tesseract 3.04.00' />
  <meta name='ocr-capabilities' content='ocr_page ocr_carea ocr_par ocr_line ocrx_word'/>
</head>
<body>
  <div class='ocr_page' id='page_1' title='image "./shilariiepiscop00hilagoog_0569.png"; bbox 0 0 2790 4844; ppageno 0'>
   <div class='ocr_carea' id='block_1_1' title="bbox 152 193 952 261">
    <p class='ocr_par' dir='ltr' id='par_1_1' title="bbox 152 193 952 261">
     <span class='ocr_line' id='line_1_1' title="bbox 152 193 952 261; baseline -0.008 -10"><span class='ocrx_word' id='word_1_1' title='bbox 152 193 214 258; x_wconf 86' lang='lat'>538</span> <span class='ocrx_word' id='word_1_2' title='bbox 490 194 607 246; x_wconf 83' lang='lat' dir='ltr'>sancti</span> <span class='ocrx_word' id='word_1_3' title='bbox 631 193 766 247; x_wconf 85' lang='lat' dir='ltr'>Hilarii</span> <span class='ocrx_word' id='word_1_4' title='bbox 791 193 952 261; x_wconf 75' lang='lat' dir='ltr'>episcopi</span> 
     </span>
    </p>
   </div>
   <div class='ocr_carea' id='block_1_2' title="bbox 97 379 1302 2443">
    <p class='ocr_par' dir='ltr' id='par_1_2' title="bbox 150 379 1273 571">
     <span class='ocr_line' id='line_1_2' title="bbox 151 379 1273 467; baseline -0.003 -20"><span class='ocrx_word' id='word_1_5' title='bbox 151 383 428 467; x_wconf 86' lang='lat' dir='ltr'>quinquagesimus</span> <span class='ocrx_word' id='word_1_6' title='bbox 452 381 507 447; x_wconf 90' lang='lat' dir='ltr'>sub</span> <span class='ocrx_word' id='word_1_7' title='bbox 531 382 679 464; x_wconf 82' lang='lat' dir='ltr'>imaginis</span> <span class='ocrx_word' id='word_1_8' title='bbox 703 393 968 446; x_wconf 88' lang='lat' dir='ltr'>sacramentorum</span> <span class='ocrx_word' id='word_1_9' title='bbox 985 382 1152 448; x_wconf 90' lang='lat' dir='ltr'>momentis</span> <span class='ocrx_word' id='word_1_10' title='bbox 1174 379 1273 447; x_wconf 86' lang='lat' dir='ltr'>intelle·</span> 
     </span>
     <span class='ocr_line' id='line_1_3' title="bbox 150 484 914 571; baseline -0.004 -20"><span class='ocrx_word' id='word_1_11' title='bbox 150 496 270 571; x_wconf 88' lang='lat' dir='ltr'>guntur.</span> <span class='ocrx_word' id='word_1_12' title='bbox 316 485 375 551; x_wconf 90' lang='lat' dir='ltr'>hoc</span> <span class='ocrx_word' id='word_1_13' title='bbox 399 505 474 570; x_wconf 88' lang='lat' dir='ltr'>ergo</span> <span class='ocrx_word' id='word_1_14' title='bbox 497 486 527 549; x_wconf 98' lang='lat' dir='ltr'>in</span> <span class='ocrx_word' id='word_1_15' title='bbox 552 485 602 550; x_wconf 91' lang='lat' dir='ltr'>die</span> <span class='ocrx_word' id='word_1_16' title='bbox 626 485 741 565; x_wconf 82' lang='lat' dir='ltr'>septies</span> <span class='ocrx_word' id='word_1_17' title='bbox 764 484 914 550; x_wconf 89' lang='lat' dir='ltr'>laudatur.</span> 
     </span>
    </p>

    <p class='ocr_par' dir='ltr' id='par_1_3' title="bbox 149 589 1302 1695">
     <span class='ocr_line' id='line_1_4' title="bbox 195 589 1270 674; baseline -0.003 -19"><span class='ocrx_word' id='word_1_18' title='bbox 195 594 222 656; x_wconf 82' lang='lat'>5.</span> <span class='ocrx_word' id='word_1_19' title='bbox 250 595 296 655; x_wconf 76' lang='lat' dir='ltr'>Ac</span> <span class='ocrx_word' id='word_1_20' title='bbox 320 611 379 654; x_wconf 90' lang='lat' dir='ltr'>uon</span> <span class='ocrx_word' id='word_1_21' title='bbox 404 590 584 674; x_wconf 88' lang='lat' dir='ltr'>ambiguum</span> <span class='ocrx_word' id='word_1_22' title='bbox 609 598 665 671; x_wconf 80' lang='lat' dir='ltr'>est,</span> <span class='ocrx_word' id='word_1_23' title='bbox 690 609 745 654; x_wconf 84' lang='lat' dir='ltr'>cur</span> <span class='ocrx_word' id='word_1_24' title='bbox 769 589 867 654; x_wconf 89' lang='lat' dir='ltr'>laudis</span> <span class='ocrx_word' id='word_1_25' title='bbox 892 589 942 655; x_wconf 92' lang='lat' dir='ltr'>hic</span> <span class='ocrx_word' id='word_1_26' title='bbox 965 610 1114 656; x_wconf 90' lang='lat' dir='ltr'>numerus</span> <span class='ocrx_word' id='word_1_27' title='bbox 1134 591 1180 655; x_wconf 89' lang='lat' dir='ltr'>sit.</span> <span class='ocrx_word' id='word_1_28' title='bbox 1220 589 1270 653; x_wconf 84' lang='lat' dir='ltr'>hac</span> 
     </span>
     <span class='ocr_line' id='line_1_5' title="bbox 151 692 1268 773; baseline -0.007 -12"><span class='ocrx_word' id='word_1_29' title='bbox 151 697 233 761; x_wconf 89' lang='lat' dir='ltr'>enim</span> <span class='ocrx_word' id='word_1_30' title='bbox 258 695 365 759; x_wconf 84' lang='lat' dir='ltr'>endem</span> <span class='ocrx_word' id='word_1_31' title='bbox 390 693 439 759; x_wconf 92' lang='lat' dir='ltr'>uel</span> <span class='ocrx_word' id='word_1_32' title='bbox 462 695 494 758; x_wconf 94' lang='lat' dir='ltr'>in</span> <span class='ocrx_word' id='word_1_33' title='bbox 517 694 567 758; x_wconf 90' lang='lat' dir='ltr'>die</span> <span class='ocrx_word' id='word_1_34' title='bbox 590 692 639 757; x_wconf 92' lang='lat' dir='ltr'>uel</span> <span class='ocrx_word' id='word_1_35' title='bbox 662 695 693 756; x_wconf 91' lang='lat' dir='ltr'>in</span> <span class='ocrx_word' id='word_1_36' title='bbox 717 713 811 773; x_wconf 87' lang='lat' dir='ltr'>puero</span> <span class='ocrx_word' id='word_1_37' title='bbox 834 693 882 758; x_wconf 91' lang='lat' dir='ltr'>uel</span> <span class='ocrx_word' id='word_1_38' title='bbox 905 695 937 757; x_wconf 95' lang='lat' dir='ltr'>in</span> <span class='ocrx_word' id='word_1_39' title='bbox 968 701 1052 759; x_wconf 88' lang='lat' dir='ltr'>terra</span> <span class='ocrx_word' id='word_1_40' title='bbox 1086 694 1135 760; x_wconf 93' lang='lat' dir='ltr'>uel</span> <span class='ocrx_word' id='word_1_41' title='bbox 1158 694 1188 758; x_wconf 93' lang='lat' dir='ltr'>in</span> <span class='ocrx_word' id='word_1_42' title='bbox 1208 710 1268 757; x_wconf 88' lang='lat' dir='ltr'>anno</span> 
     </span>
     <span class='ocr_line' id='line_1_6' title="bbox 151 797 1267 882; baseline -0.004 -19"><span class='ocrx_word' id='word_1_43' title='bbox 151 807 242 882; x_wconf 85' lang='lat' dir='ltr'>atque</span> <span class='ocrx_word' id='word_1_44' title='bbox 267 800 357 862; x_wconf 81' lang='lat' dir='ltr'>annis</span> <span class='ocrx_word' id='word_1_45' title='bbox 380 799 436 862; x_wconf 89' lang='lat' dir='ltr'>sub</span> <span class='ocrx_word' id='word_1_46' title='bbox 460 797 703 862; x_wconf 85' lang='lat' dir='ltr'>sanctificatione</span> <span class='ocrx_word' id='word_1_47' title='bbox 728 797 816 861; x_wconf 77' lang='lat' dir='ltr'>liuius</span> <span class='ocrx_word' id='word_1_48' title='bbox 839 799 959 862; x_wconf 89' lang='lat' dir='ltr'>numeri</span> <span class='ocrx_word' id='word_1_49' title='bbox 983 799 1188 876; x_wconf 84' lang='lat' dir='ltr'>continentur,</span> <span class='ocrx_word' id='word_1_50' title='bbox 1217 814 1267 861; x_wconf 87' lang='lat' dir='ltr'>cnn</span> 
     </span>
     <span class='ocr_line' id='line_1_7' title="bbox 151 902 1267 986; baseline -0.006 -19"><span class='ocrx_word' id='word_1_51' title='bbox 151 924 248 986; x_wconf 88' lang='lat' dir='ltr'>usque</span> <span class='ocrx_word' id='word_1_52' title='bbox 283 904 321 967; x_wconf 84' lang='lat' dir='ltr'>ad</span> <span class='ocrx_word' id='word_1_53' title='bbox 355 902 440 966; x_wconf 88' lang='lat' dir='ltr'>illam</span> <span class='ocrx_word' id='word_1_54' title='bbox 474 902 742 985; x_wconf 61' lang='lat' dir='ltr'>quinquagesimae</span> <span class='ocrx_word' id='word_1_55' title='bbox 776 909 922 967; x_wconf 70' lang='lat' dir='ltr'>uternam</span> <span class='ocrx_word' id='word_1_56' title='bbox 957 903 1107 985; x_wconf 79' lang='lat' dir='ltr'>requiem,</span> <span class='ocrx_word' id='word_1_57' title='bbox 1141 903 1267 986; x_wconf 86' lang='lat' dir='ltr'>quodest</span> 
     </span>
     <span class='ocr_line' id='line_1_8' title="bbox 151 1006 1265 1086; baseline -0.007 -14"><span class='ocrx_word' id='word_1_58' title='bbox 151 1008 278 1072; x_wconf 74' lang='lat' dir='ltr'>subirato</span> <span class='ocrx_word' id='word_1_59' title='bbox 301 1007 508 1079; x_wconf 79' lang='lat' dir='ltr'>sabbatorum,</span> <span class='ocrx_word' id='word_1_60' title='bbox 532 1012 678 1086; x_wconf 85' lang='lat' dir='ltr'>septenus</span> <span class='ocrx_word' id='word_1_61' title='bbox 702 1026 847 1071; x_wconf 86' lang='lat' dir='ltr'>numerus</span> <span class='ocrx_word' id='word_1_62' title='bbox 864 1006 1030 1086; x_wconf 83' lang='lat' dir='ltr'>expleatur.</span> <span class='ocrx_word' id='word_1_63' title='bbox 1077 1006 1171 1071; x_wconf 83' lang='lat' dir='ltr'>multa</span> <span class='ocrx_word' id='word_1_64' title='bbox 1187 1012 1265 1070; x_wconf 87' lang='lat' dir='ltr'>auten</span> 
     </span>
     <span class='ocr_line' id='line_1_9' title="bbox 151 1108 1264 1194; baseline -0.006 -20"><span class='ocrx_word' id='word_1_65' title='bbox 151 1113 188 1177; x_wconf 93' lang='lat' dir='ltr'>de</span> <span class='ocrx_word' id='word_1_66' title='bbox 212 1111 332 1176; x_wconf 88' lang='lat' dir='ltr'>numeri</span> <span class='ocrx_word' id='word_1_67' title='bbox 356 1109 445 1174; x_wconf 87' lang='lat' dir='ltr'>huius</span> <span class='ocrx_word' id='word_1_68' title='bbox 470 1108 713 1174; x_wconf 86' lang='lat' dir='ltr'>sanctificatione</span> <span class='ocrx_word' id='word_1_69' title='bbox 744 1116 816 1174; x_wconf 91' lang='lat' dir='ltr'>sunt</span> <span class='ocrx_word' id='word_1_70' title='bbox 846 1111 978 1194; x_wconf 87' lang='lat' dir='ltr'>cognita,</span> <span class='ocrx_word' id='word_1_71' title='bbox 1009 1118 1042 1175; x_wconf 93' lang='lat' dir='ltr'>ut</span> <span class='ocrx_word' id='word_1_72' title='bbox 1075 1112 1142 1192; x_wconf 85' lang='lat' dir='ltr'>ipsa</span> <span class='ocrx_word' id='word_1_73' title='bbox 1172 1111 1264 1174; x_wconf 84' lang='lat' dir='ltr'>dierum</span> 
     </span>
     <span class='ocr_line' id='line_1_10' title="bbox 150 1213 1264 1297; baseline -0.006 -18"><span class='ocrx_word' id='word_1_74' title='bbox 150 1216 333 1290; x_wconf 80' lang='lat' dir='ltr'>constitutio,</span> <span class='ocrx_word' id='word_1_75' title='bbox 367 1222 400 1278; x_wconf 88' lang='lat' dir='ltr'>ut</span> <span class='ocrx_word' id='word_1_76' title='bbox 433 1213 613 1297; x_wconf 79' lang='lat' dir='ltr'>augelorum</span> <span class='ocrx_word' id='word_1_77' title='bbox 649 1213 758 1278; x_wconf 87' lang='lat' dir='ltr'>throno</span> <span class='ocrx_word' id='word_1_78' title='bbox 793 1215 842 1278; x_wconf 86' lang='lat' dir='ltr'>dei</span> <span class='ocrx_word' id='word_1_79' title='bbox 878 1215 1068 1279; x_wconf 81' lang='lat' dir='ltr'>adstantium</span> <span class='ocrx_word' id='word_1_80' title='bbox 1106 1214 1214 1290; x_wconf 78' lang='lat' dir='ltr'>electio,</span> <span class='ocrx_word' id='word_1_81' title='bbox 1243 1213 1264 1272; x_wconf 90' lang='lat' dir='ltr'>nl</span> 
     </span>
     <span class='ocr_line' id='line_1_11' title="bbox 150 1316 1264 1403; baseline -0.005 -20"><span class='ocrx_word' id='word_1_82' title='bbox 150 1317 332 1399; x_wconf 87' lang='lat' dir='ltr'>spiritu-lium</span> <span class='ocrx_word' id='word_1_83' title='bbox 357 1325 539 1398; x_wconf 85' lang='lat' dir='ltr'>potestatum</span> <span class='ocrx_word' id='word_1_84' title='bbox 565 1324 596 1381; x_wconf 92' lang='lat' dir='ltr'>et</span> <span class='ocrx_word' id='word_1_85' title='bbox 619 1319 876 1401; x_wconf 82' lang='lat' dir='ltr'>requiescentium</span> <span class='ocrx_word' id='word_1_86' title='bbox 901 1320 1074 1403; x_wconf 84' lang='lat' dir='ltr'>gratiarum</span> <span class='ocrx_word' id='word_1_87' title='bbox 1105 1321 1134 1383; x_wconf 92' lang='lat' dir='ltr'>in</span> <span class='ocrx_word' id='word_1_88' title='bbox 1169 1316 1264 1381; x_wconf 86' lang='lat' dir='ltr'>domino</span> 
     </span>
     <span class='ocr_line' id='line_1_12' title="bbox 150 1412 1302 1502; baseline -0.002 -15"><span class='ocrx_word' id='word_1_89' title='bbox 150 1422 316 1502; x_wconf 83' lang='lat' dir='ltr'>plenitude.</span> <span class='ocrx_word' id='word_1_90' title='bbox 362 1428 445 1487; x_wconf 87' lang='lat' dir='ltr'>certe</span> <span class='ocrx_word' id='word_1_91' title='bbox 476 1423 587 1486; x_wconf 88' lang='lat' dir='ltr'>iudicia</span> <span class='ocrx_word' id='word_1_92' title='bbox 617 1423 739 1486; x_wconf 84' lang='lat' dir='ltr'>iustitiae</span> <span class='ocrx_word' id='word_1_93' title='bbox 774 1423 823 1486; x_wconf 91' lang='lat' dir='ltr'>dei</span> <span class='ocrx_word' id='word_1_94' title='bbox 847 1421 907 1487; x_wconf 93' lang='lat' dir='ltr'>hoc</span> <span class='ocrx_word' id='word_1_95' title='bbox 929 1425 960 1486; x_wconf 92' lang='lat' dir='ltr'>in</span> <span class='ocrx_word' id='word_1_96' title='bbox 984 1442 1113 1488; x_wconf 89' lang='lat' dir='ltr'>numero</span> <span class='ocrx_word' id='word_1_97' title='bbox 1135 1420 1263 1486; x_wconf 77' lang='lat' dir='ltr'>laudaris</span> <span class='ocrx_word' id='word_1_98' title='bbox 1300 1412 1302 1485; x_wconf 84' lang='lat' dir='ltr'>l</span> 
     </span>
     <span class='ocr_line' id='line_1_13' title="bbox 149 1522 1302 1610; baseline -0.002 -25"><span class='ocrx_word' id='word_1_99' title='bbox 149 1526 301 1606; x_wconf 79' lang='lat' dir='ltr'>prophete</span> <span class='ocrx_word' id='word_1_100' title='bbox 324 1528 474 1594; x_wconf 88' lang='lat' dir='ltr'>conuenit.</span> <span class='ocrx_word' id='word_1_101' title='bbox 498 1548 554 1606; x_wconf 87' lang='lat' dir='ltr'>per</span> <span class='ocrx_word' id='word_1_102' title='bbox 577 1546 667 1610; x_wconf 89' lang='lat' dir='ltr'>quem</span> <span class='ocrx_word' id='word_1_103' title='bbox 684 1530 715 1590; x_wconf 91' lang='lat' dir='ltr'>et</span> <span class='ocrx_word' id='word_1_104' title='bbox 730 1527 761 1590; x_wconf 90' lang='lat' dir='ltr'>in</span> <span class='ocrx_word' id='word_1_105' title='bbox 778 1546 838 1609; x_wconf 92' lang='lat' dir='ltr'>quo</span> <span class='ocrx_word' id='word_1_106' title='bbox 854 1527 1023 1592; x_wconf 87' lang='lat' dir='ltr'>earundem</span> <span class='ocrx_word' id='word_1_107' title='bbox 1042 1525 1262 1592; x_wconf 82' lang='lat' dir='ltr'>iustificationum</span> <span class='ocrx_word' id='word_1_108' title='bbox 1300 1522 1302 1553; x_wconf 81' lang='lat'><em>²</em></span> 
     </span>
     <span class='ocr_line' id='line_1_14' title="bbox 149 1631 707 1695; baseline 0 -2"><span class='ocrx_word' id='word_1_109' title='bbox 149 1631 247 1694; x_wconf 85' lang='lat' dir='ltr'>uirtus</span> <span class='ocrx_word' id='word_1_110' title='bbox 271 1637 303 1694; x_wconf 88' lang='lat' dir='ltr'>et</span> <span class='ocrx_word' id='word_1_111' title='bbox 325 1631 500 1695; x_wconf 85' lang='lat' dir='ltr'>constitut-io</span> <span class='ocrx_word' id='word_1_112' title='bbox 524 1632 707 1694; x_wconf 88' lang='lat' dir='ltr'>continetur.</span> 
     </span>
    </p>

    <p class='ocr_par' dir='ltr' id='par_1_4' title="bbox 97 1734 1302 2443">
     <span class='ocr_line' id='line_1_15' title="bbox 194 1734 1263 1818; baseline -0.004 -20"><span class='ocrx_word' id='word_1_113' title='bbox 194 1736 221 1798; x_wconf 88' lang='grc'>6.</span> <span class='ocrx_word' id='word_1_114' title='bbox 234 1734 303 1799; x_wconf 87' lang='lat' dir='ltr'>Non</span> <span class='ocrx_word' id='word_1_115' title='bbox 316 1734 392 1799; x_wconf 87' lang='lat' dir='ltr'>alius</span> <span class='ocrx_word' id='word_1_116' title='bbox 402 1741 504 1799; x_wconf 85' lang='lat' dir='ltr'>antem</span> <span class='ocrx_word' id='word_1_117' title='bbox 517 1754 598 1799; x_wconf 90' lang='lat' dir='ltr'>nunc</span> <span class='ocrx_word' id='word_1_118' title='bbox 610 1736 836 1814; x_wconf 72' lang='lat' dir='ltr'>nundinationis</span> <span class='ocrx_word' id='word_1_119' title='bbox 846 1735 1033 1818; x_wconf 78' lang='lat' dir='ltr'>propheticae</span> <span class='ocrx_word' id='word_1_120' title='bbox 1045 1735 1120 1800; x_wconf 87' lang='lat' dir='ltr'>ordo</span> <span class='ocrx_word' id='word_1_121' title='bbox 1133 1741 1263 1817; x_wconf 78' lang='lat' dir='ltr'>estquunl</span> 
     </span>
     <span class='ocr_line' id='line_1_16' title="bbox 150 1834 1302 1919; baseline 0 -18"><span class='ocrx_word' id='word_1_122' title='bbox 150 1838 231 1902; x_wconf 88' lang='lat' dir='ltr'>fidei.</span> <span class='ocrx_word' id='word_1_123' title='bbox 277 1859 350 1902; x_wconf 90' lang='lat' dir='ltr'>narn</span> <span class='ocrx_word' id='word_1_124' title='bbox 369 1845 400 1903; x_wconf 85' lang='lat' dir='ltr'>at·</span> <span class='ocrx_word' id='word_1_125' title='bbox 417 1838 579 1902; x_wconf 85' lang='lat' dir='ltr'>tolerantia</span> <span class='ocrx_word' id='word_1_126' title='bbox 593 1839 840 1919; x_wconf 79' lang='lat' dir='ltr'>persecutionum</span> <span class='ocrx_word' id='word_1_127' title='bbox 865 1846 895 1903; x_wconf 90' lang='lat' dir='ltr'>et</span> <span class='ocrx_word' id='word_1_128' title='bbox 917 1840 1049 1903; x_wconf 82' lang='lat' dir='ltr'>formido</span> <span class='ocrx_word' id='word_1_129' title='bbox 1073 1841 1225 1906; x_wconf 88' lang='lat' dir='ltr'>nerbomm</span> <span class='ocrx_word' id='word_1_130' title='bbox 1244 1834 1265 1894; x_wconf 74' lang='lat' dir='ltr'>tl</span> <span class='ocrx_word' id='word_1_131' title='bbox 1300 1838 1302 1861; x_wconf 92' lang='lat'>&#39;</span> 
     </span>
     <span class='ocr_line' id='line_1_17' title="bbox 150 1936 1271 2031; baseline -0.003 -26"><span class='ocrx_word' id='word_1_132' title='bbox 150 1942 253 2007; x_wconf 70' lang='lat' dir='ltr'>laetitia</span> <span class='ocrx_word' id='word_1_133' title='bbox 269 1942 380 2026; x_wconf 89' lang='lat' dir='ltr'>eloquii</span> <span class='ocrx_word' id='word_1_134' title='bbox 397 1950 428 2007; x_wconf 86' lang='lat' dir='ltr'>st</span> <span class='ocrx_word' id='word_1_135' title='bbox 443 1944 546 2007; x_wconf 89' lang='lat' dir='ltr'>odium</span> <span class='ocrx_word' id='word_1_136' title='bbox 559 1944 728 2026; x_wconf 85' lang='lat' dir='ltr'>iniquitatis</span> <span class='ocrx_word' id='word_1_137' title='bbox 741 1951 870 2031; x_wconf 81' lang='lat' dir='ltr'>etamor</span> <span class='ocrx_word' id='word_1_138' title='bbox 885 1943 965 2028; x_wconf 89' lang='lat' dir='ltr'>legis</span> <span class='ocrx_word' id='word_1_139' title='bbox 977 1951 1009 2009; x_wconf 90' lang='lat' dir='ltr'>et</span> <span class='ocrx_word' id='word_1_140' title='bbox 1023 1943 1157 2008; x_wconf 90' lang='lat' dir='ltr'>laudatio</span> <span class='ocrx_word' id='word_1_141' title='bbox 1168 1936 1271 2007; x_wconf 78' lang='lat' dir='ltr'>iustitia</span> 
     </span>
     <span class='ocr_line' id='line_1_18' title="bbox 150 2039 1278 2130; baseline -0.001 -20"><span class='ocrx_word' id='word_1_142' title='bbox 150 2047 429 2121; x_wconf 81' lang='lat' dir='ltr'>etomneomnino</span> <span class='ocrx_word' id='word_1_143' title='bbox 449 2048 479 2111; x_wconf 92' lang='lat' dir='ltr'>si</span> <span class='ocrx_word' id='word_1_144' title='bbox 499 2047 603 2130; x_wconf 89' lang='lat' dir='ltr'>quod</span> <span class='ocrx_word' id='word_1_145' title='bbox 623 2047 733 2111; x_wconf 90' lang='lat' dir='ltr'>aliud</span> <span class='ocrx_word' id='word_1_146' title='bbox 757 2048 793 2109; x_wconf 96' lang='lat' dir='ltr'>in</span> <span class='ocrx_word' id='word_1_147' title='bbox 819 2047 907 2130; x_wconf 87' lang='lat' dir='ltr'>lege</span> <span class='ocrx_word' id='word_1_148' title='bbox 922 2049 1151 2113; x_wconf 85' lang='lat' dir='ltr'>mandatum</span> <span class='ocrx_word' id='word_1_149' title='bbox 1168 2039 1278 2120; x_wconf 75' lang='lat' dir='ltr'>estin</span> 
     </span>
     <span class='ocr_line' id='line_1_19' title="bbox 148 2150 1286 2232; baseline -0.002 -19"><span class='ocrx_word' id='word_1_150' title='bbox 148 2150 267 2215; x_wconf 91' lang='lat' dir='ltr'>huius</span> <span class='ocrx_word' id='word_1_151' title='bbox 291 2159 445 2214; x_wconf 90' lang='lat' dir='ltr'>tantum</span> <span class='ocrx_word' id='word_1_152' title='bbox 470 2152 666 2232; x_wconf 58' lang='lat' dir='ltr'>macenti</span> <span class='ocrx_word' id='word_1_153' title='bbox 698 2152 989 2217; x_wconf 88' lang='lat' dir='ltr'>obseruatione</span> <span class='ocrx_word' id='word_1_154' title='bbox 1012 2151 1286 2217; x_wconf 64' lang='lat' dir='ltr'>concluditur*-</span> 
     </span>
     <span class='ocr_line' id='line_1_20' title="bbox 149 2247 1293 2338; baseline -0.004 -20"><span class='ocrx_word' id='word_1_155' title='bbox 149 2255 302 2338; x_wconf 84' lang='lat' dir='ltr'>diliges</span> <span class='ocrx_word' id='word_1_156' title='bbox 338 2257 558 2335; x_wconf 81' lang='lat' dir='ltr'>proximum</span> <span class='ocrx_word' id='word_1_157' title='bbox 596 2263 700 2319; x_wconf 89' lang='lat' dir='ltr'>tuum</span> <span class='ocrx_word' id='word_1_158' title='bbox 737 2256 845 2319; x_wconf 92' lang='lat' dir='ltr'>sicut</span> <span class='ocrx_word' id='word_1_159' title='bbox 876 2263 912 2320; x_wconf 87' lang='lat' dir='ltr'>te</span> <span class='ocrx_word' id='word_1_160' title='bbox 936 2257 1077 2336; x_wconf 91' lang='lat' dir='ltr'>ipsum.</span> <span class='ocrx_word' id='word_1_161' title='bbox 1123 2247 1293 2319; x_wconf 67' lang='lat' dir='ltr'>hoclmlff</span> 
     </span>
     <span class='ocr_line' id='line_1_21' title="bbox 97 2351 1302 2443; baseline -0.003 -21"><span class='ocrx_word' id='word_1_162' title='bbox 97 2378 107 2414; x_wconf 68' lang='grc' dir='ltr'><em>ε</em></span> <span class='ocrx_word' id='word_1_163' title='bbox 149 2360 271 2436; x_wconf 76' lang='lat' dir='ltr'>caustis,</span> <span class='ocrx_word' id='word_1_164' title='bbox 303 2358 362 2423; x_wconf 91' lang='lat' dir='ltr'>hoc</span> <span class='ocrx_word' id='word_1_165' title='bbox 393 2359 553 2424; x_wconf 87' lang='lat' dir='ltr'>sacrificiis</span> <span class='ocrx_word' id='word_1_166' title='bbox 577 2360 719 2424; x_wconf 84' lang='lat' dir='ltr'>omnibus</span> <span class='ocrx_word' id='word_1_167' title='bbox 743 2360 841 2424; x_wconf 83' lang='lat' dir='ltr'>maius</span> <span class='ocrx_word' id='word_1_168' title='bbox 864 2367 918 2430; x_wconf 84' lang='lat' dir='ltr'>est,</span> <span class='ocrx_word' id='word_1_169' title='bbox 953 2380 1046 2424; x_wconf 92' lang='lat' dir='ltr'>unum</span> <span class='ocrx_word' id='word_1_170' title='bbox 1081 2366 1173 2443; x_wconf 85' lang='lat' dir='ltr'>atque</span> <span class='ocrx_word' id='word_1_171' title='bbox 1203 2351 1302 2421; x_wconf 69' lang='lat' dir='ltr'>ide-¹¹</span> 
     </span>
    </p>
   </div>
   <div class='ocr_carea' id='block_1_3' title="bbox 148 2456 1302 2756">
    <p class='ocr_par' dir='ltr' id='par_1_5' title="bbox 148 2456 1302 2756">
     <span class='ocr_line' id='line_1_22' title="bbox 149 2456 1302 2554; baseline -0.002 -28"><span class='ocrx_word' id='word_1_172' title='bbox 149 2463 205 2526; x_wconf 88' lang='lat' dir='ltr'>sibi</span> <span class='ocrx_word' id='word_1_173' title='bbox 231 2463 410 2527; x_wconf 88' lang='lat' dir='ltr'>meminisse</span> <span class='ocrx_word' id='word_1_174' title='bbox 445 2483 515 2528; x_wconf 87' lang='lat' dir='ltr'>curn</span> <span class='ocrx_word' id='word_1_175' title='bbox 550 2463 608 2527; x_wconf 90' lang='lat' dir='ltr'>alio</span> <span class='ocrx_word' id='word_1_176' title='bbox 643 2483 753 2545; x_wconf 85' lang='lat' dir='ltr'>corpus</span> <span class='ocrx_word' id='word_1_177' title='bbox 788 2484 865 2540; x_wconf 78' lang='lat' dir='ltr'>esse,</span> <span class='ocrx_word' id='word_1_178' title='bbox 901 2465 952 2548; x_wconf 93' lang='lat' dir='ltr'>qui</span> <span class='ocrx_word' id='word_1_179' title='bbox 978 2462 1092 2528; x_wconf 77' lang='lat' dir='ltr'>Christi</span> <span class='ocrx_word' id='word_1_180' title='bbox 1118 2472 1170 2538; x_wconf 78' lang='lat' dir='ltr'>est,</span> <span class='ocrx_word' id='word_1_181' title='bbox 1202 2469 1227 2526; x_wconf 84' lang='lat' dir='ltr'>et</span> <span class='ocrx_word' id='word_1_182' title='bbox 1263 2456 1302 2554; x_wconf 61' lang='lat'>¹}</span> 
     </span>
     <span class='ocr_line' id='line_1_23' title="bbox 148 2562 1302 2651; baseline -0.004 -21"><span class='ocrx_word' id='word_1_183' title='bbox 148 2585 257 2645; x_wconf 87' lang='lat' dir='ltr'>corpus</span> <span class='ocrx_word' id='word_1_184' title='bbox 292 2586 389 2644; x_wconf 86' lang='lat' dir='ltr'>suum,</span> <span class='ocrx_word' id='word_1_185' title='bbox 414 2568 444 2630; x_wconf 92' lang='lat' dir='ltr'>id</span> <span class='ocrx_word' id='word_1_186' title='bbox 480 2573 528 2631; x_wconf 89' lang='lat' dir='ltr'>est</span> <span class='ocrx_word' id='word_1_187' title='bbox 550 2575 583 2631; x_wconf 90' lang='lat' dir='ltr'>ut</span> <span class='ocrx_word' id='word_1_188' title='bbox 606 2588 639 2631; x_wconf 91' lang='lat' dir='ltr'>se</span> <span class='ocrx_word' id='word_1_189' title='bbox 671 2568 782 2648; x_wconf 85' lang='lat' dir='ltr'>ipsum,</span> <span class='ocrx_word' id='word_1_190' title='bbox 818 2588 932 2642; x_wconf 86' lang='lat' dir='ltr'>amare,</span> <span class='ocrx_word' id='word_1_191' title='bbox 968 2568 1021 2651; x_wconf 93' lang='lat' dir='ltr'>qui</span> <span class='ocrx_word' id='word_1_192' title='bbox 1055 2569 1209 2648; x_wconf 80' lang='lat' dir='ltr'>proximus</span> <span class='ocrx_word' id='word_1_193' title='bbox 1236 2562 1302 2625; x_wconf 69' lang='grc' dir='ltr'>ἓ]</span> 
     </span>
     <span class='ocr_line' id='line_1_24' title="bbox 193 2689 456 2756; baseline 0.008 -16"><span class='ocrx_word' id='word_1_194' title='bbox 193 2691 224 2741; x_wconf 80' lang='lat' dir='ltr'>rr</span> <span class='ocrx_word' id='word_1_195' title='bbox 244 2689 320 2742; x_wconf 82' lang='lat' dir='ltr'>nom.</span> <span class='ocrx_word' id='word_1_196' title='bbox 340 2689 413 2756; x_wconf 80' lang='lat' dir='ltr'>mu,</span> <span class='ocrx_word' id='word_1_197' title='bbox 432 2693 456 2742; x_wconf 87' lang='lat' dir='ltr'>s.</span> 
     </span>
    </p>
   </div>
   <div class='ocr_carea' id='block_1_4' title="bbox 146 2786 1302 2952">
    <p class='ocr_par' dir='ltr' id='par_1_6' title="bbox 146 2786 1302 2952">
     <span class='ocr_line' id='line_1_25' title="bbox 192 2786 1302 2864; baseline 0.001 -21"><span class='ocrx_word' id='word_1_198' title='bbox 192 2795 203 2844; x_wconf 90' lang='lat'>1</span> <span class='ocrx_word' id='word_1_199' title='bbox 225 2787 469 2860; x_wconf 79' lang='lat' dir='ltr'>quiquagensimus</span> <span class='ocrx_word' id='word_1_200' title='bbox 495 2795 517 2845; x_wconf 89' lang='lat' dir='ltr'><em>V</em></span> <span class='ocrx_word' id='word_1_201' title='bbox 543 2805 565 2845; x_wconf 77' lang='lat' dir='ltr'>ct</span> <span class='ocrx_word' id='word_1_202' title='bbox 591 2797 627 2847; x_wconf 81' lang='lat' dir='ltr'>sic</span> <span class='ocrx_word' id='word_1_203' title='bbox 651 2797 678 2847; x_wconf 82' lang='lat' dir='ltr'>in</span> <span class='ocrx_word' id='word_1_204' title='bbox 696 2813 746 2864; x_wconf 86' lang='lat' dir='ltr'>seq.</span> <span class='ocrx_word' id='word_1_205' title='bbox 801 2795 852 2849; x_wconf 92' lang='lat' dir='ltr'>sub</span> <span class='ocrx_word' id='word_1_206' title='bbox 880 2795 1008 2863; x_wconf 86' lang='lat' dir='ltr'>imaginis</span> <span class='ocrx_word' id='word_1_207' title='bbox 1037 2802 1206 2848; x_wconf 86' lang='lat' dir='ltr'>sacramento</span> <span class='ocrx_word' id='word_1_208' title='bbox 1230 2786 1302 2844; x_wconf 73' lang='lat'>1¹⁴</span> 
     </span>
     <span class='ocr_line' id='line_1_26' title="bbox 146 2870 1274 2952; baseline 0.001 -22"><span class='ocrx_word' id='word_1_209' title='bbox 146 2885 215 2946; x_wconf 80' lang='lat' dir='ltr'>parii</span> <span class='ocrx_word' id='word_1_210' title='bbox 234 2880 367 2932; x_wconf 84' lang='lat' dir='ltr'>moment-i</span> <span class='ocrx_word' id='word_1_211' title='bbox 386 2896 445 2933; x_wconf 84' lang='lat' dir='ltr'>esse</span> <span class='ocrx_word' id='word_1_212' title='bbox 465 2881 667 2947; x_wconf 83' lang='lat' dir='ltr'>intelleguntur</span> <span class='ocrx_word' id='word_1_213' title='bbox 687 2882 725 2952; x_wconf 69' lang='lat' dir='ltr'>Cp</span> <span class='ocrx_word' id='word_1_214' title='bbox 778 2884 845 2935; x_wconf 74' lang='lat' dir='ltr'>dac</span> <span class='ocrx_word' id='word_1_215' title='bbox 864 2899 919 2935; x_wconf 90' lang='lat' dir='ltr'>non</span> <span class='ocrx_word' id='word_1_216' title='bbox 931 2901 962 2936; x_wconf 80' lang='lat' dir='ltr'>ec</span> <span class='ocrx_word' id='word_1_217' title='bbox 979 2898 1011 2935; x_wconf 90' lang='lat' dir='ltr'>ac</span> <span class='ocrx_word' id='word_1_218' title='bbox 1031 2899 1094 2935; x_wconf 91' lang='lat' dir='ltr'>cum</span> <span class='ocrx_word' id='word_1_219' title='bbox 1114 2899 1168 2935; x_wconf 92' lang='lat' dir='ltr'>non</span> <span class='ocrx_word' id='word_1_220' title='bbox 1186 2870 1274 2934; x_wconf 59' lang='lat' dir='ltr'>aa?</span> 
     </span>
    </p>
   </div>
   <div class='ocr_carea' id='block_1_5' title="bbox 147 2946 1302 3033">
    <p class='ocr_par' dir='ltr' id='par_1_7' title="bbox 147 2946 1302 3033">
     <span class='ocr_line' id='line_1_27' title="bbox 147 2946 1302 3033; baseline 0.004 -15"><span class='ocrx_word' id='word_1_221' title='bbox 147 2984 199 3033; x_wconf 88' lang='lat' dir='ltr'>qur</span> <span class='ocrx_word' id='word_1_222' title='bbox 218 2967 243 3018; x_wconf 77' lang='lat' dir='ltr'><em>R</em></span> <span class='ocrx_word' id='word_1_223' title='bbox 297 2967 334 3020; x_wconf 87' lang='lat' dir='ltr'>sit</span> <span class='ocrx_word' id='word_1_224' title='bbox 353 2968 377 3018; x_wconf 79' lang='lat' dir='ltr'>iu</span> <span class='ocrx_word' id='word_1_225' title='bbox 398 2985 450 3020; x_wconf 83' lang='lat' dir='ltr'>ros.</span> <span class='ocrx_word' id='word_1_226' title='bbox 469 2987 502 3020; x_wconf 85' lang='lat' dir='ltr'>m.</span> <span class='ocrx_word' id='word_1_227' title='bbox 525 2970 581 3021; x_wconf 71' lang='lat' dir='ltr'>lli</span> <span class='ocrx_word' id='word_1_228' title='bbox 599 2969 635 3021; x_wconf 88' lang='lat' dir='ltr'>sit</span> <span class='ocrx_word' id='word_1_229' title='bbox 662 2988 692 3020; x_wconf 77' lang='lat' dir='ltr'>eu</span> <span class='ocrx_word' id='word_1_230' title='bbox 719 2969 758 3022; x_wconf 89' lang='lat' dir='ltr'>sic</span> <span class='ocrx_word' id='word_1_231' title='bbox 783 2988 815 3022; x_wconf 86' lang='lat' dir='ltr'>m.</span> <span class='ocrx_word' id='word_1_232' title='bbox 835 2968 895 3021; x_wconf 72' lang='lat'>:211</span> <span class='ocrx_word' id='word_1_233' title='bbox 945 2970 1027 3022; x_wconf 72' lang='lat' dir='ltr'>duel</span> <span class='ocrx_word' id='word_1_234' title='bbox 1055 2970 1085 3021; x_wconf 96' lang='lat' dir='ltr'>in</span> <span class='ocrx_word' id='word_1_235' title='bbox 1112 2970 1158 3023; x_wconf 90' lang='lat' dir='ltr'>die</span> <span class='ocrx_word' id='word_1_236' title='bbox 1184 2987 1228 3022; x_wconf 84' lang='lat' dir='ltr'>om.</span> <span class='ocrx_word' id='word_1_237' title='bbox 1273 2946 1302 2997; x_wconf 60' lang='grc' dir='ltr'>ί</span> 
     </span>
    </p>
   </div>
   <div class='ocr_carea' id='block_1_6' title="bbox 338 3052 360 3090">
    <p class='ocr_par' dir='ltr' id='par_1_8' title="bbox 338 3052 360 3090">
     <span class='ocr_line' id='line_1_28' title="bbox 338 3052 360 3090; baseline 0 0"><span class='ocrx_word' id='word_1_238' title='bbox 338 3052 360 3090; x_wconf 87' lang='lat' dir='ltr'>ln</span> 
     </span>
    </p>
   </div>
   <div class='ocr_carea' id='block_1_7' title="bbox 64 3098 1232 3175">
    <p class='ocr_par' dir='ltr' id='par_1_9' title="bbox 64 3098 1232 3175">
     <span class='ocr_line' id='line_1_29' title="bbox 64 3098 1232 3175; baseline 0.003 -19"><span class='ocrx_word' id='word_1_239' title='bbox 64 3152 67 3172; x_wconf 20' lang='grc' dir='ltr'>ἱ</span> <span class='ocrx_word' id='word_1_240' title='bbox 147 3098 264 3172; x_wconf 83' lang='lat' dir='ltr'>ipuero</span> <span class='ocrx_word' id='word_1_241' title='bbox 295 3105 319 3156; x_wconf 88' lang='lat' dir='ltr'><em>V</em></span> <span class='ocrx_word' id='word_1_242' title='bbox 342 3123 428 3172; x_wconf 84' lang='lat' dir='ltr'>puero</span> <span class='ocrx_word' id='word_1_243' title='bbox 455 3106 481 3158; x_wconf 76' lang='lat' dir='ltr'><em>R</em></span> <span class='ocrx_word' id='word_1_244' title='bbox 534 3106 578 3159; x_wconf 90' lang='lat' dir='ltr'>nel</span> <span class='ocrx_word' id='word_1_245' title='bbox 607 3106 634 3158; x_wconf 92' lang='lat' dir='ltr'>iu</span> <span class='ocrx_word' id='word_1_246' title='bbox 662 3111 739 3160; x_wconf 85' lang='lat' dir='ltr'>terra</span> <span class='ocrx_word' id='word_1_247' title='bbox 766 3125 813 3160; x_wconf 87' lang='lat' dir='ltr'>om.</span> <span class='ocrx_word' id='word_1_248' title='bbox 843 3109 865 3158; x_wconf 71' lang='lat' dir='ltr'>t·</span> <span class='ocrx_word' id='word_1_249' title='bbox 915 3109 932 3158; x_wconf 78' lang='lat' dir='ltr'>t</span> <span class='ocrx_word' id='word_1_250' title='bbox 951 3106 1039 3175; x_wconf 89' lang='lat' dir='ltr'>adque</span> <span class='ocrx_word' id='word_1_251' title='bbox 1068 3111 1130 3161; x_wconf 85' lang='lat' dir='ltr'>odd.</span> <span class='ocrx_word' id='word_1_252' title='bbox 1157 3127 1190 3161; x_wconf 86' lang='lat' dir='ltr'>m.</span> <span class='ocrx_word' id='word_1_253' title='bbox 1215 3105 1232 3159; x_wconf 77' lang='lat'><em>2</em></span> 
     </span>
    </p>
   </div>
   <div class='ocr_carea' id='block_1_8' title="bbox 147 3183 1302 3351">
    <p class='ocr_par' dir='ltr' id='par_1_10' title="bbox 147 3183 1302 3351">
     <span class='ocr_line' id='line_1_30' title="bbox 147 3183 1302 3248; baseline 0.003 -5"><span class='ocrx_word' id='word_1_254' title='bbox 147 3190 363 3244; x_wconf 85' lang='lat' dir='ltr'>sanctificatione</span> <span class='ocrx_word' id='word_1_255' title='bbox 391 3211 421 3245; x_wconf 76' lang='lat' dir='ltr'>ec</span> <span class='ocrx_word' id='word_1_256' title='bbox 447 3191 660 3246; x_wconf 84' lang='lat' dir='ltr'>sanctificationi</span> <span class='ocrx_word' id='word_1_257' title='bbox 687 3212 719 3246; x_wconf 85' lang='lat' dir='ltr'>m.</span> <span class='ocrx_word' id='word_1_258' title='bbox 748 3194 764 3245; x_wconf 85' lang='lat'><em>1</em></span> <span class='ocrx_word' id='word_1_259' title='bbox 789 3194 814 3247; x_wconf 81' lang='lat' dir='ltr'><em>R</em></span> <span class='ocrx_word' id='word_1_260' title='bbox 838 3193 1087 3247; x_wconf 82' lang='lat' dir='ltr'>sanctificationem</span> <span class='ocrx_word' id='word_1_261' title='bbox 1119 3196 1143 3248; x_wconf 89' lang='lat' dir='ltr'><em>V</em></span> <span class='ocrx_word' id='word_1_262' title='bbox 1207 3183 1302 3246; x_wconf 61' lang='lat' dir='ltr'>baill</span> 
     </span>
     <span class='ocr_line' id='line_1_31' title="bbox 147 3277 1302 3351; baseline 0.003 -23"><span class='ocrx_word' id='word_1_263' title='bbox 147 3297 176 3330; x_wconf 70' lang='lat' dir='ltr'>ea·</span> <span class='ocrx_word' id='word_1_264' title='bbox 202 3280 284 3331; x_wconf 90' lang='lat' dir='ltr'>nnius</span> <span class='ocrx_word' id='word_1_265' title='bbox 309 3297 341 3330; x_wconf 85' lang='lat' dir='ltr'>m.</span> <span class='ocrx_word' id='word_1_266' title='bbox 364 3280 376 3329; x_wconf 86' lang='lat' dir='ltr'>l</span> <span class='ocrx_word' id='word_1_267' title='bbox 396 3279 421 3331; x_wconf 90' lang='lat' dir='ltr'><em>R</em></span> <span class='ocrx_word' id='word_1_268' title='bbox 483 3283 499 3332; x_wconf 84' lang='lat'>7</span> <span class='ocrx_word' id='word_1_269' title='bbox 526 3280 642 3333; x_wconf 69' lang='lat' dir='ltr'>sabbatii</span> <span class='ocrx_word' id='word_1_270' title='bbox 669 3281 845 3334; x_wconf 83' lang='lat' dir='ltr'>sabbatorum</span> <span class='ocrx_word' id='word_1_271' title='bbox 862 3300 882 3351; x_wconf 84' lang='lat' dir='ltr'><em>p</em></span> <span class='ocrx_word' id='word_1_272' title='bbox 900 3281 1120 3344; x_wconf 79' lang='lat' dir='ltr'>sabbatorumC</span> <span class='ocrx_word' id='word_1_273' title='bbox 1169 3281 1186 3333; x_wconf 73' lang='lat'>8</span> <span class='ocrx_word' id='word_1_274' title='bbox 1210 3277 1302 3334; x_wconf 59' lang='lat' dir='ltr'>sane*</span> 
     </span>
    </p>
   </div>
   <div class='ocr_carea' id='block_1_9' title="bbox 65 3360 1297 3423">
    <p class='ocr_par' dir='ltr' id='par_1_11' title="bbox 65 3360 1297 3423">
     <span class='ocr_line' id='line_1_32' title="bbox 65 3360 1297 3423; baseline 0.002 -7"><span class='ocrx_word' id='word_1_275' title='bbox 65 3368 68 3373; x_wconf 84' lang='lat'>&#39;</span> <span class='ocrx_word' id='word_1_276' title='bbox 146 3364 307 3419; x_wconf 83' lang='lat' dir='ltr'>titicationis</span> <span class='ocrx_word' id='word_1_277' title='bbox 337 3366 360 3417; x_wconf 65' lang='lat' dir='ltr'>ts?</span> <span class='ocrx_word' id='word_1_278' title='bbox 426 3366 616 3420; x_wconf 82' lang='lat' dir='ltr'>9constititio</span> <span class='ocrx_word' id='word_1_279' title='bbox 644 3368 669 3420; x_wconf 77' lang='lat' dir='ltr'><em>R</em></span> <span class='ocrx_word' id='word_1_280' title='bbox 734 3367 904 3420; x_wconf 68' lang='lat' dir='ltr'>*essentium</span> <span class='ocrx_word' id='word_1_281' title='bbox 933 3367 1033 3421; x_wconf 81' lang='lat' dir='ltr'>electio</span> <span class='ocrx_word' id='word_1_282' title='bbox 1069 3369 1096 3422; x_wconf 94' lang='lat' dir='ltr'><em>V</em></span> <span class='ocrx_word' id='word_1_283' title='bbox 1122 3360 1297 3423; x_wconf 63' lang='lat' dir='ltr'>adstantiuffi</span> 
     </span>
    </p>
   </div>
   <div class='ocr_carea' id='block_1_10' title="bbox 146 3442 1270 3609">
    <p class='ocr_par' dir='ltr' id='par_1_12' title="bbox 146 3442 1270 3609">
     <span class='ocr_line' id='line_1_33' title="bbox 146 3442 1270 3526; baseline 0.005 -23"><span class='ocrx_word' id='word_1_284' title='bbox 146 3452 298 3504; x_wconf 84' lang='lat' dir='ltr'>electorum</span> <span class='ocrx_word' id='word_1_285' title='bbox 329 3453 354 3504; x_wconf 82' lang='lat' dir='ltr'><em>R</em></span> <span class='ocrx_word' id='word_1_286' title='bbox 384 3454 423 3509; x_wconf 82' lang='lat' dir='ltr'>(in</span> <span class='ocrx_word' id='word_1_287' title='bbox 455 3454 481 3506; x_wconf 85' lang='lat' dir='ltr'><em>R</em></span> <span class='ocrx_word' id='word_1_288' title='bbox 510 3459 541 3506; x_wconf 92' lang='lat' dir='ltr'>ut</span> <span class='ocrx_word' id='word_1_289' title='bbox 571 3454 734 3522; x_wconf 84' lang='lat' dir='ltr'>augelorum</span> <span class='ocrx_word' id='word_1_290' title='bbox 765 3483 796 3490; x_wconf 99' lang='lat'>—</span> <span class='ocrx_word' id='word_1_291' title='bbox 827 3454 979 3507; x_wconf 89' lang='lat' dir='ltr'>electorum</span> <span class='ocrx_word' id='word_1_292' title='bbox 1009 3473 1083 3526; x_wconf 80' lang='lat' dir='ltr'>supr.</span> <span class='ocrx_word' id='word_1_293' title='bbox 1113 3475 1164 3510; x_wconf 84' lang='lat' dir='ltr'>scr.</span> <span class='ocrx_word' id='word_1_294' title='bbox 1193 3475 1222 3508; x_wconf 86' lang='lat' dir='ltr'>m.</span> <span class='ocrx_word' id='word_1_295' title='bbox 1251 3442 1270 3509; x_wconf 80' lang='lat' dir='ltr'>ll</span> 
     </span>
     <span class='ocr_line' id='line_1_34' title="bbox 147 3534 1266 3609; baseline 0.006 -19"><span class='ocrx_word' id='word_1_296' title='bbox 147 3541 176 3590; x_wconf 93' lang='lat' dir='ltr'>ll</span> <span class='ocrx_word' id='word_1_297' title='bbox 189 3538 349 3591; x_wconf 82' lang='lat' dir='ltr'>iudiciaom.</span> <span class='ocrx_word' id='word_1_298' title='bbox 362 3543 384 3590; x_wconf 55' lang='grc' dir='ltr'>(Γ</span> <span class='ocrx_word' id='word_1_299' title='bbox 434 3539 462 3591; x_wconf 90' lang='lat' dir='ltr'>in</span> <span class='ocrx_word' id='word_1_300' title='bbox 481 3556 597 3593; x_wconf 86' lang='lat' dir='ltr'>numero</span> <span class='ocrx_word' id='word_1_301' title='bbox 616 3540 781 3609; x_wconf 86' lang='lat' dir='ltr'>prophetam</span> <span class='ocrx_word' id='word_1_302' title='bbox 800 3540 945 3609; x_wconf 81' lang='lat' dir='ltr'>(propheta</span> <span class='ocrx_word' id='word_1_303' title='bbox 965 3540 998 3606; x_wconf 73' lang='lat'>0)</span> <span class='ocrx_word' id='word_1_304' title='bbox 1018 3541 1134 3597; x_wconf 83' lang='lat' dir='ltr'>laudare</span> <span class='ocrx_word' id='word_1_305' title='bbox 1152 3534 1266 3609; x_wconf 69' lang='lat' dir='ltr'>(laudell</span> 
     </span>
    </p>
   </div>
   <div class='ocr_carea' id='block_1_11' title="bbox 66 3621 1267 3695">
    <p class='ocr_par' dir='ltr' id='par_1_13' title="bbox 66 3621 1267 3695">
     <span class='ocr_line' id='line_1_35' title="bbox 66 3621 1267 3695; baseline 0.006 -20"><span class='ocrx_word' id='word_1_306' title='bbox 66 3646 73 3664; x_wconf 91' lang='lat'><strong>·</strong></span> <span class='ocrx_word' id='word_1_307' title='bbox 146 3627 276 3678; x_wconf 84' lang='lat' dir='ltr'>conuenit</span> <span class='ocrx_word' id='word_1_308' title='bbox 287 3627 325 3695; x_wconf 70' lang='lat' dir='ltr'>lj&#39;p</span> <span class='ocrx_word' id='word_1_309' title='bbox 370 3626 609 3694; x_wconf 73' lang='lat' dir='ltr'>12percdd.m.2</span> <span class='ocrx_word' id='word_1_310' title='bbox 625 3628 649 3681; x_wconf 83' lang='lat' dir='ltr'><em>V</em></span> <span class='ocrx_word' id='word_1_311' title='bbox 691 3629 723 3680; x_wconf 79' lang='lat'>15</span> <span class='ocrx_word' id='word_1_312' title='bbox 734 3629 933 3681; x_wconf 83' lang='lat' dir='ltr'>ettolerantiae</span> <span class='ocrx_word' id='word_1_313' title='bbox 950 3628 1021 3682; x_wconf 91' lang='lat' dir='ltr'>V¹et</span> <span class='ocrx_word' id='word_1_314' title='bbox 1031 3621 1267 3685; x_wconf 73' lang='lat' dir='ltr'>tolerantts&#39;r&#39;trl</span> 
     </span>
    </p>
   </div>
   <div class='ocr_carea' id='block_1_12' title="bbox 146 3711 1269 3784">
    <p class='ocr_par' dir='ltr' id='par_1_14' title="bbox 146 3711 1269 3784">
     <span class='ocr_line' id='line_1_36' title="bbox 146 3711 1269 3784; baseline 0.005 -22"><span class='ocrx_word' id='word_1_315' title='bbox 146 3711 320 3782; x_wconf 71' lang='lat' dir='ltr'>tolerantiap</span> <span class='ocrx_word' id='word_1_316' title='bbox 372 3712 490 3766; x_wconf 82' lang='lat' dir='ltr'>formido</span> <span class='ocrx_word' id='word_1_317' title='bbox 504 3712 562 3778; x_wconf 85' lang='lat' dir='ltr'>(orn.</span> <span class='ocrx_word' id='word_1_318' title='bbox 576 3713 663 3784; x_wconf 69' lang='lat' dir='ltr'>etlt&#39;p</span> <span class='ocrx_word' id='word_1_319' title='bbox 716 3717 782 3768; x_wconf 82' lang='lat' dir='ltr'>iuter</span> <span class='ocrx_word' id='word_1_320' title='bbox 794 3716 943 3769; x_wconf 86' lang='lat' dir='ltr'>uerborum</span> <span class='ocrx_word' id='word_1_321' title='bbox 961 3716 1269 3772; x_wconf 59' lang='lat' dir='ltr'>sallustianorum:</span> 
     </span>
    </p>
   </div>
   <div class='ocr_carea' id='block_1_13' title="bbox 146 3815 1273 3927">
    <p class='ocr_par' dir='ltr' id='par_1_15' title="bbox 146 3815 1273 3927">
     <span class='ocr_line' id='line_1_37' title="bbox 146 3815 1273 3927; baseline 0.008 -26"><span class='ocrx_word' id='word_1_322' title='bbox 146 3836 300 3918; x_wconf 84' lang='lat' dir='ltr'>temperare</span> <span class='ocrx_word' id='word_1_323' title='bbox 320 3869 374 3919; x_wconf 85' lang='lat' dir='ltr'>pax</span> <span class='ocrx_word' id='word_1_324' title='bbox 392 3869 457 3919; x_wconf 84' lang='lat' dir='ltr'>ergo</span> <span class='ocrx_word' id='word_1_325' title='bbox 477 3853 621 3905; x_wconf 85' lang='lat' dir='ltr'>retinenda</span> <span class='ocrx_word' id='word_1_326' title='bbox 634 3859 675 3906; x_wconf 86' lang='lat' dir='ltr'>est</span> <span class='ocrx_word' id='word_1_327' title='bbox 688 3855 723 3922; x_wconf 73' lang='lat' dir='ltr'>cf.</span> <span class='ocrx_word' id='word_1_328' title='bbox 733 3872 761 3923; x_wconf 76' lang='lat' dir='ltr'>p.</span> <span class='ocrx_word' id='word_1_329' title='bbox 779 3852 845 3921; x_wconf 71' lang='lat'>539,</span> <span class='ocrx_word' id='word_1_330' title='bbox 864 3853 883 3908; x_wconf 78' lang='grc' dir='ltr'>ό·</span> <span class='ocrx_word' id='word_1_331' title='bbox 937 3856 969 3908; x_wconf 87' lang='grc'>16</span> <span class='ocrx_word' id='word_1_332' title='bbox 988 3853 1083 3923; x_wconf 84' lang='lat' dir='ltr'>eloqui</span> <span class='ocrx_word' id='word_1_333' title='bbox 1111 3857 1145 3911; x_wconf 87' lang='lat' dir='ltr'>V¹</span> <span class='ocrx_word' id='word_1_334' title='bbox 1164 3815 1273 3927; x_wconf 65' lang='lat' dir='ltr'>eloqotp</span> 
     </span>
    </p>
   </div>
   <div class='ocr_carea' id='block_1_14' title="bbox 146 3964 1302 4075">
    <p class='ocr_par' dir='ltr' id='par_1_16' title="bbox 146 3964 1302 4075">
     <span class='ocr_line' id='line_1_38' title="bbox 146 3964 1302 4075; baseline 0.011 -19"><span class='ocrx_word' id='word_1_335' title='bbox 146 4023 222 4058; x_wconf 87' lang='lat' dir='ltr'>amor</span> <span class='ocrx_word' id='word_1_336' title='bbox 237 4007 326 4060; x_wconf 88' lang='lat' dir='ltr'>laudis</span> <span class='ocrx_word' id='word_1_337' title='bbox 341 4008 410 4075; x_wconf 83' lang='lat' dir='ltr'>legis</span> <span class='ocrx_word' id='word_1_338' title='bbox 420 4027 486 4062; x_wconf 84' lang='lat' dir='ltr'>corr.</span> <span class='ocrx_word' id='word_1_339' title='bbox 501 4008 563 4062; x_wconf 73' lang='lat' dir='ltr'>m?</span> <span class='ocrx_word' id='word_1_340' title='bbox 578 4010 602 4062; x_wconf 94' lang='lat' dir='ltr'><em>V</em></span> <span class='ocrx_word' id='word_1_341' title='bbox 653 4019 680 4063; x_wconf 86' lang='lat' dir='ltr'>et</span> <span class='ocrx_word' id='word_1_342' title='bbox 694 4010 815 4064; x_wconf 87' lang='lat' dir='ltr'>laudatio</span> <span class='ocrx_word' id='word_1_343' title='bbox 825 4039 859 4048; x_wconf 93' lang='lat'><em>-</em></span> <span class='ocrx_word' id='word_1_344' title='bbox 869 4029 949 4065; x_wconf 89' lang='lat' dir='ltr'>omne</span> <span class='ocrx_word' id='word_1_345' title='bbox 959 4029 1008 4065; x_wconf 86' lang='lat' dir='ltr'>om.</span> <span class='ocrx_word' id='word_1_346' title='bbox 1020 4012 1043 4065; x_wconf 58' lang='grc' dir='ltr'>(Ὺ</span> <span class='ocrx_word' id='word_1_347' title='bbox 1096 4016 1132 4069; x_wconf 86' lang='grc'>18</span> <span class='ocrx_word' id='word_1_348' title='bbox 1142 3964 1278 4071; x_wconf 65' lang='lat' dir='ltr'>eoemdinrur</span> <span class='ocrx_word' id='word_1_349' title='bbox 1299 3994 1302 4058; x_wconf 63' lang='lat' dir='ltr'>l</span> 
     </span>
    </p>
   </div>
   <div class='ocr_carea' id='block_1_15' title="bbox 145 4127 1280 4290">
    <p class='ocr_par' dir='ltr' id='par_1_17' title="bbox 145 4127 1280 4290">
     <span class='ocr_line' id='line_1_39' title="bbox 146 4127 1280 4208; baseline 0.016 -30"><span class='ocrx_word' id='word_1_350' title='bbox 146 4127 171 4178; x_wconf 78' lang='lat' dir='ltr'><em>R</em></span> <span class='ocrx_word' id='word_1_351' title='bbox 190 4129 381 4182; x_wconf 88' lang='lat' dir='ltr'>concludimur</span> <span class='ocrx_word' id='word_1_352' title='bbox 398 4131 420 4183; x_wconf 88' lang='lat' dir='ltr'><em>V</em></span> <span class='ocrx_word' id='word_1_353' title='bbox 474 4135 504 4184; x_wconf 84' lang='lat'>19</span> <span class='ocrx_word' id='word_1_354' title='bbox 522 4131 616 4199; x_wconf 88' lang='lat' dir='ltr'>diligis</span> <span class='ocrx_word' id='word_1_355' title='bbox 632 4133 656 4184; x_wconf 91' lang='lat' dir='ltr'><em>V</em></span> <span class='ocrx_word' id='word_1_356' title='bbox 706 4140 847 4200; x_wconf 88' lang='lat' dir='ltr'>tamquam</span> <span class='ocrx_word' id='word_1_357' title='bbox 866 4139 893 4186; x_wconf 87' lang='lat' dir='ltr'>te</span> <span class='ocrx_word' id='word_1_358' title='bbox 913 4134 1003 4202; x_wconf 90' lang='lat' dir='ltr'>ipsum</span> <span class='ocrx_word' id='word_1_359' title='bbox 1023 4135 1122 4208; x_wconf 67' lang='lat' dir='ltr'>nepa</span> <span class='ocrx_word' id='word_1_360' title='bbox 1176 4142 1208 4195; x_wconf 80' lang='lat' dir='ltr'>ill</span> <span class='ocrx_word' id='word_1_361' title='bbox 1232 4156 1280 4194; x_wconf 82' lang='lat' dir='ltr'>cum</span> 
     </span>
     <span class='ocr_line' id='line_1_40' title="bbox 145 4213 811 4290; baseline 0.014 -27"><span class='ocrx_word' id='word_1_362' title='bbox 145 4213 206 4264; x_wconf 84' lang='lat' dir='ltr'>allis</span> <span class='ocrx_word' id='word_1_363' title='bbox 222 4235 242 4283; x_wconf 72' lang='lat' dir='ltr'><em>p</em></span> <span class='ocrx_word' id='word_1_364' title='bbox 297 4220 334 4283; x_wconf 83' lang='lat' dir='ltr'>qd</span> <span class='ocrx_word' id='word_1_365' title='bbox 354 4217 449 4269; x_wconf 88' lang='lat' dir='ltr'>christi</span> <span class='ocrx_word' id='word_1_366' title='bbox 468 4240 486 4287; x_wconf 73' lang='grc' dir='ltr'><strong><em>μ</em></strong></span> <span class='ocrx_word' id='word_1_367' title='bbox 541 4218 612 4272; x_wconf 64' lang='lat' dir='ltr'>edent</span> <span class='ocrx_word' id='word_1_368' title='bbox 633 4224 642 4270; x_wconf 78' lang='lat' dir='ltr'>l</span> <span class='ocrx_word' id='word_1_369' title='bbox 650 4222 655 4237; x_wconf 86' lang='lat'><em>¹</em></span> <span class='ocrx_word' id='word_1_370' title='bbox 674 4217 718 4272; x_wconf 55' lang='lat' dir='ltr'>&amp;et</span> <span class='ocrx_word' id='word_1_371' title='bbox 736 4227 768 4274; x_wconf 92' lang='lat' dir='ltr'>ut</span> <span class='ocrx_word' id='word_1_372' title='bbox 783 4239 811 4290; x_wconf 84' lang='lat' dir='ltr'>p.</span> 
     </span>
    </p>
   </div>
   <div class='ocr_carea' id='block_1_16' title="bbox 0 0 1400 4844">
    <p class='ocr_par' dir='ltr' id='par_1_18' title="bbox 0 0 1400 4844">
     <span class='ocr_line' id='line_1_41' title="bbox 0 0 1400 4844; baseline 0 2"><span class='ocrx_word' id='word_1_373' title='bbox 0 0 1400 4844; x_wconf 95' lang='lat' dir='ltr'> </span> 
     </span>
    </p>
   </div>
  </div>
 </body>
</html>
