2790 4844
404 258 584 303 tractatus
608 251 641 302 in
669 252 838 318 peeilmum
863 251 945 303 LXV.
1185 249 1246 313 253

100 440 370 522 etspioiuntur,
401 454 553 505 euterun
583 461 742 523 quoque
778 441 907 504 uirtus
932 441 1018 504 eius
1042 447 1080 504 et
1102 441 1247 504 diuini-

102 555 173 607 tas.
220 543 287 608 hmo
331 544 467 610 terribile
506 564 618 608 nomen
657 545 827 609 conditoris
866 545 1011 622 eslieiunt,
1051 551 1082 608 et
1119 565 1247 624 operum

101 648 239 732 dignitas
264 648 456 713 maiestatem
480 649 556 729 eius,
580 650 632 731 qui
657 668 692 712 en
715 650 755 713 sit
777 660 927 728 operatus,
947 648 1091 712 ostendit.
1137 647 1245 713 horum

101 753 196 836 igitur
219 773 349 832 operum
373 773 442 817 esse
466 753 542 817 dens
566 773 584 815 a
607 753 695 817 nobis
719 752 931 832 praedicandus
962 760 1010 817 est
1040 759 1072 817 et
1095 774 1113 815 o
1136 753 1246 817 ceteris

100 855 295 921 confitendus
319 869 380 921 est:
404 877 465 921 nen
488 855 556 922 haee
579 857 682 921 omnia
705 876 775 921 esse
798 858 838 920 dii
864 857 1042 921 mentienda
1063 863 1144 927 *sunt
1202 912 1203 916 ,
1285 882 1298 918 n

147 962 175 1024 7.
202 961 265 1025 Alii
288 961 372 1026 enim
395 960 519 1026 fortuito
543 960 610 1026 hene
633 961 770 1026 extitisse
785 967 1039 1034 commemorent,
1063 960 1113 1025 elii
1129 967 1247 1025 eterna

100 1065 257 1131 mansisse
290 1065 484 1130 confirment.
530 1072 561 1130 et
589 1065 704 1130 ideirco
735 1067 885 1129 mundum
915 1065 1016 1145 ipsum
1049 1066 1143 1129 deum
1178 1084 1246 1129 esse

100 1170 302 1246 metendum,
326 1170 398 1234 dum
422 1178 475 1233 aut
505 1176 622 1250 suopte,
653 1188 722 1234 oum
753 1168 856 1247 noluit,
887 1175 1039 1249 potestate
1070 1169 1246 1243 eonstiterit,

100 1281 162 1349 eut,
188 1274 261 1338 dum
292 1274 378 1338 initio
409 1280 500 1349 earet,
531 1279 634 1338 eareat
665 1274 853 1337 dominantis
882 1274 1016 1338 arbitrio.
1062 1272 1112 1337 alii
1143 1280 1247 1338 nutem

101 1377 202 1442 solnm
226 1378 346 1454 eoelum,
370 1378 441 1460 quie
464 1379 590 1462 igneum
615 1379 664 1453 sit,
699 1377 749 1442 olii
773 1398 854 1442 nero.
877 1378 950 1461 quie
973 1385 1056 1442 motu
1080 1398 1115 1443 ee
1139 1384 1248 1441 natum
1275 1402 1300 1437 ιο

100 1480 313 1546 indissecabili
336 1481 581 1558 circumferatur,
604 1481 655 1545 olii
678 1501 783 1564 aquas,
814 1482 887 1563 quie
913 1482 1077 1547 indefesse
1108 1481 1248 1553 eelluont,

100 1585 196 1649 deum
220 1592 407 1665 nuncupant.
432 1585 535 1666 plures
552 1592 643 1650 terrm
666 1584 799 1662 metelle,
819 1584 937 1661 robora,
961 1584 1110 1668 scopulos,
1135 1585 1248 1650 herbas

100 1692 180 1754 deos
203 1691 417 1755 edomuemnt.
463 1689 600 1755 nonnulli
630 1691 706 1755 deos
738 1709 807 1754 esse
838 1695 889 1754 aut
919 1691 1159 1769 putrefactorum
1184 1709 1249 1754 eor-

100 1813 214 1874 porum
245 1812 325 1873 orso,
354 1801 406 1859 out
436 1794 674 1878 deflagrantium
705 1813 850 1875 rogorum
882 1794 973 1858 busta
1007 1795 1130 1858 mentiti
1161 1801 1247 1858 sunt:

101 1897 217 1961 horum
239 1899 378 1961 omnium
401 1898 589 1963 conditorem
614 1899 705 1961 deum
731 1898 912 1962 nescientes
958 1897 1128 1963 etidcirco
1153 1896 1245 1962 telem
1274 1920 1299 1957 n

100 2000 306 2067 erulossionis
340 2011 452 2067 nostrae
486 2003 624 2067 ordinem
659 2001 810 2082 propheta
848 2020 916 2066 esse
954 2002 1056 2067 doeuit
1092 2008 1248 2082 oportere:

99 2105 233 2170 dieite
267 2106 355 2171 deo:
394 2126 510 2189 quem
549 2105 762 2171 terribilia
799 2113 890 2169 sunt
927 2126 1047 2186 opero
1085 2106 1165 2171 tua!
1210 2106 1249 2169 in

101 2208 372 2275 multitudine
395 2211 569 2275 uirtutis
600 2217 673 2274 tute
704 2209 957 2274 mentientur
991 2210 1066 2274 tibi
1090 2209 1249 2275 inimiei

99 2314 179 2378 tui:
204 2334 241 2379 ex
266 2313 460 2378 nuiltitudine
483 2314 602 2380 scilieet
624 2315 768 2378 uirtutum
787 2313 837 2377 dei
853 2315 1084 2378 uenerationem
1102 2313 1246 2379 salsorum

99 2420 132 2482 in
160 2417 220 2481 diis
242 2419 402 2482 nominum
426 2418 619 2483 mentientes.
1276 2438 1301 2475 ²⁰

150 2561 181 2627 8.
205 2564 264 2628 Sed
288 2564 360 2647 quin
384 2565 571 2629 mentientur
594 2564 719 2641 inimici,
737 2565 810 2647 quid
834 2585 851 2627 n
874 2565 991 2629 eunetis
1013 2563 1079 2628 fieri
1103 2571 1248 2644 oportent,

99 2668 301 2733 doneturito:
326 2668 768 2733 omnisterrnndorent
792 2669 867 2733 tibi
891 2675 928 2733 et
952 2667 1134 2748 psallant
1158 2669 1248 2733 tibi:

100 2770 306 2853 psalmum
340 2772 479 2836 dicent
516 2773 668 2836 nomini
707 2780 782 2849 tuo,
821 2772 1036 2837 altissime.
1090 2773 1250 2838 mendneio

100 2877 301 2941 inimieorum
326 2877 356 2940 in
380 2877 563 2957 nuncupetis
587 2877 645 2940 diis
670 2879 880 2942 demonstrato
903 2876 1009 2941 salutis
1033 2886 1145 2941 nostre
1164 2877 1250 2940 insti-

100 2989 170 3045 tute
194 2980 384 3058 praebentur:
408 2988 442 3043 ut
465 2987 586 3044 terrena
609 2981 709 3044 omnis
732 2981 818 3063 origo
842 2989 946 3045 nostm
968 2982 1075 3046 adoret
1095 2987 1125 3045 et
1141 2980 1250 3061 psallet
1277 2999 1302 3036 so

150 3233 239 3284 2irtn
266 3231 340 3284 enim
364 3231 520 3314 terribilem
546 3250 613 3286 corr.
641 3251 673 3285 m.
699 3234 719 3285 2
748 3231 772 3283 V
822 3233 972 3300 lnporum
999 3249 1058 3287 erse
1086 3233 1153 3286 deur
1185 3232 1249 3285 VRa

101 3353 222 3406 operum
244 3335 269 3386 P
283 3352 398 3404 operum
425 3335 554 3389 eonditor
580 3352 640 3389 esse
668 3336 765 3388 deuse
819 3336 932 3389 euobis
956 3336 1032 3389 VRP
1047 3346 1075 3391 et
1093 3355 1109 3390 n
1127 3337 1207 3390 nobis
1225 3338 1254 3389 E

100 3426 121 3478 5
145 3421 319 3475 confitendus
337 3426 382 3475 eet
399 3422 425 3474 R
442 3423 476 3489 cf.
497 3424 569 3476 Stod.
592 3422 661 3476 1869
676 3441 705 3492 p.
723 3422 780 3475 316
804 3421 977 3477 confitendus
1002 3422 1076 3476 VPE
1127 3440 1182 3477 non
1202 3424 1254 3475 PE

102 3526 164 3563 non
182 3526 217 3562 ne
232 3506 314 3573 lllan
330 3525 386 3560 uon
405 3506 502 3572 ueroll
556 3508 595 3560 dii
615 3508 756 3562 metienda
774 3513 838 3561 runt
851 3510 876 3560 R
891 3503 922 3562 di
940 3510 1132 3563 mezi-tenda
1151 3515 1216 3563 sunt
1228 3511 1255 3562 P

101 3603 121 3650 o
141 3595 260 3648 innuite
277 3595 304 3648 R
320 3594 438 3649 fortuitu
451 3595 504 3647 PE
555 3597 572 3647 8
591 3602 704 3663 suaptee
724 3595 749 3647 lt
768 3611 818 3648 sna
836 3600 915 3663 perte
934 3596 959 3647 P
1009 3613 1072 3649 euin
1091 3597 1215 3650 uoluitur
1229 3598 1254 3649 P

102 3681 322 3735 ‹eonstitueritP
371 3681 551 3736 llutduml'
602 3685 634 3735 10
650 3680 733 3769 imi-¹.
750 3682 830 3770 gittu
846 3682 869 3736 ei
885 3684 910 3734 in
927 3701 979 3736 ros.
995 3690 1007 3735 t
1023 3686 1083 3736 odd.
1100 3703 1132 3736 m.
1148 3682 1209 3749 3.)
1225 3685 1251 3737 R

622 3784 636 3822 n

105 3843 138 3894 ll
160 3838 314 3891 indefensae
332 3839 386 3890 ltl'
401 3837 537 3891 indefesse
558 3839 585 3890 ll
635 3837 976 3939 ecflunntllesfluentPE
1029 3843 1061 3892 14
1080 3841 1255 3907 roe,orun1P

105 3964 142 4016 18
161 3961 315 4013 mentimur
332 3963 355 4013 t.
374 3963 391 4013 l.
416 3961 440 4014 l'
490 3961 523 4014 21
543 3961 590 4014 red
609 3961 675 4028 quie
690 3961 770 4013 RPE
785 3966 814 4014 et
832 3961 938 4028 quieV
989 3962 1160 4015 mentientur
1182 3964 1256 4016 VRP

103 4046 282 4102 mentiuntur
295 4048 323 4099 Ε
372 4046 480 4100 inimici
502 4045 579 4099 Viti:
595 4045 701 4100 inimioi
719 4047 760 4100 tui
782 4048 806 4100 P
855 4047 890 4098 22
907 4047 1023 4102 adorent
1041 4049 1092 4102 tibi
1117 4049 1142 4101 V
1156 4050 1252 4103 adoret

103 4135 161 4188 tibi
175 4134 202 4186 H
219 4132 316 4189 odoret
333 4139 361 4187 te
382 4133 433 4186 PE
447 4135 482 4202 cs.
502 4135 622 4188 Sabatia
642 4135 678 4200 ΙΙ,
698 4134 752 4187 127
806 4134 928 4204 psallent
951 4135 974 4187 V
990 4136 1092 4204 psallat
1111 4136 1138 4199 (t
1156 4139 1182 4191 in
1201 4155 1252 4191 ros.

106 4220 248 4286 {71th
297 4222 332 4275 ‘23
349 4219 444 4274 dieunt
466 4220 492 4273 V
506 4220 582 4275 dieat
606 4221 633 4287 (t
650 4223 677 4274 in
695 4239 747 4274 rae.
766 4222 803 4287 Ρ)
824 4222 903 4274 RPE
953 4221 1103 4276 altissimae
1123 4223 1158 4279 R.
