2790 4844
147 254 210 318 490
491 255 608 308 sancti
632 254 764 308 Hilarii
787 254 948 323 episcopi

148 445 204 520 uei,
240 443 271 509 id
310 450 356 509 est
386 444 476 509 dictis
507 443 696 528 propheticis
726 444 926 510 continentur.
972 453 1077 526 sperat
1107 451 1212 511 autem
1241 445 1282 510 uel

147 549 364 614 retributiones
387 548 460 614 fidei
484 551 515 613 in
541 550 635 614 uitam
659 548 838 631 spiritalem,
870 548 929 614 uel,
940 548 1044 631 ipsum
1065 549 1150 614 illum
1175 552 1283 616 domini

147 653 254 729 nostri,
279 654 330 737 qui
353 653 404 718 dei
426 653 557 718 uerbum
580 659 635 731 est,
659 655 828 719 aduentum
851 660 998 735 expectat.
1043 673 1116 735 spes
1131 657 1217 721 enim
1232 656 1284 721 ista

147 767 285 823 meretur
307 758 453 823 auxilium
476 772 506 823 et
527 759 712 823 adiutorium
735 758 793 823 dei.
838 779 900 823 non
923 759 1012 825 aliter
1034 767 1086 824 aut
1109 780 1167 826 nos
1194 781 1283 827 mere

109 889 121 924 s
148 882 218 927 mur
241 869 293 926 aut
315 861 409 945 aliqui
432 868 504 927 ente
527 873 712 940 meruerunt,
736 882 828 946 quam
850 862 981 927 uerbum
998 864 1046 928 dei
1064 864 1159 928 ileum
1175 872 1284 930 natura

147 976 261 1031 nostrae
285 985 410 1030 cumam
435 966 483 1030 nel
508 965 716 1031 habitaturum
739 986 881 1047 sperasse
905 967 962 1043 uel,
993 967 1073 1051 quod
1098 966 1284 1042 habitauerlt,

147 1069 324 1135 credidisse.

192 1174 219 1239 6.
244 1174 305 1238 Sed
334 1173 486 1255 prophete
515 1174 612 1239 multe
640 1175 672 1238 in
704 1195 737 1240 se
761 1195 830 1240 esse
854 1175 1000 1253 meminit,
1035 1195 1104 1259 quae
1138 1178 1207 1259 spei
1228 1198 1284 1244 sue

149 1284 297 1355 conentur
319 1279 485 1357 obsistera;
521 1285 552 1344 et
581 1279 652 1344 ideo
682 1279 827 1345 subiecit:
864 1280 1075 1346 declinate
1098 1302 1117 1346 s
1138 1302 1198 1349 me
1220 1303 1284 1348 ma

97 1408 121 1443 ιο
148 1382 268 1468 ligni3
293 1391 329 1448 et
351 1385 570 1449 scrutabor
593 1384 781 1449 mandate
804 1385 867 1449 dei
892 1385 975 1451 mei.
999 1386 1147 1452 doctrines
1160 1387 1283 1453 caelestis

147 1487 225 1551 ratio
241 1489 396 1567 admouet,
418 1494 452 1553 ut
467 1489 581 1554 dictum
600 1488 659 1553 hoa
675 1488 874 1554 referendum
887 1491 927 1554 ud
938 1509 1105 1571 personam
1121 1489 1282 1566 hominnm,

149 1591 259 1673 quibus
283 1592 356 1656 insit
378 1592 566 1677 malignitas
590 1594 791 1659 existimetur.
836 1593 986 1674 propheta
1003 1595 1094 1671 enim,
1117 1597 1281 1680 quigentes

149 1695 245 1772 (locet,
270 1697 321 1777 qui
344 1697 472 1761 uerbum
494 1698 544 1762 dei
569 1697 724 1778 praedicat,
748 1698 839 1774 iubet,
862 1699 905 1762 uti
921 1719 940 1762 a
956 1718 989 1764 se
1005 1699 1141 1764 uniuersi
1165 1698 1278 1784 maligni

150 1798 312 1875 declinent,
348 1801 419 1883 quia
452 1801 653 1885 congregatio
688 1816 795 1867 senem
829 1803 868 1866 ad
903 1801 1026 1867 malitiae
1061 1805 1218 1884 operarios
1247 1802 1278 1867 sit

97 1927 122 1963 rs
149 1902 286 1986 indigna.
333 1913 364 1967 et
386 1905 490 1970 neseio
514 1926 608 1988 quem
631 1907 728 1985 possit
751 1906 900 1987 excipere.
937 1907 1090 1971 'omnihus
1121 1909 1205 1974 enim
1231 1925 1275 1988 per

149 2013 266 2071 naturae
290 2009 488 2073 demutabilis
518 2009 707 2075 uoluntatem
741 2010 861 2075 malitia
890 2012 1019 2088 adiacet,
1050 2012 1190 2095 ipsisque
1217 2029 1272 2090 spe

150 2111 236 2175 stolis
253 2111 346 2178 uerbo
371 2112 441 2178 licet
463 2114 525 2177 iam
544 2114 618 2179 fidei
641 2116 817 2180 emundatis
840 2123 932 2198 atque
956 2117 1072 2180 sanctis
1095 2136 1158 2181 non
1181 2115 1269 2180 abessa

150 2230 254 2280 tamen
289 2215 440 2282 malitiam
482 2239 538 2298 per
578 2220 792 2285 condicionem
826 2221 999 2285 communis
1038 2220 1127 2284 nobis
1164 2216 1268 2301 originis

150 2321 253 2385 docuit
276 2321 418 2387 dominus
453 2322 576 2387 dicens:
615 2324 647 2386 si
687 2343 783 2406 ergo
820 2344 896 2397 uos,
935 2343 1021 2388 cum
1056 2324 1153 2390 sitis
1185 2318 1268 2390 mall

97 2448 122 2486 so
149 2425 283 2490 nostis
307 2425 524 2490 iteratione
548 2428 640 2492 dare
671 2427 780 2493 liliis
814 2429 976 2493 uestris.
1023 2437 1165 2494 nostrum
1186 2432 1266 2492 autem

150 2537 204 2603 eet,
220 2534 250 2593 et
265 2530 361 2594 malos
377 2551 482 2595 amare
499 2538 529 2595 et
544 2531 639 2596 bonos
654 2533 694 2596 ad
710 2532 880 2597 bonitatem
897 2533 1007 2598 docere
1023 2534 1193 2598 secundum
1206 2544 1278 2595 aum,

150 2634 201 2715 qui
214 2635 373 2699 uniuersos
386 2637 425 2700 ad
439 2655 472 2700 se
485 2636 584 2715 potius
597 2636 708 2700 inuitat
720 2636 842 2701 dicens:
859 2637 995 2702 uenite
1010 2638 1058 2701 ad
1074 2657 1133 2702 me
1148 2646 1292 2701 omnes-

150 2739 217 2821 qui
241 2737 446 2803 laboratis
470 2747 508 2804 et
532 2741 692 2804 onerati
716 2742 827 2815 ostie,
847 2748 882 2805 et
904 2759 976 2824 ego
999 2761 1069 2806 uos
1092 2739 1300 2808 reficiatu-

150 2843 203 2907 sed
228 2844 286 2908 seit
307 2843 457 2925 propheta
479 2844 581 2926 plures
606 2845 817 2928 malignitates
847 2846 879 2909 in
901 2845 1018 2910 occulto
1042 2845 1169 2912 humani
1189 2831 1308 2909 midi*

97 2975 122 3010 a,
150 2968 227 3014 esse.
274 2951 444 3014 secundum
467 2952 549 3014 enim
574 2951 690 3015 domini
714 2951 829 3015 dictum
855 2951 900 3014 de
930 2950 1041 3015 intus
1068 2956 1210 3016 exeunt
1226 2948 1314 3008 οὔ

150 3054 378 3136 gitationes
415 3053 535 3120 malm.
574 3056 712 3130 emdes,
752 3054 937 3131 mmchiae,
983 3040 1322 3120 fornicatione&

150 3158 272 3235 furtas,
319 3157 542 3225 falsitates,
587 3160 862 3241 blasphemiae.
915 3157 996 3223 haec
1042 3160 1148 3224 enim
1191 3140 1327 3223 senff*

150 3282 233 3345 quse
265 3283 511 3327 communem
543 3263 745 3330 hominem
778 3263 946 3329 faciunt.
991 3262 1169 3329 huiusmodi
1191 3260 1330 3347 igiosa

195 3457 227 3508 19
245 3455 344 3509 uersu.
363 3455 423 3522 uu,
443 3457 483 3510 11.
520 3458 553 3510 sa
572 3457 641 3510 rma.
660 3457 706 3523 xi,
725 3458 766 3510 aa.
803 3457 837 3509 as
855 3456 924 3511 uu.
943 3455 1001 3522 xv,
1023 3457 1054 3509 19
1073 3471 1113 3523 sq.

195 3625 206 3673 l
228 3622 397 3690 propheticis
425 3623 508 3676 dictis
533 3641 553 3692 p
614 3621 840 3675 tretributionis
867 3619 949 3675 fidem
980 3622 1003 3673 R
1064 3621 1184 3677 taliter
1210 3629 1243 3676 nt
1271 3621 1293 3673 l'

151 3706 345 3762 thabiturum
366 3711 399 3762 Ca
452 3709 641 3763 habitauerint
661 3710 683 3761 C
704 3707 863 3763 lrabnerite
915 3710 980 3762 8se
998 3724 1046 3761 cm.
1073 3708 1096 3761 V
1148 3711 1210 3778 spei
1234 3727 1296 3765 snae

151 3795 466 3863 exspeiessesuaesu.?
482 3797 505 3846 V
554 3797 762 3850 9continentur
778 3795 824 3849 VR
878 3796 911 3848 le
928 3799 960 3848 ut
974 3794 1037 3865 VCp
1090 3811 1156 3849 aaa
1176 3797 1298 3854 uniuersi

151 3900 180 3935 ex
198 3899 214 3934 a
233 3900 261 3934 se
280 3882 403 3936 uniuersi
422 3901 438 3936 a
456 3901 484 3937 se
503 3883 567 3936 m?
583 3884 606 3937 V
657 3886 690 3937 14
709 3881 757 3937 sc'a
775 3901 805 3936 ea
823 3878 870 3938 sc'o
889 3900 921 3935 m.
939 3881 959 3935 3
976 3882 1002 3936 R
1020 3886 1081 3936 soto
1097 3883 1120 3935 V
1137 3890 1301 3942 anctorum

153 3970 206 4039 t'pb
260 3970 473 4024 ltmalitisom.
492 3971 539 4024 VR
593 3974 625 4025 17
639 3971 728 4038 adque
744 3971 791 4023 VR
844 3973 877 4025 19
895 3970 948 4024 dns
960 3987 1031 4039 supr.
1045 3970 1107 4022 cdd.
1116 3988 1147 4040 p,
1161 3989 1213 4027 om.
1233 3974 1305 4029 VRC

150 4058 185 4110 20
220 4057 292 4110 bona
319 4057 385 4111 data
413 4059 481 4128 CpE
503 4059 576 4111 bona
606 4059 631 4110 1⁷
696 4060 731 4112 23
766 4057 893 4111 honerati
916 4075 938 4127 p
1007 4058 1042 4110 26
1077 4057 1258 4150 moechffiq
1286 4062 1307 4116 C

150 4163 349 4217 fornicationes
373 4163 398 4215 l'
446 4165 480 4216 27
498 4164 658 4217 blasfemias
686 4180 715 4215 ea
741 4161 916 4216 balaslemiae
944 4179 977 4214 m.
1002 4160 1022 4212 2
1047 4160 1070 4213 l'
1091 4161 1264 4223 blasfemia
1282 4168 1308 4222 R

151 4251 185 4305 28
203 4267 379 4305 cummunem
400 4254 422 4303 t'
471 4249 610 4304 hominem
630 4268 677 4303 om.
705 4250 732 4303 V.
