<?xml version="1.0" encoding="UTF-8"?>
<!DOCTYPE html PUBLIC "-//W3C//DTD XHTML 1.0 Transitional//EN"
    "http://www.w3.org/TR/xhtml1/DTD/xhtml1-transitional.dtd">
<html xmlns="http://www.w3.org/1999/xhtml" xml:lang="en" lang="en">
 <head>
  <title>
</title>
<meta http-equiv="Content-Type" content="text/html;charset=utf-8" />
  <meta name='ocr-system' content='tesseract 3.04.00' />
  <meta name='ocr-capabilities' content='ocr_page ocr_carea ocr_par ocr_line ocrx_word'/>
</head>
<body>
  <div class='ocr_page' id='page_1' title='image "./shilariiepiscop00hilagoog_0284.png"; bbox 0 0 2790 4844; ppageno 0'>
   <div class='ocr_carea' id='block_1_1' title="bbox 155 235 958 306">
    <p class='ocr_par' dir='ltr' id='par_1_1' title="bbox 155 235 958 306">
     <span class='ocr_line' id='line_1_1' title="bbox 155 235 958 306; baseline -0.001 -16"><span class='ocrx_word' id='word_1_1' title='bbox 155 235 217 300; x_wconf 73' lang='grc'>252</span> <span class='ocrx_word' id='word_1_2' title='bbox 495 238 611 290; x_wconf 85' lang='lat' dir='ltr'>sancti</span> <span class='ocrx_word' id='word_1_3' title='bbox 637 237 770 290; x_wconf 89' lang='lat' dir='ltr'>Hilarii</span> <span class='ocrx_word' id='word_1_4' title='bbox 796 238 958 306; x_wconf 74' lang='lat' dir='ltr'>episcopi</span> 
     </span>
    </p>
   </div>
   <div class='ocr_carea' id='block_1_2' title="bbox 102 426 1304 2175">
    <p class='ocr_par' dir='ltr' id='par_1_2' title="bbox 131 426 1304 824">
     <span class='ocr_line' id='line_1_2' title="bbox 131 426 1304 511; baseline 0.001 -18"><span class='ocrx_word' id='word_1_5' title='bbox 131 426 228 493; x_wconf 82' lang='lat' dir='ltr'>&#39;eius</span> <span class='ocrx_word' id='word_1_6' title='bbox 274 429 331 491; x_wconf 91' lang='lat' dir='ltr'>deo</span> <span class='ocrx_word' id='word_1_7' title='bbox 355 428 459 510; x_wconf 87' lang='lat' dir='ltr'>itaque</span> <span class='ocrx_word' id='word_1_8' title='bbox 483 427 672 492; x_wconf 88' lang='lat' dir='ltr'>iubilandmn</span> <span class='ocrx_word' id='word_1_9' title='bbox 697 434 752 504; x_wconf 86' lang='lat' dir='ltr'>est,</span> <span class='ocrx_word' id='word_1_10' title='bbox 787 428 859 511; x_wconf 90' lang='lat' dir='ltr'>quia</span> <span class='ocrx_word' id='word_1_11' title='bbox 883 428 1021 493; x_wconf 87' lang='lat' dir='ltr'>debitum</span> <span class='ocrx_word' id='word_1_12' title='bbox 1046 430 1075 494; x_wconf 90' lang='lat' dir='ltr'>ei</span> <span class='ocrx_word' id='word_1_13' title='bbox 1098 450 1116 493; x_wconf 91' lang='lat' dir='ltr'>a</span> <span class='ocrx_word' id='word_1_14' title='bbox 1140 430 1231 494; x_wconf 90' lang='lat' dir='ltr'>nobis</span> <span class='ocrx_word' id='word_1_15' title='bbox 1255 442 1304 494; x_wconf 84' lang='lat' dir='ltr'>est</span> 
     </span>
     <span class='ocr_line' id='line_1_3' title="bbox 155 530 1303 612; baseline 0.002 -16"><span class='ocrx_word' id='word_1_16' title='bbox 155 531 318 596; x_wconf 78' lang='lat' dir='ltr'>exultantis</span> <span class='ocrx_word' id='word_1_17' title='bbox 342 531 425 595; x_wconf 87' lang='lat' dir='ltr'>uocis</span> <span class='ocrx_word' id='word_1_18' title='bbox 448 530 594 596; x_wconf 84' lang='lat' dir='ltr'>officium.</span> <span class='ocrx_word' id='word_1_19' title='bbox 639 531 833 611; x_wconf 87' lang='lat' dir='ltr'>psallendum</span> <span class='ocrx_word' id='word_1_20' title='bbox 864 540 965 596; x_wconf 85' lang='lat' dir='ltr'>autern</span> <span class='ocrx_word' id='word_1_21' title='bbox 999 534 1115 597; x_wconf 88' lang='lat' dir='ltr'>nomini</span> <span class='ocrx_word' id='word_1_22' title='bbox 1147 535 1212 599; x_wconf 89' lang='lat' dir='ltr'>eius</span> <span class='ocrx_word' id='word_1_23' title='bbox 1242 541 1303 612; x_wconf 89' lang='lat' dir='ltr'>est,</span> 
     </span>
     <span class='ocr_line' id='line_1_4' title="bbox 155 635 1304 721; baseline 0.002 -21"><span class='ocrx_word' id='word_1_24' title='bbox 155 636 235 718; x_wconf 86' lang='lat' dir='ltr'>qnia,</span> <span class='ocrx_word' id='word_1_25' title='bbox 259 643 292 699; x_wconf 92' lang='lat' dir='ltr'>ut</span> <span class='ocrx_word' id='word_1_26' title='bbox 316 657 370 714; x_wconf 86' lang='lat' dir='ltr'>per</span> <span class='ocrx_word' id='word_1_27' title='bbox 392 655 543 719; x_wconf 78' lang='lat' dir='ltr'>organum</span> <span class='ocrx_word' id='word_1_28' title='bbox 569 635 706 715; x_wconf 86' lang='lat' dir='ltr'>psalmus</span> <span class='ocrx_word' id='word_1_29' title='bbox 730 642 785 713; x_wconf 86' lang='lat' dir='ltr'>est,</span> <span class='ocrx_word' id='word_1_30' title='bbox 809 636 852 700; x_wconf 83' lang='lat' dir='ltr'>ita</span> <span class='ocrx_word' id='word_1_31' title='bbox 875 644 907 700; x_wconf 91' lang='lat' dir='ltr'>et</span> <span class='ocrx_word' id='word_1_32' title='bbox 929 640 1066 718; x_wconf 88' lang='lat' dir='ltr'>eorporis</span> <span class='ocrx_word' id='word_1_33' title='bbox 1090 638 1194 714; x_wconf 85' lang='lat' dir='ltr'><strong>nostri,</strong></span> <span class='ocrx_word' id='word_1_34' title='bbox 1219 639 1304 721; x_wconf 90' lang='lat' dir='ltr'>quod</span> 
     </span>
     <span class='ocr_line' id='line_1_5' title="bbox 154 739 1302 824; baseline 0.002 -21"><span class='ocrx_word' id='word_1_35' title='bbox 154 740 265 803; x_wconf 85' lang='lat' dir='ltr'>animae</span> <span class='ocrx_word' id='word_1_36' title='bbox 289 746 321 805; x_wconf 86' lang='lat' dir='ltr'>et</span> <span class='ocrx_word' id='word_1_37' title='bbox 344 739 526 804; x_wconf 78' lang='lat' dir='ltr'><strong>adfectionis</strong></span> <span class='ocrx_word' id='word_1_38' title='bbox 551 745 583 804; x_wconf 86' lang='lat' dir='ltr'>et</span> <span class='ocrx_word' id='word_1_39' title='bbox 605 740 798 819; x_wconf 70' lang='lat' dir='ltr'>negotiorum</span> <span class='ocrx_word' id='word_1_40' title='bbox 822 741 958 804; x_wconf 88' lang='lat' dir='ltr'>omniurn</span> <span class='ocrx_word' id='word_1_41' title='bbox 971 762 1121 824; x_wconf 84' lang='lat' dir='ltr'>organum</span> <span class='ocrx_word' id='word_1_42' title='bbox 1146 747 1202 819; x_wconf 86' lang='lat' dir='ltr'>est,</span> <span class='ocrx_word' id='word_1_43' title='bbox 1226 742 1302 806; x_wconf 87' lang='lat' dir='ltr'>arti·</span> 
     </span>
    </p>

    <p class='ocr_par' dir='ltr' id='par_1_3' title="bbox 117 843 1302 1344">
     <span class='ocr_line' id='line_1_6' title="bbox 117 843 1302 929; baseline 0.005 -25"><span class='ocrx_word' id='word_1_44' title='bbox 117 870 129 904; x_wconf 75' lang='lat' dir='ltr'>s</span> <span class='ocrx_word' id='word_1_45' title='bbox 157 844 270 909; x_wconf 84' lang='lat' dir='ltr'>ficiosis</span> <span class='ocrx_word' id='word_1_46' title='bbox 294 845 438 924; x_wconf 83' lang='lat' dir='ltr'>operibus</span> <span class='ocrx_word' id='word_1_47' title='bbox 461 851 510 908; x_wconf 86' lang='lat' dir='ltr'>cst</span> <span class='ocrx_word' id='word_1_48' title='bbox 533 843 730 924; x_wconf 86' lang='lat' dir='ltr'>placendum.</span> <span class='ocrx_word' id='word_1_49' title='bbox 776 845 871 928; x_wconf 81' lang='lat' dir='ltr'>digne</span> <span class='ocrx_word' id='word_1_50' title='bbox 895 865 971 929; x_wconf 86' lang='lat' dir='ltr'>ergo</span> <span class='ocrx_word' id='word_1_51' title='bbox 987 846 1037 910; x_wconf 91' lang='lat' dir='ltr'>dei</span> <span class='ocrx_word' id='word_1_52' title='bbox 1054 847 1179 911; x_wconf 89' lang='lat' dir='ltr'>nomine</span> <span class='ocrx_word' id='word_1_53' title='bbox 1203 865 1302 929; x_wconf 80' lang='lat' dir='ltr'>agen-</span> 
     </span>
     <span class='ocr_line' id='line_1_7' title="bbox 154 948 1301 1031; baseline 0.004 -23"><span class='ocrx_word' id='word_1_54' title='bbox 154 949 226 1012; x_wconf 87' lang='lat' dir='ltr'>dum</span> <span class='ocrx_word' id='word_1_55' title='bbox 252 957 306 1018; x_wconf 78' lang='lat' dir='ltr'>est,</span> <span class='ocrx_word' id='word_1_56' title='bbox 330 957 363 1012; x_wconf 91' lang='lat' dir='ltr'>ut</span> <span class='ocrx_word' id='word_1_57' title='bbox 386 950 414 1011; x_wconf 93' lang='lat' dir='ltr'>in</span> <span class='ocrx_word' id='word_1_58' title='bbox 440 955 588 1031; x_wconf 90' lang='lat' dir='ltr'>quantum</span> <span class='ocrx_word' id='word_1_59' title='bbox 608 949 689 1012; x_wconf 85' lang='lat' dir='ltr'>ellici</span> <span class='ocrx_word' id='word_1_60' title='bbox 708 948 786 1025; x_wconf 84' lang='lat' dir='ltr'>lieet,</span> <span class='ocrx_word' id='word_1_61' title='bbox 812 949 902 1014; x_wconf 89' lang='lat' dir='ltr'>dietis</span> <span class='ocrx_word' id='word_1_62' title='bbox 919 949 1035 1014; x_wconf 88' lang='lat' dir='ltr'>domini</span> <span class='ocrx_word' id='word_1_63' title='bbox 1050 950 1301 1016; x_wconf 80' lang='lat' dir='ltr'>obsecundemus</span> 
     </span>
     <span class='ocr_line' id='line_1_8' title="bbox 153 1051 1302 1131; baseline 0.002 -15"><span class='ocrx_word' id='word_1_64' title='bbox 153 1054 299 1117; x_wconf 88' lang='lat' dir='ltr'>dicentis:</span> <span class='ocrx_word' id='word_1_65' title='bbox 323 1053 381 1118; x_wconf 88' lang='lat' dir='ltr'>sie</span> <span class='ocrx_word' id='word_1_66' title='bbox 405 1051 888 1118; x_wconf 84' lang='lat' dir='ltr'>luceatlumenuestrum</span> <span class='ocrx_word' id='word_1_67' title='bbox 906 1054 1302 1131; x_wconf 76' lang='lat' dir='ltr'>earamhominibus,</span> 
     </span>
     <span class='ocr_line' id='line_1_9' title="bbox 153 1158 1301 1242; baseline 0.001 -21"><span class='ocrx_word' id='word_1_68' title='bbox 153 1165 193 1221; x_wconf 87' lang='lat' dir='ltr'>ut</span> <span class='ocrx_word' id='word_1_69' title='bbox 216 1159 384 1222; x_wconf 85' lang='lat' dir='ltr'>uideant</span> <span class='ocrx_word' id='word_1_70' title='bbox 406 1177 528 1238; x_wconf 86' lang='lat' dir='ltr'>opera</span> <span class='ocrx_word' id='word_1_71' title='bbox 559 1162 698 1222; x_wconf 89' lang='lat' dir='ltr'>uestra</span> <span class='ocrx_word' id='word_1_72' title='bbox 732 1158 835 1222; x_wconf 87' lang='lat' dir='ltr'>bona</span> <span class='ocrx_word' id='word_1_73' title='bbox 866 1166 904 1223; x_wconf 90' lang='lat' dir='ltr'>et</span> <span class='ocrx_word' id='word_1_74' title='bbox 934 1159 1208 1242; x_wconf 80' lang='lat' dir='ltr'>magnificent</span> <span class='ocrx_word' id='word_1_75' title='bbox 1237 1180 1301 1239; x_wconf 91' lang='lat' dir='ltr'>pa-</span> 
     </span>
     <span class='ocr_line' id='line_1_10' title="bbox 154 1261 1301 1344; baseline 0.001 -18"><span class='ocrx_word' id='word_1_76' title='bbox 154 1270 251 1326; x_wconf 90' lang='lat' dir='ltr'>trem</span> <span class='ocrx_word' id='word_1_77' title='bbox 289 1269 479 1331; x_wconf 82' lang='lat' dir='ltr'>uestrum.</span> <span class='ocrx_word' id='word_1_78' title='bbox 518 1263 583 1344; x_wconf 87' lang='lat' dir='ltr'>qui</span> <span class='ocrx_word' id='word_1_79' title='bbox 623 1262 660 1325; x_wconf 93' lang='lat' dir='ltr'>in</span> <span class='ocrx_word' id='word_1_80' title='bbox 696 1261 807 1326; x_wconf 82' lang='lat' dir='ltr'>caelis</span> <span class='ocrx_word' id='word_1_81' title='bbox 846 1270 916 1326; x_wconf 89' lang='lat' dir='ltr'>est.</span> <span class='ocrx_word' id='word_1_82' title='bbox 961 1263 1032 1327; x_wconf 71' lang='lat' dir='ltr'>uitae</span> <span class='ocrx_word' id='word_1_83' title='bbox 1067 1263 1150 1328; x_wconf 88' lang='lat' dir='ltr'>enirn</span> <span class='ocrx_word' id='word_1_84' title='bbox 1185 1269 1301 1327; x_wconf 84' lang='lat' dir='ltr'>nostra·</span> 
     </span>
    </p>

    <p class='ocr_par' dir='ltr' id='par_1_4' title="bbox 102 1365 1301 1866">
     <span class='ocr_line' id='line_1_11' title="bbox 102 1365 1301 1450; baseline 0.002 -21"><span class='ocrx_word' id='word_1_85' title='bbox 102 1386 126 1423; x_wconf 86' lang='lat'>10</span> <span class='ocrx_word' id='word_1_86' title='bbox 153 1365 301 1430; x_wconf 89' lang='lat' dir='ltr'>honestas</span> <span class='ocrx_word' id='word_1_87' title='bbox 324 1367 363 1429; x_wconf 92' lang='lat' dir='ltr'>ad</span> <span class='ocrx_word' id='word_1_88' title='bbox 387 1366 452 1430; x_wconf 90' lang='lat' dir='ltr'>eius</span> <span class='ocrx_word' id='word_1_89' title='bbox 477 1366 596 1430; x_wconf 87' lang='lat' dir='ltr'>laudern</span> <span class='ocrx_word' id='word_1_90' title='bbox 622 1367 680 1430; x_wconf 86' lang='lat' dir='ltr'>erit</span> <span class='ocrx_word' id='word_1_91' title='bbox 704 1366 874 1443; x_wconf 78' lang='lat' dir='ltr'>referenda,</span> <span class='ocrx_word' id='word_1_92' title='bbox 899 1367 946 1431; x_wconf 86' lang='lat' dir='ltr'>cui</span> <span class='ocrx_word' id='word_1_93' title='bbox 977 1367 1117 1431; x_wconf 90' lang='lat' dir='ltr'>uiuimus.</span> <span class='ocrx_word' id='word_1_94' title='bbox 1162 1366 1301 1450; x_wconf 88' lang='lat' dir='ltr'>denique</span> 
     </span>
     <span class='ocr_line' id='line_1_12' title="bbox 153 1469 1300 1553; baseline 0.003 -21"><span class='ocrx_word' id='word_1_95' title='bbox 153 1469 287 1552; x_wconf 88' lang='lat' dir='ltr'>idipsum</span> <span class='ocrx_word' id='word_1_96' title='bbox 311 1489 348 1534; x_wconf 85' lang='lat' dir='ltr'>er</span> <span class='ocrx_word' id='word_1_97' title='bbox 372 1469 518 1534; x_wconf 84' lang='lat' dir='ltr'>subiectis</span> <span class='ocrx_word' id='word_1_98' title='bbox 543 1471 677 1535; x_wconf 88' lang='lat' dir='ltr'>docetur.</span> <span class='ocrx_word' id='word_1_99' title='bbox 723 1470 860 1553; x_wconf 90' lang='lat' dir='ltr'>sequitur</span> <span class='ocrx_word' id='word_1_100' title='bbox 896 1470 995 1534; x_wconf 89' lang='lat' dir='ltr'>enim:</span> <span class='ocrx_word' id='word_1_101' title='bbox 1031 1470 1202 1551; x_wconf 89' lang='lat' dir='ltr'>psallite</span> <span class='ocrx_word' id='word_1_102' title='bbox 1237 1491 1300 1535; x_wconf 91' lang='lat' dir='ltr'>no-</span> 
     </span>
     <span class='ocr_line' id='line_1_13' title="bbox 154 1572 1300 1657; baseline 0 -19"><span class='ocrx_word' id='word_1_103' title='bbox 154 1574 249 1638; x_wconf 88' lang='lat' dir='ltr'>mini</span> <span class='ocrx_word' id='word_1_104' title='bbox 286 1574 378 1649; x_wconf 83' lang='lat' dir='ltr'>eins,</span> <span class='ocrx_word' id='word_1_105' title='bbox 413 1575 505 1638; x_wconf 72' lang='lat' dir='ltr'>elata</span> <span class='ocrx_word' id='word_1_106' title='bbox 540 1572 717 1657; x_wconf 82' lang='lat' dir='ltr'>gloriam</span> <span class='ocrx_word' id='word_1_107' title='bbox 753 1574 983 1638; x_wconf 75' lang='lat' dir='ltr'>laudationi</span> <span class='ocrx_word' id='word_1_108' title='bbox 1019 1575 1115 1649; x_wconf 76' lang='lat' dir='ltr'>eius</span> <span class='ocrx_word' id='word_1_109' title='bbox 1154 1575 1226 1657; x_wconf 89' lang='lat' dir='ltr'>quia</span> <span class='ocrx_word' id='word_1_110' title='bbox 1263 1595 1300 1640; x_wconf 83' lang='lat' dir='ltr'>ex</span> 
     </span>
     <span class='ocr_line' id='line_1_14' title="bbox 153 1677 1301 1761; baseline 0.003 -20"><span class='ocrx_word' id='word_1_111' title='bbox 153 1679 260 1761; x_wconf 83' lang='lat' dir='ltr'>organi</span> <span class='ocrx_word' id='word_1_112' title='bbox 285 1678 379 1740; x_wconf 84' lang='lat' dir='ltr'>nostri</span> <span class='ocrx_word' id='word_1_113' title='bbox 405 1679 556 1757; x_wconf 85' lang='lat' dir='ltr'>psalterio,</span> <span class='ocrx_word' id='word_1_114' title='bbox 580 1678 611 1742; x_wconf 93' lang='lat' dir='ltr'>id</span> <span class='ocrx_word' id='word_1_115' title='bbox 635 1688 682 1742; x_wconf 88' lang='lat' dir='ltr'>est</span> <span class='ocrx_word' id='word_1_116' title='bbox 704 1679 841 1758; x_wconf 83' lang='lat' dir='ltr'>corporis</span> <span class='ocrx_word' id='word_1_117' title='bbox 865 1679 976 1743; x_wconf 71' lang='lat' dir='ltr'>animae</span> <span class='ocrx_word' id='word_1_118' title='bbox 1000 1677 1176 1742; x_wconf 85' lang='lat' dir='ltr'>famulantis</span> <span class='ocrx_word' id='word_1_119' title='bbox 1204 1677 1301 1744; x_wconf 85' lang='lat' dir='ltr'>effec-</span> 
     </span>
     <span class='ocr_line' id='line_1_15' title="bbox 154 1781 1298 1866; baseline 0.003 -22"><span class='ocrx_word' id='word_1_120' title='bbox 154 1781 233 1844; x_wconf 88' lang='lat' dir='ltr'>tibus</span> <span class='ocrx_word' id='word_1_121' title='bbox 257 1782 412 1860; x_wconf 71' lang='lat' dir='ltr'>praebetur</span> <span class='ocrx_word' id='word_1_122' title='bbox 433 1803 487 1861; x_wconf 91' lang='lat' dir='ltr'>per</span> <span class='ocrx_word' id='word_1_123' title='bbox 511 1802 566 1846; x_wconf 91' lang='lat' dir='ltr'>nos</span> <span class='ocrx_word' id='word_1_124' title='bbox 590 1784 648 1847; x_wconf 90' lang='lat' dir='ltr'>deo</span> <span class='ocrx_word' id='word_1_125' title='bbox 675 1782 808 1866; x_wconf 82' lang='lat' dir='ltr'>gloriosa</span> <span class='ocrx_word' id='word_1_126' title='bbox 824 1781 964 1859; x_wconf 80' lang='lat' dir='ltr'>laudatio,</span> <span class='ocrx_word' id='word_1_127' title='bbox 989 1802 1060 1848; x_wconf 84' lang='lat' dir='ltr'>oum</span> <span class='ocrx_word' id='word_1_128' title='bbox 1076 1791 1188 1865; x_wconf 85' lang='lat' dir='ltr'>gentes</span> <span class='ocrx_word' id='word_1_129' title='bbox 1203 1801 1298 1862; x_wconf 85' lang='lat' dir='ltr'>opera</span> 
     </span>
    </p>

    <p class='ocr_par' dir='ltr' id='par_1_5' title="bbox 102 1885 1300 2175">
     <span class='ocr_line' id='line_1_16' title="bbox 102 1885 1300 1969; baseline 0.001 -21"><span class='ocrx_word' id='word_1_130' title='bbox 102 1905 126 1941; x_wconf 80' lang='lat' dir='ltr'>n</span> <span class='ocrx_word' id='word_1_131' title='bbox 153 1892 257 1949; x_wconf 86' lang='lat' dir='ltr'>nostra</span> <span class='ocrx_word' id='word_1_132' title='bbox 280 1893 458 1950; x_wconf 85' lang='lat' dir='ltr'>contuentes</span> <span class='ocrx_word' id='word_1_133' title='bbox 482 1895 599 1966; x_wconf 87' lang='lat' dir='ltr'>patrem</span> <span class='ocrx_word' id='word_1_134' title='bbox 617 1893 766 1962; x_wconf 78' lang='lat' dir='ltr'>nostrum,</span> <span class='ocrx_word' id='word_1_135' title='bbox 791 1887 891 1969; x_wconf 91' lang='lat' dir='ltr'>quiin</span> <span class='ocrx_word' id='word_1_136' title='bbox 918 1887 1001 1951; x_wconf 71' lang='lat' dir='ltr'>celis</span> <span class='ocrx_word' id='word_1_137' title='bbox 1018 1885 1300 1969; x_wconf 74' lang='lat' dir='ltr'>estmagnificent.</span> 
     </span>
     <span class='ocr_line' id='line_1_17' title="bbox 153 1989 1300 2074; baseline 0.001 -21"><span class='ocrx_word' id='word_1_138' title='bbox 153 1997 184 2053; x_wconf 91' lang='lat' dir='ltr'>et</span> <span class='ocrx_word' id='word_1_139' title='bbox 206 1989 329 2053; x_wconf 91' lang='lat' dir='ltr'>dabitur</span> <span class='ocrx_word' id='word_1_140' title='bbox 359 1989 438 2053; x_wconf 86' lang='lat' dir='ltr'>laudi</span> <span class='ocrx_word' id='word_1_141' title='bbox 463 1991 529 2055; x_wconf 91' lang='lat' dir='ltr'>eius</span> <span class='ocrx_word' id='word_1_142' title='bbox 551 1991 657 2073; x_wconf 83' lang='lat' dir='ltr'>gloria,</span> <span class='ocrx_word' id='word_1_143' title='bbox 689 1993 713 2055; x_wconf 92' lang='lat' dir='ltr'>si</span> <span class='ocrx_word' id='word_1_144' title='bbox 746 1991 840 2073; x_wconf 85' lang='lat' dir='ltr'>digne</span> <span class='ocrx_word' id='word_1_145' title='bbox 870 1991 987 2055; x_wconf 92' lang='lat' dir='ltr'>nomini</span> <span class='ocrx_word' id='word_1_146' title='bbox 1018 1992 1082 2055; x_wconf 88' lang='lat' dir='ltr'>eius</span> <span class='ocrx_word' id='word_1_147' title='bbox 1113 1991 1231 2074; x_wconf 83' lang='lat' dir='ltr'>organi,</span> <span class='ocrx_word' id='word_1_148' title='bbox 1268 1992 1300 2054; x_wconf 92' lang='lat' dir='ltr'>id</span> 
     </span>
     <span class='ocr_line' id='line_1_18' title="bbox 153 2094 887 2175; baseline 0.003 -19"><span class='ocrx_word' id='word_1_149' title='bbox 153 2102 200 2158; x_wconf 90' lang='lat' dir='ltr'>est</span> <span class='ocrx_word' id='word_1_150' title='bbox 224 2094 359 2174; x_wconf 88' lang='lat' dir='ltr'>corporis</span> <span class='ocrx_word' id='word_1_151' title='bbox 383 2096 487 2170; x_wconf 81' lang='lat' dir='ltr'>nostri,</span> <span class='ocrx_word' id='word_1_152' title='bbox 511 2095 688 2174; x_wconf 85' lang='lat' dir='ltr'>operatione</span> <span class='ocrx_word' id='word_1_153' title='bbox 712 2094 887 2175; x_wconf 84' lang='lat' dir='ltr'>psallamus.</span> 
     </span>
    </p>
   </div>
   <div class='ocr_carea' id='block_1_3' title="bbox 153 2215 1300 2402">
    <p class='ocr_par' dir='ltr' id='par_1_6' title="bbox 153 2215 1300 2402">
     <span class='ocr_line' id='line_1_19' title="bbox 197 2215 1299 2300; baseline 0.003 -21"><span class='ocrx_word' id='word_1_154' title='bbox 197 2215 224 2279; x_wconf 87' lang='lat'>6.</span> <span class='ocrx_word' id='word_1_155' title='bbox 251 2215 404 2280; x_wconf 83' lang='lat' dir='ltr'>Decernur</span> <span class='ocrx_word' id='word_1_156' title='bbox 427 2217 521 2280; x_wconf 88' lang='lat' dir='ltr'>etiam</span> <span class='ocrx_word' id='word_1_157' title='bbox 546 2217 804 2300; x_wconf 87' lang='lat' dir='ltr'>consequentibus</span> <span class='ocrx_word' id='word_1_158' title='bbox 828 2217 953 2281; x_wconf 81' lang='lat' dir='ltr'>monitis</span> <span class='ocrx_word' id='word_1_159' title='bbox 976 2216 1015 2279; x_wconf 91' lang='lat' dir='ltr'>ad</span> <span class='ocrx_word' id='word_1_160' title='bbox 1038 2216 1179 2281; x_wconf 87' lang='lat' dir='ltr'>ordinem</span> <span class='ocrx_word' id='word_1_161' title='bbox 1204 2217 1299 2282; x_wconf 90' lang='lat' dir='ltr'>obse·</span> 
     </span>
     <span class='ocr_line' id='line_1_20' title="bbox 153 2318 1300 2402; baseline 0.001 -19"><span class='ocrx_word' id='word_1_162' title='bbox 153 2318 262 2402; x_wconf 71' lang='lat' dir='ltr'>quellrr</span> <span class='ocrx_word' id='word_1_163' title='bbox 303 2319 451 2400; x_wconf 82' lang='lat' dir='ltr'>propbeta-</span> <span class='ocrx_word' id='word_1_164' title='bbox 481 2320 529 2385; x_wconf 88' lang='lat' dir='ltr'>uel</span> <span class='ocrx_word' id='word_1_165' title='bbox 564 2321 672 2400; x_wconf 89' lang='lat' dir='ltr'>spiritu</span> <span class='ocrx_word' id='word_1_166' title='bbox 709 2341 762 2400; x_wconf 85' lang='lat' dir='ltr'>per</span> <span class='ocrx_word' id='word_1_167' title='bbox 797 2319 980 2400; x_wconf 85' lang='lat' dir='ltr'>prophetam</span> <span class='ocrx_word' id='word_1_168' title='bbox 1015 2321 1058 2384; x_wconf 89' lang='lat' dir='ltr'>ita</span> <span class='ocrx_word' id='word_1_169' title='bbox 1091 2319 1300 2386; x_wconf 86' lang='lat' dir='ltr'>admonente:</span> 
     </span>
    </p>
   </div>
   <div class='ocr_carea' id='block_1_4' title="bbox 99 2423 1300 3232">
    <p class='ocr_par' dir='ltr' id='par_1_7' title="bbox 99 2423 1300 3232">
     <span class='ocr_line' id='line_1_21' title="bbox 100 2423 1300 2507; baseline 0.002 -19"><span class='ocrx_word' id='word_1_170' title='bbox 100 2439 125 2475; x_wconf 79' lang='lat'>²⁰</span> <span class='ocrx_word' id='word_1_171' title='bbox 152 2423 280 2488; x_wconf 84' lang='lat' dir='ltr'>dieite</span> <span class='ocrx_word' id='word_1_172' title='bbox 311 2425 396 2487; x_wconf 88' lang='lat' dir='ltr'>deo:</span> <span class='ocrx_word' id='word_1_173' title='bbox 428 2443 543 2506; x_wconf 86' lang='lat' dir='ltr'>quarn</span> <span class='ocrx_word' id='word_1_174' title='bbox 575 2425 788 2489; x_wconf 83' lang='lat' dir='ltr'>terribilia</span> <span class='ocrx_word' id='word_1_175' title='bbox 818 2431 911 2488; x_wconf 90' lang='lat' dir='ltr'>sunt</span> <span class='ocrx_word' id='word_1_176' title='bbox 943 2445 1064 2505; x_wconf 89' lang='lat' dir='ltr'>opera</span> <span class='ocrx_word' id='word_1_177' title='bbox 1099 2424 1180 2488; x_wconf 87' lang='lat' dir='ltr'>tua!</span> <span class='ocrx_word' id='word_1_178' title='bbox 1227 2426 1300 2507; x_wconf 87' lang='lat' dir='ltr'>quis</span> 
     </span>
     <span class='ocr_line' id='line_1_22' title="bbox 152 2527 1299 2611; baseline 0.001 -19"><span class='ocrx_word' id='word_1_179' title='bbox 152 2529 234 2592; x_wconf 91' lang='lat' dir='ltr'>enirn</span> <span class='ocrx_word' id='word_1_180' title='bbox 259 2548 319 2591; x_wconf 85' lang='lat' dir='ltr'>nun</span> <span class='ocrx_word' id='word_1_181' title='bbox 345 2529 478 2607; x_wconf 86' lang='lat' dir='ltr'>trepidet</span> <span class='ocrx_word' id='word_1_182' title='bbox 508 2530 547 2592; x_wconf 89' lang='lat' dir='ltr'>ad</span> <span class='ocrx_word' id='word_1_183' title='bbox 570 2529 765 2593; x_wconf 84' lang='lat' dir='ltr'>maiestatem</span> <span class='ocrx_word' id='word_1_184' title='bbox 796 2530 868 2602; x_wconf 88' lang='lat' dir='ltr'>eius,</span> <span class='ocrx_word' id='word_1_185' title='bbox 899 2528 951 2611; x_wconf 86' lang='lat' dir='ltr'>qui</span> <span class='ocrx_word' id='word_1_186' title='bbox 981 2527 1094 2593; x_wconf 86' lang='lat' dir='ltr'>saeeula</span> <span class='ocrx_word' id='word_1_187' title='bbox 1116 2527 1299 2605; x_wconf 73' lang='lat' dir='ltr'>instituerit</span> 
     </span>
     <span class='ocr_line' id='line_1_23' title="bbox 152 2631 1299 2716; baseline 0.003 -21"><span class='ocrx_word' id='word_1_188' title='bbox 152 2633 301 2697; x_wconf 90' lang='lat' dir='ltr'>mundum</span> <span class='ocrx_word' id='word_1_189' title='bbox 325 2633 508 2706; x_wconf 80' lang='lat' dir='ltr'>condiderit,</span> <span class='ocrx_word' id='word_1_190' title='bbox 540 2641 678 2712; x_wconf 84' lang='lat' dir='ltr'>ternpore</span> <span class='ocrx_word' id='word_1_191' title='bbox 709 2631 866 2697; x_wconf 85' lang='lat' dir='ltr'>reuolubili</span> <span class='ocrx_word' id='word_1_192' title='bbox 896 2632 1110 2697; x_wconf 84' lang='lat' dir='ltr'>uicissitudine</span> <span class='ocrx_word' id='word_1_193' title='bbox 1139 2650 1299 2716; x_wconf 87' lang='lat' dir='ltr'>cursuque</span> 
     </span>
     <span class='ocr_line' id='line_1_24' title="bbox 152 2735 1299 2815; baseline 0.002 -16"><span class='ocrx_word' id='word_1_194' title='bbox 152 2736 310 2800; x_wconf 88' lang='lat' dir='ltr'>dimensus</span> <span class='ocrx_word' id='word_1_195' title='bbox 334 2737 380 2811; x_wconf 85' lang='lat' dir='ltr'>sit,</span> <span class='ocrx_word' id='word_1_196' title='bbox 404 2736 514 2801; x_wconf 81' lang='lat' dir='ltr'>eaelum</span> <span class='ocrx_word' id='word_1_197' title='bbox 534 2738 624 2801; x_wconf 88' lang='lat' dir='ltr'>astris</span> <span class='ocrx_word' id='word_1_198' title='bbox 640 2737 803 2811; x_wconf 78' lang='lat' dir='ltr'>ornarent,</span> <span class='ocrx_word' id='word_1_199' title='bbox 827 2746 940 2800; x_wconf 89' lang='lat' dir='ltr'>terram</span> <span class='ocrx_word' id='word_1_200' title='bbox 957 2735 1106 2800; x_wconf 86' lang='lat' dir='ltr'>fructibus</span> <span class='ocrx_word' id='word_1_201' title='bbox 1119 2735 1299 2815; x_wconf 88' lang='lat' dir='ltr'>repleuerit,</span> 
     </span>
     <span class='ocr_line' id='line_1_25' title="bbox 152 2839 1300 2917; baseline 0.002 -13"><span class='ocrx_word' id='word_1_202' title='bbox 152 2860 236 2904; x_wconf 91' lang='lat' dir='ltr'>mare</span> <span class='ocrx_word' id='word_1_203' title='bbox 260 2841 398 2904; x_wconf 72' lang='lat' dir='ltr'>obicibus</span> <span class='ocrx_word' id='word_1_204' title='bbox 429 2840 620 2917; x_wconf 79' lang='lat' dir='ltr'>concluserit,</span> <span class='ocrx_word' id='word_1_205' title='bbox 656 2841 811 2905; x_wconf 89' lang='lat' dir='ltr'>homiuem</span> <span class='ocrx_word' id='word_1_206' title='bbox 846 2847 879 2904; x_wconf 86' lang='lat' dir='ltr'>ut</span> <span class='ocrx_word' id='word_1_207' title='bbox 912 2839 960 2904; x_wconf 91' lang='lat' dir='ltr'>his</span> <span class='ocrx_word' id='word_1_208' title='bbox 995 2848 1047 2903; x_wconf 88' lang='lat' dir='ltr'>aut</span> <span class='ocrx_word' id='word_1_209' title='bbox 1077 2846 1214 2905; x_wconf 88' lang='lat' dir='ltr'>uteretur</span> <span class='ocrx_word' id='word_1_210' title='bbox 1245 2854 1300 2906; x_wconf 88' lang='lat' dir='ltr'>aut</span> 
     </span>
     <span class='ocr_line' id='line_1_26' title="bbox 99 2944 1299 3029; baseline 0.002 -22"><span class='ocrx_word' id='word_1_211' title='bbox 99 2958 124 2995; x_wconf 75' lang='lat'>2⁶</span> <span class='ocrx_word' id='word_1_212' title='bbox 151 2946 361 3009; x_wconf 86' lang='lat' dir='ltr'>dominaretur</span> <span class='ocrx_word' id='word_1_213' title='bbox 384 2944 536 3029; x_wconf 86' lang='lat' dir='ltr'>elegerit?</span> <span class='ocrx_word' id='word_1_214' title='bbox 571 2966 626 3024; x_wconf 88' lang='lat' dir='ltr'>per</span> <span class='ocrx_word' id='word_1_215' title='bbox 642 2944 709 3009; x_wconf 72' lang='lat' dir='ltr'>hec</span> <span class='ocrx_word' id='word_1_216' title='bbox 725 2947 808 3009; x_wconf 86' lang='lat' dir='ltr'>enirn</span> <span class='ocrx_word' id='word_1_217' title='bbox 825 2945 928 3008; x_wconf 84' lang='lat' dir='ltr'>omnis</span> <span class='ocrx_word' id='word_1_218' title='bbox 943 2944 1064 3008; x_wconf 88' lang='lat' dir='ltr'>uirtutis</span> <span class='ocrx_word' id='word_1_219' title='bbox 1080 2964 1116 3008; x_wconf 84' lang='lat' dir='ltr'>ae</span> <span class='ocrx_word' id='word_1_220' title='bbox 1132 2945 1299 3023; x_wconf 82' lang='lat' dir='ltr'>potestatis</span> 
     </span>
     <span class='ocr_line' id='line_1_27' title="bbox 150 3047 1300 3131; baseline 0 -19"><span class='ocrx_word' id='word_1_221' title='bbox 150 3049 214 3113; x_wconf 88' lang='lat' dir='ltr'>eius</span> <span class='ocrx_word' id='word_1_222' title='bbox 238 3049 393 3113; x_wconf 70' lang='lat' dir='ltr'>ster-nitas</span> <span class='ocrx_word' id='word_1_223' title='bbox 417 3051 561 3126; x_wconf 84' lang='lat' dir='ltr'>nascitur,</span> <span class='ocrx_word' id='word_1_224' title='bbox 585 3048 720 3130; x_wconf 88' lang='lat' dir='ltr'>apostolo</span> <span class='ocrx_word' id='word_1_225' title='bbox 745 3049 880 3113; x_wconf 83' lang='lat' dir='ltr'>dicente:</span> <span class='ocrx_word' id='word_1_226' title='bbox 915 3068 998 3131; x_wconf 86' lang='lat' dir='ltr'>quae</span> <span class='ocrx_word' id='word_1_227' title='bbox 1023 3047 1125 3112; x_wconf 89' lang='lat' dir='ltr'>enim</span> <span class='ocrx_word' id='word_1_228' title='bbox 1151 3048 1300 3112; x_wconf 92' lang='lat' dir='ltr'>inuisi-</span> 
     </span>
     <span class='ocr_line' id='line_1_28' title="bbox 150 3150 1297 3232; baseline -0.001 -15"><span class='ocrx_word' id='word_1_229' title='bbox 150 3151 249 3217; x_wconf 93' lang='lat' dir='ltr'>bilia</span> <span class='ocrx_word' id='word_1_230' title='bbox 267 3154 750 3227; x_wconf 85' lang='lat' dir='ltr'>eius,ncreaturamnndi</span> <span class='ocrx_word' id='word_1_231' title='bbox 768 3153 898 3232; x_wconf 86' lang='lat' dir='ltr'>ipsius</span> <span class='ocrx_word' id='word_1_232' title='bbox 923 3153 1049 3216; x_wconf 86' lang='lat' dir='ltr'>saetis</span> <span class='ocrx_word' id='word_1_233' title='bbox 1072 3150 1297 3216; x_wconf 80' lang='lat' dir='ltr'>intellecta</span> 
     </span>
    </p>
   </div>
   <div class='ocr_carea' id='block_1_5' title="bbox 193 3344 704 3410">
    <p class='ocr_par' dir='ltr' id='par_1_8' title="bbox 193 3344 704 3410">
     <span class='ocr_line' id='line_1_29' title="bbox 193 3344 704 3410; baseline 0.004 -16"><span class='ocrx_word' id='word_1_234' title='bbox 193 3347 208 3394; x_wconf 79' lang='lat'><strong>7</strong></span> <span class='ocrx_word' id='word_1_235' title='bbox 228 3344 324 3395; x_wconf 84' lang='lat' dir='ltr'>Metth.</span> <span class='ocrx_word' id='word_1_236' title='bbox 345 3344 376 3410; x_wconf 78' lang='lat' dir='ltr'>V,</span> <span class='ocrx_word' id='word_1_237' title='bbox 398 3348 436 3398; x_wconf 90' lang='grc'>16.</span> <span class='ocrx_word' id='word_1_238' title='bbox 472 3347 506 3398; x_wconf 82' lang='lat'>26</span> <span class='ocrx_word' id='word_1_239' title='bbox 526 3345 603 3398; x_wconf 85' lang='lat' dir='ltr'>Rern.</span> <span class='ocrx_word' id='word_1_240' title='bbox 623 3345 643 3410; x_wconf 89' lang='lat' dir='ltr'>l,</span> <span class='ocrx_word' id='word_1_241' title='bbox 662 3348 704 3398; x_wconf 79' lang='lat'>20.</span> 
     </span>
    </p>
   </div>
   <div class='ocr_carea' id='block_1_6' title="bbox 147 3532 1298 3777">
    <p class='ocr_par' dir='ltr' id='par_1_9' title="bbox 147 3532 1298 3777">
     <span class='ocr_line' id='line_1_30' title="bbox 192 3532 1298 3603; baseline -0.001 -14"><span class='ocrx_word' id='word_1_242' title='bbox 192 3538 205 3589; x_wconf 93' lang='lat' dir='ltr'>l</span> <span class='ocrx_word' id='word_1_243' title='bbox 227 3535 291 3602; x_wconf 85' lang='lat' dir='ltr'>quia</span> <span class='ocrx_word' id='word_1_244' title='bbox 311 3536 362 3587; x_wconf 77' lang='lat' dir='ltr'>Pa·</span> <span class='ocrx_word' id='word_1_245' title='bbox 379 3537 443 3603; x_wconf 86' lang='lat' dir='ltr'>quie</span> <span class='ocrx_word' id='word_1_246' title='bbox 452 3556 486 3586; x_wconf 79' lang='grc' dir='ltr'>Ξ</span> <span class='ocrx_word' id='word_1_247' title='bbox 495 3542 527 3588; x_wconf 85' lang='lat' dir='ltr'>ut</span> <span class='ocrx_word' id='word_1_248' title='bbox 536 3549 570 3578; x_wconf 70' lang='grc'>“-·</span> <span class='ocrx_word' id='word_1_249' title='bbox 580 3537 607 3586; x_wconf 83' lang='lat' dir='ltr'>in</span> <span class='ocrx_word' id='word_1_250' title='bbox 616 3536 675 3601; x_wconf 75' lang='grc' dir='ltr'>ΙῙιήε</span> <span class='ocrx_word' id='word_1_251' title='bbox 688 3533 737 3594; x_wconf 84' lang='lat' dir='ltr'>sul.</span> <span class='ocrx_word' id='word_1_252' title='bbox 752 3535 777 3586; x_wconf 83' lang='lat' dir='ltr'><em>R</em></span> <span class='ocrx_word' id='word_1_253' title='bbox 796 3532 852 3594; x_wconf 82' lang='lat' dir='ltr'>(abi</span> <span class='ocrx_word' id='word_1_254' title='bbox 862 3535 931 3586; x_wconf 82' lang='lat' dir='ltr'>locus</span> <span class='ocrx_word' id='word_1_255' title='bbox 941 3536 1017 3587; x_wconf 82' lang='lat' dir='ltr'>elium</span> <span class='ocrx_word' id='word_1_256' title='bbox 1031 3535 1057 3586; x_wconf 84' lang='lat' dir='ltr'>ia</span> <span class='ocrx_word' id='word_1_257' title='bbox 1066 3551 1116 3602; x_wconf 75' lang='lat' dir='ltr'>seq.</span> <span class='ocrx_word' id='word_1_258' title='bbox 1127 3534 1298 3588; x_wconf 69' lang='lat' dir='ltr'>abmebone</span> 
     </span>
     <span class='ocr_line' id='line_1_31' title="bbox 147 3620 1298 3691; baseline 0.001 -16"><span class='ocrx_word' id='word_1_259' title='bbox 147 3624 298 3691; x_wconf 69' lang='lat' dir='ltr'>corruptas)</span> <span class='ocrx_word' id='word_1_260' title='bbox 352 3640 369 3674; x_wconf 82' lang='lat' dir='ltr'>a</span> <span class='ocrx_word' id='word_1_261' title='bbox 386 3624 465 3675; x_wconf 89' lang='lat' dir='ltr'>nobis</span> <span class='ocrx_word' id='word_1_262' title='bbox 484 3623 499 3674; x_wconf 76' lang='lat' dir='ltr'>e</span> <span class='ocrx_word' id='word_1_263' title='bbox 518 3621 668 3675; x_wconf 83' lang='lat' dir='ltr'>exultantis</span> <span class='ocrx_word' id='word_1_264' title='bbox 688 3621 727 3672; x_wconf 85' lang='lat' dir='ltr'>Re</span> <span class='ocrx_word' id='word_1_265' title='bbox 745 3638 761 3673; x_wconf 83' lang='lat' dir='ltr'>a</span> <span class='ocrx_word' id='word_1_266' title='bbox 779 3621 858 3674; x_wconf 84' lang='lat' dir='ltr'>nobis</span> <span class='ocrx_word' id='word_1_267' title='bbox 876 3620 1028 3673; x_wconf 78' lang='lat' dir='ltr'>exultantis</span> <span class='ocrx_word' id='word_1_268' title='bbox 1040 3621 1080 3673; x_wconf 83' lang='lat' dir='ltr'>Pb</span> <span class='ocrx_word' id='word_1_269' title='bbox 1132 3622 1149 3673; x_wconf 74' lang='lat'><strong>2</strong></span> <span class='ocrx_word' id='word_1_270' title='bbox 1168 3620 1298 3676; x_wconf 85' lang='lat' dir='ltr'>officium</span> 
     </span>
     <span class='ocr_line' id='line_1_32' title="bbox 149 3706 1298 3777; baseline 0.001 -16"><span class='ocrx_word' id='word_1_271' title='bbox 149 3710 188 3761; x_wconf 79' lang='lat' dir='ltr'>Re</span> <span class='ocrx_word' id='word_1_272' title='bbox 206 3706 327 3762; x_wconf 80' lang='lat' dir='ltr'>officinm</span> <span class='ocrx_word' id='word_1_273' title='bbox 341 3718 382 3762; x_wconf 86' lang='lat' dir='ltr'>est</span> <span class='ocrx_word' id='word_1_274' title='bbox 393 3710 432 3762; x_wconf 85' lang='lat' dir='ltr'>Pb</span> <span class='ocrx_word' id='word_1_275' title='bbox 484 3708 659 3777; x_wconf 81' lang='lat' dir='ltr'>psallendum</span> <span class='ocrx_word' id='word_1_276' title='bbox 678 3707 1101 3775; x_wconf 85' lang='lat' dir='ltr'>autem—psalmnsestom.R</span> <span class='ocrx_word' id='word_1_277' title='bbox 1156 3709 1189 3762; x_wconf 88' lang='lat'>16</span> <span class='ocrx_word' id='word_1_278' title='bbox 1209 3707 1298 3777; x_wconf 77' lang='lat' dir='ltr'>digne</span> 
     </span>
    </p>
   </div>
   <div class='ocr_carea' id='block_1_7' title="bbox 149 3793 1297 3922">
    <p class='ocr_par' dir='ltr' id='par_1_10' title="bbox 149 3793 1297 3922">
     <span class='ocr_line' id='line_1_33' title="bbox 149 3793 1297 3865; baseline 0.002 -18"><span class='ocrx_word' id='word_1_279' title='bbox 149 3795 201 3847; x_wconf 75' lang='lat' dir='ltr'>Pr:</span> <span class='ocrx_word' id='word_1_280' title='bbox 223 3795 300 3863; x_wconf 81' lang='lat' dir='ltr'>digni</span> <span class='ocrx_word' id='word_1_281' title='bbox 326 3797 350 3847; x_wconf 79' lang='lat' dir='ltr'><em>R</em></span> <span class='ocrx_word' id='word_1_282' title='bbox 405 3798 437 3849; x_wconf 88' lang='lat'>18</span> <span class='ocrx_word' id='word_1_283' title='bbox 464 3795 547 3848; x_wconf 86' lang='lat' dir='ltr'>etiam</span> <span class='ocrx_word' id='word_1_284' title='bbox 573 3796 625 3847; x_wconf 77' lang='lat' dir='ltr'>Pr:</span> <span class='ocrx_word' id='word_1_285' title='bbox 647 3810 713 3862; x_wconf 86' lang='lat' dir='ltr'>ergo</span> <span class='ocrx_word' id='word_1_286' title='bbox 741 3795 765 3846; x_wconf 79' lang='lat' dir='ltr'>ll</span> <span class='ocrx_word' id='word_1_287' title='bbox 790 3796 822 3855; x_wconf 83' lang='lat' dir='ltr'>cf.</span> <span class='ocrx_word' id='word_1_288' title='bbox 848 3795 955 3863; x_wconf 82' lang='lat' dir='ltr'>Eplear.</span> <span class='ocrx_word' id='word_1_289' title='bbox 980 3797 1068 3847; x_wconf 75' lang='lat' dir='ltr'>Auser.</span> <span class='ocrx_word' id='word_1_290' title='bbox 1094 3793 1167 3848; x_wconf 75' lang='lat'>1889</span> <span class='ocrx_word' id='word_1_291' title='bbox 1188 3814 1218 3865; x_wconf 87' lang='lat' dir='ltr'>p.</span> <span class='ocrx_word' id='word_1_292' title='bbox 1236 3795 1297 3849; x_wconf 73' lang='lat'>984</span> 
     </span>
     <span class='ocr_line' id='line_1_34' title="bbox 149 3881 1261 3922; baseline 0.003 -3"><span class='ocrx_word' id='word_1_293' title='bbox 149 3881 174 3919; x_wconf 85' lang='lat' dir='ltr'>ln</span> <span class='ocrx_word' id='word_1_294' title='bbox 1251 3881 1261 3922; x_wconf 88' lang='lat' dir='ltr'>i</span> 
     </span>
    </p>
   </div>
   <div class='ocr_carea' id='block_1_8' title="bbox 147 3930 1298 4275">
    <p class='ocr_par' dir='ltr' id='par_1_11' title="bbox 165 3930 1298 4020">
     <span class='ocr_line' id='line_1_35' title="bbox 165 3930 1298 4020; baseline 0.003 -33"><span class='ocrx_word' id='word_1_295' title='bbox 165 3935 396 4001; x_wconf 84' lang='lat' dir='ltr'>consequentibns</span> <span class='ocrx_word' id='word_1_296' title='bbox 407 3933 449 3998; x_wconf 85' lang='lat' dir='ltr'>(in</span> <span class='ocrx_word' id='word_1_297' title='bbox 459 3952 528 4001; x_wconf 73' lang='lat' dir='ltr'>mpr.</span> <span class='ocrx_word' id='word_1_298' title='bbox 538 3951 587 3986; x_wconf 82' lang='lat' dir='ltr'>sor.</span> <span class='ocrx_word' id='word_1_299' title='bbox 597 3951 629 3984; x_wconf 86' lang='lat' dir='ltr'>m.</span> <span class='ocrx_word' id='word_1_300' title='bbox 641 3931 673 3997; x_wconf 76' lang='lat'>2)</span> <span class='ocrx_word' id='word_1_301' title='bbox 686 3934 711 3985; x_wconf 92' lang='lat' dir='ltr'><em>P</em></span> <span class='ocrx_word' id='word_1_302' title='bbox 767 3933 941 4020; x_wconf 54' lang='lat' dir='ltr'>obsequgllae</span> <span class='ocrx_word' id='word_1_303' title='bbox 950 3940 978 3997; x_wconf 89' lang='lat' dir='ltr'>(e</span> <span class='ocrx_word' id='word_1_304' title='bbox 988 3935 1014 3984; x_wconf 84' lang='lat' dir='ltr'>ia</span> <span class='ocrx_word' id='word_1_305' title='bbox 1024 3930 1090 3995; x_wconf 81' lang='lat' dir='ltr'>ras.)</span> <span class='ocrx_word' id='word_1_306' title='bbox 1101 3933 1127 3986; x_wconf 84' lang='lat' dir='ltr'><em>R</em></span> <span class='ocrx_word' id='word_1_307' title='bbox 1136 3932 1298 4002; x_wconf 86' lang='lat' dir='ltr'>obsequille</span> 
     </span>
    </p>

    <p class='ocr_par' dir='ltr' id='par_1_12' title="bbox 147 4037 1298 4275">
     <span class='ocr_line' id='line_1_36' title="bbox 147 4037 1297 4106; baseline 0.003 -16"><span class='ocrx_word' id='word_1_308' title='bbox 147 4037 210 4103; x_wconf 79' lang='lat' dir='ltr'>(sic)</span> <span class='ocrx_word' id='word_1_309' title='bbox 231 4039 257 4090; x_wconf 92' lang='lat' dir='ltr'><strong><em>P</em></strong></span> <span class='ocrx_word' id='word_1_310' title='bbox 310 4041 340 4091; x_wconf 83' lang='lat'>19</span> <span class='ocrx_word' id='word_1_311' title='bbox 360 4040 398 4091; x_wconf 83' lang='lat' dir='ltr'>ita</span> <span class='ocrx_word' id='word_1_312' title='bbox 416 4039 509 4090; x_wconf 71' lang='lat' dir='ltr'>onnlt</span> <span class='ocrx_word' id='word_1_313' title='bbox 561 4040 593 4090; x_wconf 81' lang='lat'>21</span> <span class='ocrx_word' id='word_1_314' title='bbox 614 4037 899 4090; x_wconf 76' lang='lat' dir='ltr'>enimudd.m.2l&#39;</span> <span class='ocrx_word' id='word_1_315' title='bbox 949 4038 1127 4106; x_wconf 62' lang='lat' dir='ltr'>wiempcra</span> <span class='ocrx_word' id='word_1_316' title='bbox 1144 4040 1297 4106; x_wconf 79' lang='lat' dir='ltr'>pernices</span> 
     </span>
     <span class='ocr_line' id='line_1_37' title="bbox 147 4123 1298 4192; baseline 0.004 -16"><span class='ocrx_word' id='word_1_317' title='bbox 147 4123 287 4178; x_wconf 84' lang='lat' dir='ltr'>dimensus</span> <span class='ocrx_word' id='word_1_318' title='bbox 300 4126 334 4177; x_wconf 86' lang='lat' dir='ltr'>sit</span> <span class='ocrx_word' id='word_1_319' title='bbox 350 4125 374 4178; x_wconf 87' lang='lat' dir='ltr'><em>V</em></span> <span class='ocrx_word' id='word_1_320' title='bbox 423 4127 457 4178; x_wconf 79' lang='lat'>25</span> <span class='ocrx_word' id='word_1_321' title='bbox 476 4124 550 4177; x_wconf 92' lang='lat' dir='ltr'>enim</span> <span class='ocrx_word' id='word_1_322' title='bbox 563 4125 651 4178; x_wconf 79' lang='lat' dir='ltr'>ornV</span> <span class='ocrx_word' id='word_1_323' title='bbox 702 4125 813 4177; x_wconf 84' lang='lat' dir='ltr'>uirtutis</span> <span class='ocrx_word' id='word_1_324' title='bbox 828 4123 1103 4192; x_wconf 76' lang='lat' dir='ltr'>signapotestatisV</span> <span class='ocrx_word' id='word_1_325' title='bbox 1152 4127 1188 4179; x_wconf 77' lang='lat'>‘26</span> <span class='ocrx_word' id='word_1_326' title='bbox 1201 4131 1298 4181; x_wconf 75' lang='lat' dir='ltr'>eeter-</span> 
     </span>
     <span class='ocr_line' id='line_1_38' title="bbox 147 4208 1185 4275; baseline 0 -11"><span class='ocrx_word' id='word_1_327' title='bbox 147 4213 219 4264; x_wconf 77' lang='lat' dir='ltr'>nites</span> <span class='ocrx_word' id='word_1_328' title='bbox 238 4230 268 4263; x_wconf 76' lang='lat' dir='ltr'>ex</span> <span class='ocrx_word' id='word_1_329' title='bbox 285 4211 458 4264; x_wconf 85' lang='lat' dir='ltr'>aeternitatis</span> <span class='ocrx_word' id='word_1_330' title='bbox 478 4230 509 4264; x_wconf 85' lang='lat' dir='ltr'>m.</span> <span class='ocrx_word' id='word_1_331' title='bbox 529 4209 548 4262; x_wconf 79' lang='lat'>&#39;2</span> <span class='ocrx_word' id='word_1_332' title='bbox 571 4210 596 4264; x_wconf 88' lang='lat' dir='ltr'><strong><em>V</em></strong></span> <span class='ocrx_word' id='word_1_333' title='bbox 646 4213 680 4263; x_wconf 71' lang='lat'>‘27</span> <span class='ocrx_word' id='word_1_334' title='bbox 699 4211 778 4264; x_wconf 86' lang='lat' dir='ltr'>factis</span> <span class='ocrx_word' id='word_1_335' title='bbox 799 4212 824 4263; x_wconf 76' lang='grc' dir='ltr'><em>Ρ</em></span> <span class='ocrx_word' id='word_1_336' title='bbox 838 4211 905 4263; x_wconf 81' lang='lat' dir='ltr'>fecti</span> <span class='ocrx_word' id='word_1_337' title='bbox 926 4208 969 4271; x_wconf 77' lang='lat' dir='ltr'>(ex</span> <span class='ocrx_word' id='word_1_338' title='bbox 987 4211 1054 4263; x_wconf 83' lang='lat' dir='ltr'>facit</span> <span class='ocrx_word' id='word_1_339' title='bbox 1075 4210 1111 4275; x_wconf 81' lang='lat' dir='ltr'>ll)</span> <span class='ocrx_word' id='word_1_340' title='bbox 1133 4211 1185 4264; x_wconf 73' lang='lat' dir='ltr'>Ra.</span> 
     </span>
    </p>
   </div>
   <div class='ocr_carea' id='block_1_9' title="bbox 0 0 1400 4844">
    <p class='ocr_par' dir='ltr' id='par_1_13' title="bbox 0 0 1400 4844">
     <span class='ocr_line' id='line_1_39' title="bbox 0 0 1400 4844; baseline 0 1"><span class='ocrx_word' id='word_1_341' title='bbox 0 0 1400 4844; x_wconf 95' lang='lat' dir='ltr'> </span> 
     </span>
    </p>
   </div>
  </div>
 </body>
</html>
