2790 4844
380 274 560 322 tractatus
580 270 613 321 in
633 271 805 337 psalmum
825 271 903 324 CXL.
1145 273 1206 338 795

54 459 263 538 corripiet
287 478 341 522 me
366 459 499 522 iustus
531 459 567 522 ia
597 459 889 525 misericordia
913 471 949 525 et
972 462 1208 542 increpabit

56 583 129 637 me,
153 569 183 627 et
205 562 277 626 fidei
301 582 364 626 snae
388 569 414 626 et
442 561 587 626 numana
611 563 799 628 infirmitatis
830 584 951 629 memor
981 567 1206 646 corripiendum

55 687 94 732 se
121 667 151 729 in
177 665 225 731 his
248 667 297 744 ait,
322 686 390 748 qnae
414 666 501 731 iustae
527 667 745 732 misericordia
769 669 940 752 arguitione
964 677 1035 733 sunt
1059 670 1160 753 digna.

106 771 138 835 9.
164 770 238 835 Orat
260 778 364 836 autem
388 770 490 834 adhuc
514 771 659 849 malind,
683 791 722 837 ne
747 772 894 836 doctrinis
925 773 1070 839 uidelicet
1100 793 1208 854 pecca·

58 883 166 939 torum
188 875 341 939 imbuatur
365 895 442 939 irene
465 876 626 958 usquead
650 875 843 955 peccantium
865 876 1110 941 misericordiam
1128 878 1209 942 deci·
1235 903 1249 943 e

57 981 132 1044 dat:
156 978 286 1043 oleum
311 990 441 1042 antem
466 981 704 1058 peccatoris
735 1000 810 1043 non
841 980 1062 1065 inpinguet
1092 992 1209 1061 capnt

56 1103 200 1148 meum.
244 1083 309 1147 uult
332 1102 412 1160 eum,
437 1083 489 1165 qui
514 1103 569 1147 nos
601 1084 707 1148 doceat
738 1089 830 1166 atque
861 1091 979 1167 arguat,
1014 1085 1210 1150 conscientiae

55 1207 148 1267 pnrae
179 1207 256 1251 esse.
303 1187 446 1250 dominns
477 1207 551 1251 ncro
582 1187 613 1251 in
645 1178 825 1271 euangeliis¹
854 1207 924 1251 curn
956 1190 995 1253 de
1025 1189 1208 1253 ieiuniorum

54 1291 195 1372 puritate
209 1290 392 1375 loqueretur,
406 1291 463 1354 ait:
483 1311 553 1355 uos
570 1297 699 1355 autem
717 1311 800 1356 cum
819 1292 1023 1366 ieiunatis
1040 1292 1209 1375 unguite

56 1402 185 1474 capnt
207 1402 389 1460 nestrum
414 1400 452 1459 et
474 1394 621 1459 faciem
645 1403 825 1460 uestram
843 1395 987 1460 lunate.
1010 1397 1041 1459 ia
1056 1396 1210 1464 abluenda
1238 1424 1263 1461 ιο

61 1499 144 1564 t‘acie
168 1499 300 1563 nitorem
324 1519 406 1579 pura
430 1500 627 1563 conscientia
651 1499 763 1581 eregit,
788 1520 826 1563 ne
846 1499 920 1583 quid
937 1500 1025 1564 nobis
1041 1501 1210 1578 sordidum,

58 1623 103 1667 ne
129 1603 203 1686 quid
227 1602 355 1667 oblitum
379 1602 568 1675 adhaererem
600 1603 631 1666 in
655 1603 755 1683 capite
779 1623 852 1667 noro
877 1604 1041 1687 unguendo
1065 1605 1210 1669 doctrinis

60 1726 121 1771 nos
145 1714 237 1789 utque
260 1706 404 1786 operibus
427 1706 574 1786 spiritalis
597 1706 799 1771 institutionis
826 1705 979 1786 perlectos
1003 1727 1072 1772 esse
1095 1727 1210 1788 preecc-

60 1811 117 1894 pit.
162 1809 263 1875 oleum
288 1811 372 1874 enim
396 1809 520 1874 luminis
544 1810 688 1890 pabulum
713 1817 775 1887 est;
803 1817 834 1875 et
857 1811 997 1876 doctrina
1020 1818 1111 1895 atque
1135 1832 1210 1892 opus

61 1913 206 1995 spiritale
229 1914 360 1980 caelestis
394 1915 483 1979 nobis
518 1914 623 1998 gloriae
658 1935 750 1980 consa
784 1923 837 1979 est.
883 1932 914 1979 ut
939 1917 1021 1980 enim
1046 1915 1150 1981 lumen
1174 1937 1211 1981 er
1239 1942 1263 1978 a

61 2019 135 2084 oleo
169 2018 294 2083 luminis
330 2018 426 2083 habet
460 2039 601 2084 causam:
635 2019 687 2094 ita,
722 2026 755 2084 ut
790 2019 889 2084 lucem
924 2019 1071 2099 spiritalis
1105 2020 1211 2102 gloria

61 2124 263 2200 retineamus
300 2124 439 2187 doctrina
473 2130 566 2206 atque
588 2144 665 2205 opus
688 2129 823 2203 praestat„
859 2143 929 2189 cnm
952 2130 1043 2203 capnt
1066 2131 1211 2200 nostrum,

62 2228 153 2292 sedis
176 2227 292 2293 scilicet
325 2228 397 2291 uitro
421 2235 452 2291 et
475 2228 645 2308 prudentia
669 2234 700 2291 et
721 2227 857 2291 omnium
881 2247 1027 2292 sensuum
1051 2226 1117 2292 oleo
1140 2248 1211 2309 ope·

62 2331 196 2396 rationis
227 2331 437 2415 doctrinaeque
467 2332 660 2412 pinguescat.
706 2334 761 2396 sed
793 2330 893 2396 oleum
925 2351 984 2395 non
1009 2353 1026 2395 a
1049 2338 1212 2411 peccatore

62 2436 250 2500 sumendum
276 2441 337 2512 est;
362 2442 393 2499 et
416 2437 549 2500 orandus
574 2443 621 2500 est
644 2437 728 2511 deus,
753 2456 791 2500 ne
815 2435 873 2500 hoc
897 2442 1039 2515 peccator
1062 2436 1209 2500 infundat.
1239 2461 1263 2496 20

63 2550 98 2602 ut
123 2541 206 2603 enim
230 2559 248 2602 a
270 2545 375 2604 saneto
398 2548 429 2604 et
451 2539 534 2604 fideii
569 2540 635 2604 uiro
668 2540 756 2623 argui
791 2559 824 2603 ee
858 2538 938 2604 uelle
972 2539 1133 2619 prudentis
1157 2546 1211 2612 est,

64 2643 141 2726 quia
163 2644 257 2726 agris
281 2643 393 2708 animis
417 2650 447 2707 et
470 2651 665 2724 peecatorum
691 2645 798 2708 morbo
821 2642 1040 2727 languentibus
1059 2644 1141 2709 utilis
1165 2658 1212 2708 est

64 2766 184 2813 seuerae
207 2747 430 2831 obiurgationis
445 2748 502 2811 snb
520 2747 650 2812 honesto
667 2758 791 2813 auctore
809 2748 977 2812 medicina:
1002 2749 1045 2811 ita
1064 2748 1211 2812 miserum

65 2863 116 2916 est
139 2871 195 2932 per
217 2852 335 2931 peccati
359 2852 589 2917 miserationem
614 2871 711 2934 usqne
735 2853 772 2914 ad
793 2852 891 2931 ipsaur
906 2852 1103 2932 peccantium
1120 2852 1212 2917 mise-

66 2955 232 3019 ricordiam
263 2956 426 3021 decidisse.
472 2954 531 3020 hoc
562 2975 635 3038 ergo
667 2963 829 3038 utrumque
853 2976 871 3019 a
894 2976 928 3021 so
952 2959 1121 3021 detestatur
1144 2975 1210 3035 pro·
1240 2979 1265 3016 a

69 3057 171 3138 pheta.

115 3162 164 3227 10.
189 3163 334 3247 Sequitur
357 3163 485 3229 deinde:
519 3165 707 3247 quoniam
737 3163 865 3230 adhuc
895 3171 933 3229 et
963 3166 1095 3229 oratio
1126 3183 1211 3229 mea

68 3267 105 3330 in
142 3266 420 3347 beneplacitis
459 3288 604 3344 eorum,
642 3267 800 3332 absorti
845 3274 938 3332 sunt
983 3268 1212 3332 continuati

69 3376 193 3450 petrae
216 3369 376 3434 iudices
403 3390 548 3435 eorum.
594 3390 726 3442 causam,
743 3369 1212 3434 curabsorbeanturcontinueti

69 3481 172 3553 petrae,
203 3474 277 3539 dicit
307 3493 386 3548 eam,
420 3475 492 3556 quia
526 3474 692 3538 adhaesit
726 3475 823 3539 oratio
858 3494 913 3538 sna
947 3475 978 3537 in
1013 3473 1212 3557 beneplacitis
1239 3499 1265 3535 eo

109 3659 127 3709 9
145 3656 246 3709 Matth.
266 3656 311 3722 Vl,
338 3659 376 3710 rt.

112 3825 174 3876 let
192 3821 350 3888 increpeuit
372 3823 393 3873 u
446 3822 572 3874 dadhuc
600 3824 627 3873 ia
655 3840 708 3873 rar.
728 3822 753 3874 R
807 3822 931 3889 6capud
956 3823 982 3874 R
1034 3823 1166 3888 eungite
1189 3824 1217 3874 E

67 3910 101 3963 10
120 3909 256 3976 capndR
309 3913 388 3961 uiam
409 3911 435 3960 in
455 3926 506 3960 rus.
527 3910 552 3961 11
606 3912 636 3962 11
658 3926 692 3962 ne
712 3909 778 3976 qnid
797 3909 825 3961 in
845 3908 967 3962 nobisE
1020 3911 1052 3962 12
1070 3908 1214 3964 adhereret

64 3997 92 4049 11
129 3996 298 4063 ungendoE
333 3998 364 4048 17
383 3996 643 4063 atqueoperatioE
688 3993 721 4049 οῦ
741 3995 830 4063 capud
841 3996 865 4047 lt
882 3999 913 4047 ut
925 4001 1008 4063 caput
1020 3996 1047 4048 Ε
1093 3999 1123 4049 18
1142 3997 1215 4050 sedis

63 4084 91 4137 R
110 4084 146 4152 cf.
166 4085 248 4136 :lead
264 4102 292 4153 p.
314 4082 347 4134 Id
366 4083 444 4136 sedes
464 4084 492 4134 E
547 4086 576 4136 19
596 4082 643 4135 sed
662 4083 754 4135 oleum
773 4082 824 4135 hoc
842 4100 898 4135 non
917 4083 945 4133 E
1004 4085 1038 4136 20
1065 4083 1097 4136 ds
1116 4085 1215 4137 endiis

62 4170 163 4223 ra.lR
216 4172 248 4223 21
270 4171 343 4223 enim
363 4170 397 4223 de
412 4173 437 4221 (ι’
490 4172 524 4223 22
543 4170 591 4237 qui
610 4170 723 4237 acgrib'
776 4173 811 4223 23
829 4171 852 4222 si
872 4185 954 4222 uerae
971 4170 1216 4237 obiurgationesti

57 4260 98 4313 28
108 4256 216 4309 absorti
228 4257 253 4309 R
261 4258 384 4326 absorpti
395 4258 420 4309 Ε
469 4258 503 4309 29
514 4257 599 4324 qurR
652 4258 686 4310 30
696 4256 765 4310 dicit
774 4255 807 4318 (it
817 4260 843 4309 ia
853 4255 917 4322 ras.)
928 4273 988 4309 eam
1001 4257 1026 4309 R
1035 4273 1094 4309 cam
1105 4257 1174 4310 dicit
1183 4259 1214 4310 1.
