2790 4844
148 247 212 311 860
496 243 615 298 sancti
633 243 767 297 Hilarii
785 243 949 312 episcopi

149 438 181 502 iu
214 435 345 515 glorium
385 436 483 499 beatae
521 434 701 498 eternitatis
735 434 907 515 adsumpta,
945 453 1017 499 cum
1054 436 1115 499 ait:
1153 436 1297 501 etenim

150 541 385 622 expectatio
406 538 769 619 ipsiuscreaturae
786 536 1085 604 reuelationem
1112 539 1296 604 filiorum

150 645 213 709 dei
241 648 442 724 expectat.
480 643 656 707 uanitati
681 643 785 707 enim
809 649 1000 709 creatura
1024 644 1219 709 subiecta
1242 652 1295 708 est

150 769 224 813 non
247 747 398 824 uolenS,
422 748 491 812 sed
514 753 685 828 propter
716 766 810 825 eum,
834 747 899 830 qui
932 747 1124 812 subdidit
1159 749 1197 813 iu
1221 768 1293 829 spe,

112 875 125 912 o
152 837 245 938 quia
268 852 418 932 etipsa
453 857 641 916 creatura
672 849 925 915 liberabitur
948 871 966 914 a
989 852 1198 917 seruitute
1221 872 1292 917 cor·

107 976 108 979 ’
151 956 358 1037 ruptionis
396 955 434 1019 in
473 955 710 1021 libertatem
749 953 961 1020 claritatis
999 955 1186 1021 filiorum
1226 957 1290 1020 dei.

150 1060 224 1126 hino
248 1079 322 1143 ergo
346 1058 482 1143 hymnus
492 1055 547 1123 ‘est
561 1058 711 1124 libertatis
728 1059 862 1136 indultu,
885 1062 967 1143 quod
983 1060 1158 1125 officiorum
1173 1080 1287 1125 suorum

151 1165 335 1231 necessitate
358 1163 507 1240 absoluta,
539 1169 569 1227 et
591 1168 682 1228 antea
705 1164 736 1227 in
759 1183 833 1227 usus
856 1162 985 1228 humani
1008 1165 1151 1229 subiecta
1173 1164 1286 1229 seruitii.

150 1270 213 1333 iam
237 1269 425 1333 conformato
457 1268 581 1332 tandem
612 1266 745 1331 liliomm
769 1267 819 1332 dei
843 1267 949 1351 gloriae
972 1268 1003 1331 in
1027 1277 1177 1333 aternam
1203 1269 1284 1332 beati·

99 1402 123 1438 lo
151 1373 292 1438 tudinem
326 1372 514 1437 creationum
549 1370 702 1436 elementa
733 1372 939 1455 requiescunt.
986 1373 1073 1437 cuius
1098 1371 1282 1437 beatitudinis

88 1562 90 1566 ι
150 1475 243 1560 longo
277 1477 339 1541 ium
375 1476 426 1540 diu
460 1476 630 1541 secundum
653 1474 823 1555 apostolum
849 1475 975 1540 Petrum
999 1476 1153 1541 desiderio
1179 1476 1278 1540 detine

151 1581 271 1657 bantur,
295 1599 365 1645 cum
388 1581 445 1644 ult:
477 1578 568 1656 haec,
601 1599 683 1663 quae
715 1581 828 1644 modo
850 1579 967 1645 uobis
990 1582 1179 1646 nuntiata
1199 1588 1276 1643 suut

150 1705 221 1766 per
244 1704 320 1761 eos,
337 1684 536 1768 quiuobis
553 1684 704 1765 spiritu
728 1689 870 1748 sancto
893 1683 1273 1768 euangelizauerunt

151 1808 233 1872 quae
271 1789 397 1852 missa
430 1793 523 1852 sunt
553 1807 571 1851 a
602 1787 709 1868 caelo,
742 1787 781 1851 in
816 1807 890 1870 qua
925 1808 964 1852 re
998 1788 1272 1870 concupiscunt

99 1919 124 1955 ra
151 1891 290 1976 angeli
314 1893 562 1973 prospicere.
587 1892 757 1971 expectatio
774 1892 878 1975 itaque
894 1891 1065 1957 caelestium
1082 1898 1129 1957 est
1140 1889 1270 1957 beatitudo

151 2003 274 2061 terrena
296 2002 327 2060 et
360 1996 564 2076 corruptionis
601 2001 713 2060 nostrae
748 1996 989 2060 demutationem
1015 1997 1185 2061 diuinarum
1205 2012 1268 2058 crea·

151 2101 266 2165 tionum
283 2106 371 2165 urant
387 2098 549 2177 elementa,
573 2099 750 2180 prospicere
767 2097 848 2164 hanc
865 2098 1055 2183 euangelicae
1072 2096 1267 2181 predicationis

151 2224 240 2284 spem
262 2204 519 2284 coucupiscentia,
550 2203 680 2287 gloriam
712 2223 800 2267 suam
831 2224 868 2269 ex
898 2202 1004 2288 gloriae
1039 2209 1151 2269 uustrae
1173 2199 1266 2267 consor·

151 2309 286 2373 motione
320 2317 494 2388 sumptura:
530 2327 623 2391 quam
659 2307 721 2371 iam
756 2309 925 2373 secundum
956 2307 1152 2389 prophetiam
1179 2303 1265 2387 psalmi

99 2436 123 2473 uo
151 2413 262 2492 adepta
284 2412 314 2476 in
339 2431 506 2476 consonam
531 2410 654 2476 laudem
687 2418 841 2493 perceptae
871 2412 1070 2477 beatitudinis
1100 2413 1264 2477 aduocantur.

195 2515 223 2581 3.
248 2517 427 2581 Laudate
466 2516 667 2581 dominum
703 2516 748 2581 de
779 2515 899 2593 caelis,
938 2514 1102 2581 laudate
1136 2533 1209 2582 eum
1236 2511 1263 2572 in

151 2619 339 2686 excelsis.
382 2619 548 2685 laudate
572 2640 656 2684 eum
681 2639 819 2685 omnes
843 2619 981 2704 angeli
1005 2621 1101 2686 eius.
1132 2617 1263 2684 laudata

151 2745 237 2790 euru
261 2744 397 2789 omnes
420 2725 604 2789 uirtutes
629 2723 723 2789 eius.
758 2723 923 2788 laudate
942 2744 1027 2788 eum
1049 2724 1107 2790 sol
1126 2731 1163 2788 et
1181 2721 1262 2785 luna:

151 2828 317 2894 laudate
352 2848 436 2893 eum
460 2847 595 2893 omnes
618 2827 750 2892 stellae
775 2833 812 2892 et
834 2827 975 2893 lumen.
1021 2827 1181 2894 laudate
1199 2838 1261 2888 eun

99 2954 124 2993 aa
151 2931 237 2997 caeli
262 2932 465 2997 caelorum:
489 2938 526 2997 et
549 2951 657 3015 aqua,
678 2951 760 3015 quae
784 2952 906 3013 super
927 2932 1047 2996 caelos
1072 2925 1261 3010 estlaudel

151 3057 291 3102 numen
314 3038 475 3102 domini.
511 3036 604 3120 quia
626 3037 712 3117 ipse
736 3036 954 3112 mandauit,
971 3043 1164 3102 etcreata
1182 3033 1261 3101 sunl}

150 3141 238 3222 ipse
262 3141 373 3218 dixit,
409 3147 446 3205 et
469 3141 579 3205 facta
602 3147 711 3218 sunt;
747 3146 784 3205 et
806 3141 955 3205 statuit
978 3161 1020 3205 ea
1044 3142 1083 3205 in
1106 3134 1261 3205 saeculun

150 3255 188 3310 et
220 3246 257 3308 iu
294 3244 482 3310 saeculum
517 3244 671 3310 saeculi:
706 3250 952 3324 praeceptum
988 3245 1134 3325 posuit,
1157 3249 1261 3308 utnon

151 3348 387 3429 preteribit.
449 3348 587 3414 absoluto
626 3349 753 3432 quidem
792 3348 832 3412 ad
868 3347 1113 3432 intellegentiam
1150 3356 1263 3412 sermone

97 3478 123 3517 eo
151 3452 302 3533 propbeta
335 3472 443 3517 omnes
478 3452 617 3518 caelestes
651 3453 781 3516 uirtutes
804 3451 987 3518 adhortatur
1008 3454 1050 3517 ad
1072 3451 1198 3527 landem,
1226 3440 1265 3510 sel

36 3554 40 3561 ’
150 3577 209 3621 non
245 3557 311 3620 sine
346 3557 483 3638 perfectu
517 3557 633 3621 ratione
669 3556 823 3620 doctrinae.
868 3557 1004 3637 primum
1040 3558 1124 3621 enim
1158 3565 1269 3620 erroren
1338 3533 1340 3552 ¹

193 3734 205 3784 l
228 3732 305 3785 Rom.
326 3732 397 3798 Vlll,
419 3735 508 3798 resq.
547 3731 703 3784 121Petr.
725 3735 746 3797 l,
768 3734 808 3784 lu.

192 3870 395 3924 dsubdiditR
422 3871 457 3939 cs.
477 3870 597 3924 Sabotier
615 3870 669 3936 III,
688 3868 748 3923 623
766 3872 826 3923 adu.
846 3869 964 3923 subiecit
983 3869 1011 3921 E
1071 3871 1100 3923 iu
1120 3887 1168 3939 spe
1188 3869 1283 3923 Rbesru

149 3955 178 4007 in
197 3972 276 4023 spee
328 3957 468 4025 9gloriae
488 3957 513 4009 R
531 3957 565 4026 cs.
582 3975 609 4027 p.
628 3955 695 4023 862,
721 3955 773 4020 13‚·
798 3953 865 4024 336,
892 3954 927 4008 19
944 3974 980 4024 sq.
999 3955 1090 4024 gloria
1110 3957 1139 4009 E
1181 3957 1246 4026 jort
1262 3955 1287 4008 in

149 4046 262 4095 aeterna
279 4042 451 4097 beatitudine
523 4046 555 4096 14
579 4043 673 4096 aRe
693 4044 720 4095 Ε
789 4045 822 4098 16
846 4043 1034 4096 demutatione
1054 4044 1079 4096 R
1097 4043 1250 4099 demutatio
1270 4044 1291 4096 Ε

150 4129 183 4181 17
202 4134 282 4181 orant
301 4130 325 4181 lt
343 4130 502 4183 demoratur
524 4130 550 4181 Ε
603 4129 635 4182 19
653 4134 768 4198 sdpturu
788 4130 813 4181 R
831 4133 993 4197 susceptura
1014 4130 1041 4181 Ε
1092 4136 1149 4198 qud
1163 4133 1188 4185 R
1206 4132 1296 4201 quaE

40 4241 45 4253 ·
149 4215 324 4268 assecutum
344 4226 366 4268 el
384 4219 420 4269 sic
439 4218 465 4268 iu
484 4234 534 4284 seq.
555 4217 586 4269 R.
