2790 4844
144 228 208 295 294
491 229 607 284 saneti
626 229 761 284 Hilarii
781 230 943 298 episcopi

145 416 339 498 sunctum,
370 421 587 486 nocebitur
617 420 738 485 silius
772 419 851 497 dei;
889 429 920 486 et
950 420 1106 486 daemones
1137 421 1290 488 clement:

146 525 297 591 scimus
320 524 387 608 qui
411 524 477 602 sie,
501 531 670 590 sanetus
693 524 765 590 dei.
809 523 842 590 in
865 530 972 590 sancto
994 544 1070 609 ergo
1094 526 1236 591 escendit
1258 527 1290 591 in

147 629 252 695 altum.
298 639 328 694 et
351 628 427 714 quid
449 627 523 693 illud
548 628 587 693 sit
610 628 779 694 escendere
802 628 834 692 in
857 627 962 706 altum,
992 629 1049 694 sub
1075 628 1167 696 huius
1190 630 1291 712 ipsius

147 733 218 799 dieti
242 731 467 818 significatione
491 731 607 799 Paulus
640 731 743 799 docuit
777 732 899 798 dicens:
934 733 1123 800 escendit
1155 742 1290 802 antem

107 867 120 902 s
148 837 329 922 quidest,
346 836 823 922 nisiquioetdescendit
846 836 885 903 in
908 837 1291 906 inferioreterrrae?

147 941 215 1025 qui
239 940 462 1021 descendit,
486 940 575 1022 ipse
597 949 659 1007 est
682 941 749 1024 qui
773 949 811 1005 et
840 942 1028 1007 escendit
1061 962 1186 1023 super
1216 964 1289 1010 orn·

148 1065 216 1110 nes
239 1044 369 1111 caelos.
415 1046 587 1112 ascendens
609 1065 685 1130 ergo
715 1045 746 1111 in
777 1045 875 1112 cltum
906 1053 936 1110 et
966 1066 1034 1112 sese
1065 1046 1225 1113 hominem
1254 1070 1289 1114 er

147 1149 275 1216 mortuis
297 1149 329 1215 in
352 1149 528 1217 celestibus
550 1148 704 1215 reuehens
728 1149 847 1230 accepit
868 1169 930 1227 eos,
954 1151 1007 1233 qui
1023 1172 1042 1216 e
1057 1150 1180 1216 diabolo
1203 1160 1290 1218 erent

147 1253 238 1334 eapti,
262 1272 340 1338 quos
364 1261 394 1320 et
417 1254 457 1319 ed
479 1252 740 1335 pulchritudinem
764 1253 873 1320 domus
897 1253 995 1339 spolie
1017 1255 1129 1321 diuisit.
1176 1255 1287 1323 dehinc

97 1383 122 1417 lu
149 1360 230 1425 dono
252 1357 284 1423 in
308 1356 486 1423 hominibus
508 1359 633 1439 aceepit,
657 1376 727 1424 curn
751 1358 973 1443 primogenitus
996 1380 1033 1425 ex
1056 1359 1186 1425 mortuis
1202 1361 1243 1426 de
1258 1380 1289 1426 se

147 1461 361 1546 ipsstostetur
384 1462 505 1528 dicens:
537 1462 723 1529 dominns
745 1462 849 1527 dixit
872 1463 920 1528 ed
943 1483 1015 1528 me:
1038 1462 1156 1529 filius
1180 1484 1288 1530 meus

149 1572 261 1644 estu,
285 1566 500 1650 egohodie
524 1566 645 1651 genui
670 1573 717 1632 tc.
754 1586 875 1648 posce
898 1589 917 1632 c
940 1588 1006 1643 me,
1029 1574 1067 1633 et
1088 1568 1191 1633 dabo
1215 1568 1288 1634 tibi

149 1679 293 1754 gentes
322 1669 596 1735 hereditatem
630 1679 736 1736 tuam
773 1678 809 1737 et
843 1671 1147 1752 possessionem
1183 1679 1288 1738 tunm

150 1773 345 1840 terminos
380 1783 506 1840 terrae.
551 1775 670 1856 accepit
704 1794 779 1859 ergo
802 1776 882 1840 dous
904 1775 935 1840 in
959 1774 1148 1853 hominibus,
1179 1784 1290 1860 gentes

99 1902 123 1938 n
151 1876 268 1945 scilieet
289 1878 321 1943 in
345 1878 565 1958 hereditatem3
599 1879 630 1943 in
665 1879 778 1961 quibus
812 1879 842 1943 in
874 1885 981 1944 saneto
1003 1879 1035 1944 in
1058 1879 1154 1946 cltum
1179 1881 1290 1961 primo

150 1981 274 2066 genitus
296 2004 334 2047 er
358 1983 485 2048 mortuis
508 1988 600 2064 cepte
622 1983 799 2064 captiuitete
822 1983 1010 2049 conscendit.
1055 1991 1085 2050 et
1112 1983 1188 2067 quia
1210 1984 1291 2050 ultro

150 2085 294 2151 humnnae
319 2086 385 2170 spei
408 2086 501 2151 tidem
527 2087 574 2164 sit
604 2108 676 2152 eum
700 2094 830 2152 terrenae
865 2087 968 2153 cernis
1002 2088 1229 2168 corruptionem
1259 2089 1289 2154 iu

150 2191 303 2257 caelestem
328 2189 457 2274 gloriam
474 2190 666 2257 transtulisse
689 2199 862 2276 gentesque
877 2191 989 2273 impias
1005 2200 1036 2257 et
1059 2198 1130 2258 ente
1145 2192 1290 2258 uitiorum

150 2313 189 2360 oc
211 2294 461 2377 superstitionum
485 2295 588 2360 furore
610 2315 761 2376 perusses
784 2297 824 2361 ad
846 2295 1053 2381 cognitionem
1085 2296 1134 2360 dei
1165 2316 1291 2362 consor·

98 2420 123 2457 νο
151 2398 287 2483 tiumqne
310 2418 378 2464 esse
401 2399 559 2477 deductus,
581 2400 619 2464 ob
644 2399 703 2465 hoc
725 2399 755 2464 in
780 2397 829 2466 his
853 2400 934 2464 done
956 2399 1134 2467 hominibus
1164 2401 1291 2484 occepit.

150 2501 203 2588 qui
227 2523 260 2568 se
295 2521 365 2568 euru
398 2504 455 2569 deo
491 2503 683 2569 habitaturos
718 2524 787 2569 esse
820 2523 881 2570 nou
915 2505 1087 2570 crederent.
1132 2513 1227 2589 etque
1249 2506 1293 2571 its

152 2606 243 2674 huius
266 2606 444 2674 mediatoris
467 2627 503 2672 ex
527 2606 596 2688 lege
618 2615 834 2674 consummate
856 2596 991 2692 cognitio
1020 2615 1076 2685 est,
1100 2615 1142 2685 ut,
1178 2610 1231 2693 qui
1260 2610 1292 2675 in

150 2709 320 2777 laetentium
343 2710 468 2776 milibus
491 2711 523 2777 in
546 2711 621 2777 Sino
643 2711 760 2791 fuisset
785 2711 836 2778 hie
858 2712 940 2778 idem
970 2713 1001 2778 in
1035 2721 1142 2779 sancto
1167 2735 1293 2781 rursum

150 2815 180 2879 in
204 2814 301 2880 altum
324 2815 448 2896 captiua
478 2815 656 2897 captiuitute
680 2817 893 2882 conscendens
916 2818 997 2881 donc
1019 2836 1083 2894 uos
1107 2817 1161 2900 qui
1187 2837 1292 2884 secum

96 2933 123 2974 ’ὁ
150 2918 378 2985 cohabitaturos
401 2918 630 2998 diffidebamus,
654 2920 815 3002 acciperet

195 3023 245 3088 20.
269 3023 343 3089 Post
364 3023 447 3090 hene
468 3023 572 3110 iteqne
595 3033 701 3090 eontra
724 3025 790 3107 spei
813 3034 926 3091 nostrre
955 3024 1161 3090 diffidentium
1185 3046 1294 3109 eccep-

151 3136 250 3192 tornm
273 3128 304 3192 in
328 3128 506 3194 hominibus
530 3130 677 3194 donorum
702 3129 905 3196 hereditatem
929 3130 1026 3214 digne
1048 3128 1116 3194 hmo
1138 3130 1181 3195 ed
1200 3131 1296 3198 deum

166 3322 312 3391 ¹didere.
332 3334 355 3404 1,
373 3339 421 3403 243
441 3336 507 3390 Luc.
527 3337 573 3404 tv,
592 3338 633 3394 34.
666 3337 804 3406 dEphes.
824 3337 870 3406 lV,
888 3341 905 3391 9
924 3355 963 3406 sq.
1002 3337 1249 3409 11Ps.11‚rsq.

194 3505 273 3563 uem
291 3511 314 3562 t*
330 3515 425 3594 sanctine·
448 3509 477 3573 (e
497 3511 522 3561 in
541 3527 594 3562 ros.
611 3506 643 3575 3)
663 3509 689 3563 R
740 3511 844 3564 tdieti
873 3529 903 3564 ex
929 3510 998 3566 dicit
1017 3511 1043 3565 R
1095 3513 1196 3581 paulus
1225 3533 1297 3586 supr.

150 3631 199 3667 scr.
219 3615 244 3665 T
296 3614 377 3682 equi
396 3613 520 3668 escendit
539 3613 643 3666 mn
695 3617 795 3684 dergo
814 3617 874 3668 cdd.
893 3633 926 3669 m.
948 3614 1019 3669 2V
1068 3618 1182 3687 dcepit
1205 3619 1232 3672 V
1283 3637 1299 3673 u

151 3699 310 3771 diabuloV
360 3700 443 3754 9hoe
463 3707 491 3754 et
509 3701 533 3753 V
585 3704 615 3755 ll
636 3701 763 3755 dominus
782 3701 852 3755 dixit
871 3702 906 3755 ed
924 3720 969 3756 me
987 3720 1035 3756 om.
1054 3703 1080 3757 V
1132 3706 1166 3759 12
1184 3707 1298 3775 postule

149 3803 229 3840 arne
247 3787 297 3839 ΡΤ
350 3789 382 3841 18
400 3786 583 3841 hereditatem
611 3787 669 3850 (om.
698 3791 784 3850 tuem)
804 3791 829 3842 T
883 3792 915 3844 16
933 3789 1008 3842 ultre
1026 3807 1057 3843 α
1074 3789 1151 3844 ultro
1180 3812 1213 3847 m.
1235 3792 1256 3847 9
1278 3793 1303 3847 V

155 3876 184 3927 t?
203 3881 329 3929 termene
364 3874 386 3927 V
410 3879 554 3928 terraenae
581 3876 634 3928 BT
687 3878 720 3931 18
737 3875 916 3946 legentesque
949 3876 973 3930 V
1023 3880 1052 3931 et
1070 3878 1146 3935 omni
1176 3888 1245 3935 ente
1279 3881 1302 3939 V

152 4015 186 4065 ‘to
204 4006 214 4064 ἰ
233 4012 275 4065 uu
299 4012 371 4067 dona
395 4013 425 4066 in
451 4012 609 4068 nominibus
633 4014 657 4067 u
706 4017 736 4067 er
758 4013 918 4069 haeresum
944 4031 1002 4070 sose
1021 4019 1040 4068 u
1059 4015 1086 4068 Ρ
1137 4019 1174 4073 ss
1193 4019 1224 4074 in
1243 3991 1301 4107 nsi

153 4115 205 4168 ΗΡ
255 4117 447 4187 captiuorum.
460 4136 509 4172 scr.
523 4118 674 4188 PcuptuT
726 4119 918 4187 captiuitatem
934 4119 958 4173 V
961 4117 970 4150 ¹
1016 4121 1051 4174 26
1069 4118 1305 4180 diffidibmmV

150 4205 185 4257 26
203 4201 373 4257 diffidentiae
397 4203 425 4257 V.
