2790 4844
208 237 271 301 590
556 237 674 289 sancti
694 235 826 288 llilarii
847 235 1011 303 episcopi

207 427 422 506 aspernatione
453 426 482 489 in
509 426 653 506 superbia
676 425 851 490 conlocatos
882 425 959 508 qaid
988 445 1082 509 agere
1114 445 1151 490 ac
1185 425 1271 510 loqui
1302 447 1350 492 nos

206 536 352 611 oporteat,
377 527 529 611 propheta
552 531 744 593 demonstrat
767 529 890 594 diceus:
922 529 1003 594 nisi
1034 531 1140 612 quod
1166 531 1348 595 deminus

206 641 293 698 erat
316 635 354 696 in
379 633 641 710 nobis‚.dicat
664 652 766 697 nuno
792 631 969 697 Israhel:
998 633 1078 697 nisi
1102 635 1209 715 quod
1235 635 1347 700 domi·

205 758 277 802 nus
301 745 389 803 erut
412 738 449 801 in
474 736 599 811 nobis,
624 757 708 800 cum
733 744 954 820 surgerent
985 735 1175 802 homines
1205 737 1246 801 in
1278 759 1346 813 noa,

166 870 177 906 a
206 843 311 906 sorte
342 843 457 905 uiuos
488 839 793 925 degluttissent
828 861 906 905 nos.
952 847 982 905 et
1006 841 1130 924 quidem
1158 861 1265 906 sermo
1288 843 1344 922 ipse

205 944 273 1010 talis
297 952 351 1022 est,
374 955 408 1009 ut
431 944 628 1028 intellegatur
651 944 808 1026 prophetae
832 965 901 1010 esse
936 945 1124 1020 instruent-is,
1149 945 1226 1028 quid
1252 947 1343 1011 dicia

204 1051 315 1114 ceteris
339 1057 484 1129 oporteat.
530 1049 665 1130 primurn
690 1049 772 1112 enirn
797 1069 848 1114 res
871 1049 938 1132 ipsa
960 1049 1042 1113 diota
1058 1055 1120 1125 est3
1145 1048 1263 1115 dehinc
1279 1070 1343 1134 qna·

204 1152 272 1217 liter
295 1153 335 1217 sit
351 1153 482 1217 direnda
502 1158 699 1217 monstratur.
746 1161 777 1216 et
794 1151 845 1217 hic
860 1151 917 1216 Iuit
933 1155 1016 1231 ordo,
1032 1161 1073 1228 ut,
1090 1152 1166 1235 quid
1183 1156 1342 1238 agendum.

204 1255 325 1333 dehine,
349 1264 501 1341 quatenus
536 1258 693 1340 agendum
731 1264 821 1334 esset,
856 1259 1080 1322 ostenderetur.
1126 1258 1209 1322 nisi
1247 1259 1341 1342 quod

150 1386 175 1423 ro
203 1360 389 1426 dominus
413 1369 499 1425 erat
530 1361 567 1424 in
599 1360 729 1437 nobis,
753 1361 864 1426 dicat
886 1381 988 1425 nunc
1012 1359 1184 1426 Israhel.
1231 1363 1341 1428 dictum

202 1485 276 1548 ergo
299 1471 354 1542 est,
371 1465 445 1548 quid
470 1465 530 1530 diei
555 1466 593 1529 ab
617 1463 737 1530 Israhel
760 1473 923 1544 oporteret.
968 1467 1007 1530 de
1024 1462 1144 1529 Israhel
1168 1465 1341 1549 frequenter

201 1570 417 1633 admonuimus
453 1589 524 1634 eum
548 1569 797 1645 existimandum,
826 1569 878 1652 qui
903 1571 995 1633 deum
1017 1569 1131 1634 mentis
1156 1569 1255 1636 oculis
1277 1590 1339 1635 eon·

200 1671 367 1752 templatus
390 1673 437 1737 sit.
482 1693 565 1737 nuno
589 1675 857 1756 ergosecundum
887 1671 1082 1754 prophetiam
1107 1673 1243 1757 cognito,
1274 1673 1338 1758 quid

200 1776 304 1841 dicere
328 1777 450 1854 debeat,
475 1776 595 1841 Israhel
618 1775 773 1859 loquetur:
806 1776 886 1840 nisi
911 1776 1017 1859 quod
1049 1777 1237 1843 domiuus
1261 1785 1338 1842 erat

148 1907 172 1942 n
200 1880 237 1943 in
269 1880 397 1956 nobis,
429 1901 514 1945 eum
545 1882 814 1963 Insurgerent
844 1880 1029 1945 homines
1058 1881 1097 1944 in
1129 1901 1209 1958 nos,
1242 1882 1337 1946 sorte

199 1984 315 2049 uiuos
355 1984 659 2068 degluttissent
690 2005 768 2049 nos.
816 1983 875 2049 hoe
905 2005 980 2068 ergo
1011 1982 1133 2048 Israhel
1168 1985 1337 2068 exemplum

198 2089 353 2167 accipiens
376 2110 393 2152 a
416 2088 568 2169 propheta
592 2089 681 2165 dicet,
715 2088 785 2172 quia
821 2089 951 2153 audiuit:
983 2088 1063 2152 nisi
1096 2090 1201 2171 quod
1226 2090 1337 2154 domi·

197 2212 269 2257 nus
293 2201 380 2257 erat
404 2194 441 2256 ln
466 2193 593 2271 nobis,
618 2193 727 2257 dicat
751 2213 854 2257 nunc
879 2192 1051 2256 Israhel.

242 2298 269 2360 2.
295 2296 364 2360 Non
389 2304 436 2362 est
459 2304 562 2361 auteur
595 2297 662 2362 leue
693 2298 875 2361 mandatum
905 2295 988 2373 illud,
1019 2297 1100 2379 quod
1132 2317 1266 2364 necesse
1288 2297 1338 2362 fuit

144 2425 170 2463 a>
197 2409 353 2479 praeeunte
395 2403 530 2484 quodam
566 2400 725 2481 propheta
763 2400 916 2480 preconio
955 2401 1172 2465 demonstrari.
1225 2403 1258 2466 ln
1295 2401 1338 2465 his

195 2525 331 2588 namque
369 2504 470 2579 rebus
510 2524 578 2587 qun
617 2503 757 2569 difficilia
795 2511 874 2579 sunt,
921 2505 1117 2569 desideratur
1156 2505 1339 2587 exemplum.

195 2610 296 2673 omnis
320 2609 403 2672 enim
427 2616 535 2673 natura
567 2607 727 2673 hominum
751 2606 887 2673 insolens
911 2610 949 2673 ad
973 2627 1024 2673 res
1054 2611 1212 2674 secundas
1244 2620 1292 2676 est
1313 2620 1339 2674 et·

195 2712 402 2777 inbecillitatis
426 2733 489 2778 suaa
523 2713 678 2777 inmemor
711 2711 884 2777 inconsulte
906 2713 937 2775 in
961 2713 1117 2793 prosperis
1143 2711 1267 2780 laetans
1290 2722 1339 2788 cst.

195 2818 275 2900 quod
311 2817 350 2880 ab
384 2816 510 2881 homine
544 2816 683 2881 doctrina
718 2816 768 2880 dei
801 2816 920 2881 erudito
954 2816 1063 2880 abesse
1093 2826 1228 2896 oportet.
1277 2820 1341 2903 quis

142 2945 166 2982 aa
194 2921 277 2985 enim
302 2919 425 2985 relictus
450 2928 497 2985 est
520 2921 608 2985 nobis
633 2919 783 3004 gloriandi
807 2918 891 2985 loeus
915 2920 1152 2986 recordantibus
1177 2924 1284 2988 omnia
1308 2944 1340 2988 er

193 3025 250 3089 deo
275 3023 367 3089 esse?
413 3024 438 3088 si
462 3045 518 3089 nos
541 3024 629 3088 nobis
652 3024 748 3088 uitam
772 3024 967 3100 inseruimus,
1000 3022 1174 3090 debeamus
1199 3035 1234 3092 et
1256 3028 1340 3092 nobis

192 3149 356 3208 corporum
392 3129 545 3208 speciem:
580 3129 605 3192 si
640 3128 697 3208 ipsi
723 3127 842 3208 pluuias
876 3135 1030 3211 aestusque
1066 3130 1284 3209 moderamur,
1307 3152 1340 3197 er

190 3241 297 3297 nostro
321 3251 389 3297 esse
412 3239 579 3312 prouentus
604 3233 756 3297 fructuum
782 3231 967 3314 gloriemur:
983 3240 986 3244 ’
1002 3232 1027 3296 si
1051 3252 1111 3296 non
1137 3233 1170 3297 in
1195 3238 1340 3302 omnibus

235 3441 702 3509 linsuperbiaGPinsuperbiam
714 3443 752 3494 Ile
805 3457 837 3494 ac
853 3443 869 3493 i.
886 3459 938 3494 rua.
949 3438 1066 3494 m.3?R
1119 3441 1340 3500 suomi-nisu

189 3531 205 3582 5
224 3527 420 3598 degluttissent
439 3529 465 3580 P
480 3529 664 3597 deglutissent
683 3529 709 3581 R
761 3528 925 3581 bestamo*
979 3527 1175 3583 diciaceteris
1186 3531 1243 3584 PE
1251 3533 1340 3587 dicere

189 3616 290 3669 ceteris
309 3616 334 3668 a
388 3618 418 3668 11
439 3633 505 3684 ergo
533 3620 575 3668 est
592 3616 618 3667 lt
636 3619 678 3668 est-
706 3632 773 3683 ergo
798 3615 851 3667 PE
903 3616 935 3667 12
954 3614 1174 3670 exIstimondum
1206 3619 1264 3673 GR
1287 3620 1341 3673 exi·

188 3701 357 3755 atimandum
376 3719 434 3756 esse
446 3703 498 3754 PE
550 3704 582 3755 13
601 3701 752 3754 secundnm
770 3701 918 3769 profetiam
933 3701 957 3752 G
970 3702 1124 3755 secundnm
1144 3705 1340 3774 propheticam

188 3788 343 3842 doctrinam
353 3789 432 3841 RPE
483 3789 595 3855 cognito
607 3788 659 3840 GP
674 3787 786 3855 cognito
805 3787 855 3848 (ito
874 3789 902 3840 in
920 3785 1019 3853 rualli
1073 3788 1145 3856 quid
1155 3792 1212 3846 ΗΡ
1228 3795 1306 3863 quod
1319 3793 1341 3847 G

188 3877 221 3929 11
240 3875 369 3942 loquetur
384 3876 409 3926 G
418 3876 542 3943 loquitur
552 3875 605 3927 ΗΡ
657 3878 688 3929 15
701 3874 876 3943 insurgerent
886 3873 1141 3930 hominesinnobis
1155 3879 1182 3930 G
1191 3885 1341 3951 surgerent

186 3959 311 4014 homines
321 3962 349 4014 in
360 3979 408 4014 nos
419 3962 511 4024 RPcs.
522 3963 585 4031 infr.
592 3981 618 4033 p.
630 3962 695 4030 591,
705 3960 742 4014 21
752 3973 774 4014 et
785 3963 857 4015 Stud.
869 3960 940 4015 1889
946 3980 974 4031 p.
982 3959 1035 4013 317
1092 3964 1126 4017 16
1137 3963 1339 4034 degluttlesent

189 4048 214 4099 G
232 4048 418 4115 deglutissent
431 4050 483 4101 RP
535 4053 566 4102 17
585 4049 659 4102 dicet
678 4050 703 4101 R
722 4049 797 4101 dicet
817 4050 842 4099 G
860 4048 971 4102 dicatP
1023 4050 1055 4101 19
1075 4050 1250 4110 mundatum
1270 4055 1340 4122 (Μ’

185 4134 620 4190 21difficiliaGIlPdilficilesE
670 4137 704 4189 23
720 4135 892 4188 inconsultae
907 4135 931 4187 a
984 4133 1257 4196 laetanaGiaotuns
1267 4142 1341 4196 RPE

184 4221 219 4274 26
238 4219 385 4274 debeamus
401 4222 453 4273 GP
462 4240 509 4275 oar.
525 4224 549 4275 ll
601 4225 635 4276 27
653 4222 828 4275 moderantes
848 4221 878 4274 P.
