2790 4844
577 286 772 355 Appendix.
1185 286 1248 353 875

100 474 236 539 iudicem
260 475 359 539 sciet?
404 476 474 559 quis
505 497 565 541 non
597 477 716 542 renasci
741 477 771 541 in
795 477 1003 542 innocentiam
1037 477 1147 557 cupiat,
1178 498 1249 544 cum

99 580 221 658 peceati
244 579 459 645 remissionem
484 601 539 661 per
562 601 671 646 nouam
689 581 884 645 natiuitatem
900 579 1054 666 accipiat?
1099 582 1168 666 quis
1184 583 1246 647 iam

100 692 226 747 renatus
260 703 389 764 peccare
425 704 484 749 non
521 685 641 749 desinat
672 696 703 749 et
733 686 764 748 in
788 686 963 750 innocentia
996 685 1115 766 paruuli
1149 686 1248 769 [uelit]

101 807 294 868 permanere,
319 808 388 853 cnm
414 788 520 853 talium
544 789 621 854 sciat
643 809 776 873 regnum
800 809 868 854 esse
891 789 1061 854 colorum?
1092 790 1159 855 hae
1182 811 1250 871 prc-

100 891 196 956 lessio
220 899 324 956 nostra
339 895 542 958 scrutantium
558 893 685 977 ingenia
701 893 851 970 debilitat,
877 893 943 959 herc
960 894 1107 959 doctrinae
1123 894 1249 975 spicula,
1289 920 1302 959 s

100 1015 168 1078 quae
193 995 388 1075 par-uelorum
423 998 544 1081 sagittae
578 1003 657 1076 sunt,
692 998 800 1062 stultas
831 998 1056 1078 disputationes
1078 998 1249 1063 uulnerant.

97 1100 288 1164 adnuntiatis
312 1101 394 1165 enim
419 1101 562 1181 operibus
585 1103 636 1166 dei
660 1110 732 1167 tnnc
757 1102 904 1183 incipient
923 1102 1003 1166 sacta
1021 1103 1085 1167 eius
1101 1101 1250 1186 intellegi,

97 1210 173 1268 tuna
197 1204 227 1267 in
252 1203 302 1268 his
325 1205 478 1270 letabitur
500 1206 606 1282 iustae,
631 1218 702 1271 tuuc
725 1226 796 1270 eum
820 1226 929 1271 omnes
961 1206 1037 1270 recti
1072 1207 1164 1271 corde
1186 1206 1250 1271 lau·
1296 1281 1299 1287 ¹

96 1308 227 1373 dabunt.
274 1309 304 1372 in
329 1309 378 1374 his
402 1316 450 1375 est
473 1310 580 1376 laetitia
603 1316 790 1386 sauctorum,
821 1311 852 1375 in
884 1309 935 1375 ltis
966 1329 1038 1392 spes
1061 1309 1248 1375 firmissima.

94 1411 137 1474 ob
169 1410 238 1476 hacc
270 1414 372 1491 deum,
402 1414 455 1498 qui
485 1423 570 1479 recto
593 1420 666 1480 sunt
696 1416 799 1490 corde,
822 1413 993 1479 laudabunt
1025 1415 1158 1479 scientes
1182 1434 1251 1504 esse
1276 1440 1301 1476 ιο

92 1515 316 1582 remissionem
341 1524 548 1598 peccatorum,
583 1519 690 1584 mortis
724 1525 963 1602 peremptorem,
994 1517 1092 1583 zaboli
1116 1517 1250 1583 debella-

93 1628 210 1696 torem,
245 1623 337 1686 deum
373 1630 404 1686 et
438 1623 599 1687 dominnm
635 1631 774 1688 nostrum
800 1623 902 1688 lesum
929 1620 1096 1701 Christum,
1127 1623 1179 1705 qui
1202 1628 1250 1686 est

92 1725 281 1789 benedictus
305 1726 336 1788 in
360 1725 472 1790 seacula
495 1727 686 1792 saeculorum.

170 2004 352 2085 tractatus
371 2003 404 2085 iu
424 2002 593 2106 psalmum
613 2002 757 2084 tlllll.
776 2024 820 2085 ex
839 2003 915 2085 col.
935 2001 1129 2085 Veronensi
1148 2008 1185 2084 et
1285 2015 1291 2027 ·

545 2175 711 2259 Vaticano
732 2177 809 2259 stt.
1201 2193 1208 2201 “
1273 2226 1297 2265 1⁵

148 2385 258 2463 Ecce,
298 2405 412 2468 quam
453 2386 594 2451 bonum
634 2393 695 2450 est
733 2393 770 2451 et
804 2386 1020 2450 iucundum
1057 2383 1248 2449 habitare

98 2489 254 2554 iratres
278 2491 317 2555 in
341 2511 466 2555 unum.
512 2490 627 2555 bonum
651 2497 683 2555 et
705 2490 870 2555 iucundum
895 2496 941 2555 est
963 2489 994 2552 iu
1018 2508 1114 2554 unum
1135 2488 1248 2553 fratres

99 2592 250 2671 habitare,
275 2595 355 2677 quia,
380 2615 448 2659 cum
475 2596 505 2658 iu
530 2615 589 2659 uno
613 2593 762 2672 habitant,
786 2599 937 2659 conuentu
961 2592 1100 2659 ecclesiae
1119 2612 1247 2675 congre-

100 2709 229 2782 gaurum
264 2718 334 2763 cnm
372 2700 482 2763 iratres
516 2704 738 2780 nuncupantur,
774 2699 883 2764 unicae
920 2697 1088 2763 uoluntatis
1122 2696 1249 2761 caritate
1276 2729 1300 2765 2⁰

100 2804 270 2867 concordes
294 2811 373 2867 suat.
419 2804 458 2867 ad
482 2805 613 2882 primam
643 2804 727 2868 enim
758 2802 966 2883 apostolorum
998 2801 1248 2882 praedicationem

103 2906 161 2973 hoc
185 2927 336 2991 maguum
360 2916 548 2988 preceptum
580 2908 675 2973 luisse
706 2908 847 2992 legimus,
883 2909 964 2992 quod
999 2908 1126 2972 dicitur:
1162 2911 1247 2968 erat

101 3013 203 3076 enim
239 3014 412 3076 omnium
447 3012 706 3077 credent-ium
742 3032 809 3077 cor
840 3020 877 3077 et
907 3012 1144 3076 animauna.
1190 3007 1249 3072 hoc

101 3117 206 3200 itaque
244 3115 354 3197 populo
393 3117 441 3181 dei
480 3116 637 3200 congruit,
683 3117 740 3181 snb
783 3137 843 3181 uno
881 3123 967 3195 patre
1012 3116 1124 3180 fratres
1170 3131 1248 3183 esse,

103 3221 158 3285 sub
193 3241 253 3285 uno
288 3221 394 3301 spiritu
433 3240 529 3285 nuum
567 3240 644 3297 esse,
682 3221 740 3285 sub
774 3241 835 3284 una
869 3221 961 3285 domo
995 3219 1169 3283 unianimes
1202 3217 1248 3281 in·
1276 3246 1300 3283 uu

103 3327 221 3402 cedere,
255 3326 312 3389 sub
335 3346 395 3389 nno
418 3345 547 3405 corpore
570 3326 660 3389 nnius
684 3326 820 3404 eorporis
850 3324 993 3389 membra
1017 3343 1095 3388 esse.
1142 3323 1247 3386 iucun-

103 3430 178 3494 dum
220 3437 250 3494 et
287 3431 400 3493 bonum
441 3437 489 3494 est
526 3427 665 3493 habitare
712 3428 822 3493 lustres
859 3428 890 3491 in
928 3448 1034 3493 unum.
1097 3445 1244 3506 conpara·

103 3534 216 3598 tionem
248 3553 321 3598 nero
354 3533 443 3598 huius
467 3533 537 3597 boni
561 3532 749 3616 iucundique
772 3532 923 3614 propheta
945 3531 1103 3597 constituit
1126 3531 1248 3595 dicens:

1093 3768 1114 3796 m

147 3813 209 3866 lin
237 3812 441 3891 innoceantium
460 3830 526 3864 corr.
548 3811 619 3862 ua?
672 3810 766 3878 cupiet
784 3838 817 3847 —
837 3817 865 3863 et
890 3811 918 3863 in
938 3811 1096 3864 innocentia
1140 3809 1202 3875 (ric)
1222 3812 1247 3862 ia

102 3914 417 3985 urar·p.inser.adrl.m.2
469 3915 723 3984 3uelituddr'rlr'cf.
734 3935 761 3984 p.
775 3913 843 3978 232,
857 3916 876 3967 l)
929 3915 1077 3983 bspeculn
1130 3915 1249 3969 Scorde

100 4025 171 4075 supr.
201 4023 249 4055 arr.
279 4021 310 4054 m.
338 4001 358 4054 ί)
413 4004 445 4055 tn
463 4007 491 4055 et
518 4004 577 4054 arld.
606 4021 637 4055 m.
667 4001 686 4053 2
738 4004 835 4054 frudd.
864 4020 896 4054 m.
925 4001 945 4054 ί)
996 4007 1063 4070 xpm
1088 4003 1148 4054 add.
1173 4020 1204 4054 m.
1229 3999 1249 4053 2

100 4091 226 4159 Explicit
244 4090 365 4158 psalmus
384 4090 473 4142 LXlll
501 4090 601 4157 incipit
627 4091 750 4157 psalmus
769 4089 872 4142 LXllll
888 4099 978 4158 postea
1005 4089 1041 4143 do
1058 4087 1127 4157 gra?
1143 4106 1160 4140 a
1179 4105 1246 4141 marr.

100 4200 150 4234 mc.
207 4180 239 4232 ts
258 4177 375 4230 eclesiae
394 4183 616 4246 congraegantnr
636 4177 658 4230 V
709 4179 743 4230 26
761 4175 912 4230 iucundum
935 4177 958 4230 V
973 4176 1123 4229 iocundum
1141 4196 1156 4228 r
1173 4186 1196 4228 et
1213 4177 1249 4229 ric

99 4271 165 4338 infr.
220 4269 254 4319 27
274 4265 469 4332 conparatione
496 4264 767 4332 Vcompsrationem
787 4285 808 4316 r.
