2790 4844
379 265 562 313 tractatus
580 261 615 313 in
635 261 805 328 psalmum
825 260 970 314 CXLVIII.
1183 259 1246 324 859

98 450 174 515 boni
198 450 288 515 buius
313 449 396 515 nulla
418 471 496 535 gens
520 450 657 530 aliaest
681 470 780 535 neque
803 450 884 516 hauc
913 450 1016 516 iudicii
1047 450 1176 534 gloriam
1202 451 1247 515 in·

99 554 236 620 fidelitas
259 554 438 639 inreligiosa
461 555 628 639 cognoscit.
674 555 711 619 in
743 575 813 620 aua
843 556 948 620 enim
970 555 1091 632 uenit,
1127 561 1165 620 et
1187 556 1247 620 sui

100 678 288 725 eumnou
313 665 569 743 receperunt.
615 664 814 742 quotquot
848 665 1097 741 receperunt,
1133 659 1247 724 dedit

100 762 166 826 bis
201 768 450 844 potestatem
485 763 602 829 filios
637 765 700 829 dei
735 763 830 829 fieri
865 764 1008 829 dominus
1031 770 1135 828 noster
1159 763 1246 829 lesus

101 865 253 943 Christus,
278 867 330 951 qui
355 873 402 932 est
425 867 605 933 benedictus
628 868 660 932 in
684 866 795 932 saecula
818 867 1007 932 saeculorum.
1053 888 1154 933 amen.
1286 894 1299 934 a

491 1054 674 1140 ratitos
702 1054 893 1138 cxlviii.-

146 1213 329 1279 Laudato
363 1215 566 1279 dominum
603 1215 648 1279 de
683 1201 805 1290 caelis',
829 1213 995 1279 laudate
1020 1234 1103 1279 eum
1127 1215 1246 1279 iner-

101 1317 229 1382 cetsis
252 1323 283 1382 et
304 1317 431 1402 reliqua.

148 1439 176 1503 1.
200 1438 379 1520 Superiores
404 1445 467 1505 tres
490 1439 612 1521 psalmi,
643 1440 755 1524 quibus
786 1438 951 1523 prophetia
980 1460 1036 1505 uos
1059 1442 1098 1505 ad
1122 1440 1245 1508 laudam

101 1543 219 1607 domini
244 1544 379 1621 aduocat,
414 1545 514 1610 beata
548 1543 629 1608 illius
663 1544 728 1626 spei
763 1550 876 1610 nostrae
911 1544 1156 1610 distributionem
1180 1545 1246 1626 ipso
1273 1569 1298 1608 ιο

101 1646 346 1713 conlocationum
371 1668 493 1715 suarum
518 1649 626 1714 ordine
648 1654 720 1713 suut
742 1649 848 1713 secuti.
894 1649 1010 1730 primus
1033 1648 1116 1713 euim
1139 1668 1246 1714 eorum

101 1753 140 1816 ob
165 1772 252 1833 spem
284 1754 463 1819 aternitatis
487 1761 517 1818 et
540 1753 672 1819 caelestis
707 1754 795 1837 regui
831 1752 1074 1834 expectationem
1107 1758 1246 1818 cantatus

101 1861 157 1921 est.
204 1858 355 1922 secundus
391 1857 429 1922 ob
463 1857 700 1923 aedificationem
719 1858 849 1922 ‘sanctae
887 1857 1019 1923 ciuitatis
1053 1862 1084 1923 et
1119 1877 1246 1941 cougre-

101 1961 260 2045 gatiouem
283 1968 466 2041 sauctomm
490 1962 541 2045 qui
566 1963 605 2026 ad
628 1960 849 2042 plenitudinem
874 1967 988 2026 sauotae
1005 1961 1095 2026 buius
1115 1963 1246 2027 ciuitatis

101 2065 296 2142 conuenient‚
320 2064 501 2132 subsecutus
525 2072 581 2132 est.
628 2067 735 2131 tertius
769 2066 820 2131 ille
853 2067 913 2130 iam
938 2067 976 2130 ob
1007 2066 1244 2150 gratulationem
1273 2087 1297 2128 rs

100 2168 300 2234 exaedificatae
335 2171 469 2235 ciuitatis
492 2177 523 2236 et
552 2176 666 2235 aetema
699 2189 774 2251 pace
808 2169 944 2235 fundatae
978 2181 1010 2235 et
1043 2177 1112 2252 post
1141 2168 1245 2235 saculi

101 2293 195 2338 urens
218 2293 371 2358 arensque
395 2274 494 2358 frigus
517 2274 634 2339 caelesti
661 2275 770 2356 spiritu
793 2281 972 2354 temperatae
995 2274 1026 2338 in
1051 2273 1133 2339 hunc
1156 2272 1246 2358 hym·
1359 2267 1361 2271 ’

101 2396 175 2441 num
200 2384 246 2442 est
271 2384 476 2460 comparatus.
523 2378 670 2443 doctrinae
693 2398 768 2462 ergo
792 2379 873 2443 idem
894 2385 940 2443 est
955 2380 1039 2455 ordo,
1063 2379 1115 2462 qui
1132 2397 1246 2443 rerum.

101 2500 175 2546 nam
200 2484 372 2547 secuudum
392 2481 604 2564 propheticam
628 2488 660 2547 et
682 2481 880 2564 apostolicam
898 2483 1148 2567 pradicationem
1165 2482 1245 2548 beati

101 2585 190 2650 istius
213 2587 303 2670 regni
328 2594 358 2651 et
381 2587 513 2652 ciuitatis
536 2592 660 2653 aeteruae
683 2587 714 2651 in
738 2585 788 2652 his
818 2588 893 2652 ordo
925 2587 1091 2667 dispositus
1114 2593 1177 2652 est:
1212 2586 1243 2650 in
1272 2608 1297 2646 ao

102 2691 335 2755 resurrectionis
375 2691 592 2769 demutatione,
630 2692 660 2755 iu
707 2691 948 2775 congregatione
993 2696 1176 2770 sauctorum,
1215 2691 1245 2755 iu

103 2795 325 2858 dominicorum
350 2795 462 2859 ciuium
486 2795 805 2879 confrequentantium
830 2795 972 2860 incolatu.

145 2899 176 2961 2.
202 2897 277 2963 Post
300 2918 368 2983 quae
402 2900 462 2964 iam
488 2899 519 2963 in
543 2904 658 2964 aeterua
690 2900 877 2965 beatitudine
901 2900 1043 2965 omuibus
1073 2900 1246 2967 constitutis

103 3003 141 3066 ad
158 3004 313 3067 canendos
337 3005 387 3068 dei
404 3003 510 3068 laudes
527 3002 584 3068 hoo
601 3004 802 3088 consequenti
817 3003 937 3085 psalmo
953 3002 1066 3070 chorus
1078 3003 1245 3069 caelestium

102 3108 248 3172 uirtutum
283 3113 531 3191 potestatumque
565 3107 762 3184 contrahitur,
795 3115 829 3173 ut
866 3109 904 3172 ob
943 3107 1104 3190 depulsam
1142 3108 1245 3174 saeculi
1272 3139 1297 3178 aa

102 3211 270 3276 uanitatem
293 3218 435 3277 creatura
450 3212 551 3277 omuis
567 3232 605 3278 ex
621 3212 744 3296 magnis
760 3212 932 3279 officiomm
948 3232 1073 3278 suorum
1090 3212 1245 3278 laboribus

104 3313 243 3380 absoluta
266 3330 297 3380 et
318 3316 348 3379 iu
373 3317 464 3381 beato
488 3335 584 3398 reguo
604 3317 783 3382 aternitatis
800 3316 966 3401 aliquando
982 3318 1138 3397 respirans
1154 3317 1246 3382 deum

102 3437 189 3484 suum
215 3427 246 3485 et
268 3418 338 3484 laeta
368 3420 516 3499 praedicet
538 3426 569 3486 ot
592 3420 696 3504 quieta
719 3426 749 3485 et
772 3421 839 3501 ipsa
872 3423 1041 3486 secuudum
1075 3419 1247 3502 apostolum

144 3610 238 3664 sloh.
258 3612 277 3678 Ι,
298 3614 337 3664 11.

143 3786 161 3838 3
182 3788 320 3851 quotquot
338 3802 368 3836 ec·
387 3785 531 3851 quaequod
551 3803 582 3837 m.
596 3782 653 3837 313
706 3788 870 3853 receperunt
890 3784 928 3837 Rc
946 3789 1040 3838 autem
1058 3786 1247 3854 receperuntd

96 3872 134 3940 cf.
156 3872 276 3924 Saboticr
295 3871 348 3935 III,
373 3870 427 3924 387
446 3874 507 3924 oda.
560 3871 639 3925 this
659 3871 697 3925 Re
715 3871 754 3924 eie
773 3871 787 3923 b
805 3870 931 3939 Explicit
955 3871 1076 3939 psalmus
1096 3871 1247 3926 CXXXUII

95 3954 167 4027 iuffp
196 3957 361 4012 CXXXVIII
390 3957 452 4045 (sici
479 3960 505 4011 R
569 3960 600 4012 11
620 3957 843 4026 conlocutiouum
872 3958 898 4011 R
953 3960 985 4011 12
1004 3958 1196 4027 expectatione
1222 3959 1248 4011 R

97 4047 134 4100 15
155 4045 304 4099 conueniet
322 4045 348 4097 R
367 4046 534 4099 conueniant
550 4046 578 4097 E
628 4044 677 4099 ille
696 4045 750 4098 iam
769 4064 788 4094 α
807 4044 883 4125 ittera
903 4043 1009 4115 (puncto
1028 4063 1113 4116 repar.
1130 4063 1162 4098 m.
1174 4044 1207 4112 3)
1221 4046 1247 4099 R

97 4153 134 4204 lo
154 4147 334 4203 exaedificato
358 4149 384 4201 R
436 4148 603 4229 fundateli
659 4152 689 4203 17
708 4154 861 4218 temperate
886 4151 911 4202 R
963 4151 998 4203 12
1017 4149 1247 4218 confrequentan-

95 4238 172 4291 tium
192 4237 232 4288 Ro
251 4252 313 4289 oum
332 4236 554 4303 frequentatione
572 4255 592 4289 e.
