2790 4844
148 234 209 298 772
486 233 603 286 sancti
628 232 764 285 Hilarii
788 231 950 300 episcopi

148 425 272 489 domino
286 423 423 488 dicente:
447 423 522 486 iam
546 442 620 486 non
646 422 735 486 dico
759 442 829 485 nos
851 441 1008 501 seruos,
1033 423 1134 505 quia
1156 443 1277 488 seruus
1306 426 1308 445 '

147 528 289 602 nescit,
313 527 407 610 quid
429 525 534 591 uelit
557 527 743 590 dominus
767 526 869 590 eius:
892 525 962 590 sed
986 546 1058 591 uos
1092 527 1185 592 dico
1206 528 1277 591 arni·

148 651 223 706 cos,
247 631 435 714 quoniam
458 629 715 711 perstitistis
738 649 888 694 mecum
905 630 943 693 in
960 631 1159 696 omnibus
1181 642 1277 710 temp

149 735 386 800 tationibus.
432 733 490 799 hos
525 734 627 817 igitur,
667 754 744 817 qnos
781 753 862 798 nunc
900 734 1019 798 amicos
1057 742 1224 818 nuncupat
1253 741 1277 798 nt

110 868 122 902 s
149 840 291 920 superius
315 838 512 913 ostendimus,
536 846 567 903 et
589 858 607 902 a
631 844 717 918 patre
740 838 798 903 sibi
823 826 912 902 dates
936 848 965 901 et
989 839 1090 917 patris
1122 859 1191 904 esse
1221 858 1277 902 con

149 943 249 1008 sessus
273 951 334 1021 est;
361 950 390 1007 et
412 943 584 1007 secundum
608 942 648 1020 id,
672 944 754 1024 quod
778 943 834 1006 ait:
869 948 907 1006 et
942 961 1027 1006 mea
1060 943 1196 1007 omnia
1226 949 1275 1007 tur

149 1055 249 1123 sunt,
285 1054 322 1111 et
346 1055 411 1123 tua
435 1067 525 1119 mea,
550 1047 665 1111 amicos
687 1046 784 1126 patris
808 1065 876 1110 esse
899 1066 953 1110 eos
976 1045 1062 1111 dicit.
1111 1067 1171 1112 non
1193 1045 1275 1111 solnm

148 1158 249 1216 autem
273 1151 331 1231 ipsi
355 1149 547 1215 honorificati
572 1157 652 1224 sunt,
676 1150 845 1214 sedetiam
872 1149 1063 1230 principatus
1089 1170 1197 1216 eorum
1217 1169 1274 1214 con·

148 1254 251 1319 furiati
274 1261 353 1318 sunt.
398 1254 457 1334 ipsi
481 1254 606 1336 quidem
629 1252 879 1329 honorificantur,
903 1273 974 1319 cum
999 1255 1096 1318 amici
1119 1261 1194 1326 snut
1218 1273 1273 1318 curu

97 1387 121 1422 ιο
149 1359 199 1423 die
222 1357 303 1439 pleni
334 1366 414 1432 sunt,
448 1377 517 1422 curn
542 1359 572 1421 in
597 1358 647 1422 his
670 1377 763 1422 nemo
787 1363 842 1423 est.
888 1360 944 1422 sed
967 1359 1162 1439 principatus
1184 1376 1272 1423 aarum

150 1462 368 1539 confortantur,
400 1462 538 1526 ecclesiae
562 1461 679 1526 scilicet
701 1462 740 1525 ab
764 1461 812 1525 his
836 1466 951 1543 coeptae,
987 1461 1027 1525 ab
1062 1461 1114 1527 his
1144 1461 1273 1544 principia
1306 1534 1308 1545 Ι

150 1572 323 1631 sumentes:
369 1586 438 1648 quar
473 1585 566 1648 super
600 1572 718 1646 petram
753 1572 815 1630 toto
857 1565 930 1630 orbe
975 1566 1116 1631 fundatae
1161 1565 1272 1630 fortibus

152 1670 308 1751 principiis
331 1670 540 1734 constiterunt
998 1663 1005 1676 ’

195 1773 245 1838 39.
271 1773 310 1837 Et
333 1780 365 1837 ut
389 1775 428 1839 ad
451 1773 589 1839 ecclesiae
612 1773 740 1856 populos
759 1773 866 1839 referri
881 1774 964 1839 istud
981 1775 1159 1839 necessario
1175 1771 1271 1838 intelle

98 1906 123 1942 η
150 1886 283 1961 geretur,
312 1878 438 1942 adiecit:
474 1878 737 1944 dinumerabo
771 1898 848 1953 eos,
872 1887 909 1943 et
942 1897 1066 1957 super
1100 1878 1269 1942 harenam

149 1982 544 2062 multiplicabuntur.
591 1982 737 2064 numquid
769 2002 915 2046 numerus
946 2001 1052 2045 eorum
1077 1984 1207 2051 incertus
1226 1986 1269 2045 est

150 2087 201 2169 qui
226 2087 256 2149 in
280 2084 357 2150 libro
380 2087 430 2151 dei
446 2086 645 2151 scribuntur?
689 2106 764 2166 ergo
778 2084 861 2150 nulla
872 2090 919 2150 est
930 2085 1098 2150 difficultas
1111 2086 1140 2150 in
1155 2103 1268 2149 uumem.

150 2210 279 2273 qnorum
317 2190 431 2254 ueritas
467 2197 590 2254 maneat
618 2190 796 2271 inscripto.
842 2190 896 2254 sed
930 2189 1025 2273 aliqui
1061 2190 1144 2272 quod
1174 2190 1267 2254 dictum

151 2302 213 2357 est:
238 2314 359 2374 super
382 2292 574 2358 harenam
598 2293 998 2374 multiplicabuntur,
1015 2292 1267 2357 nonadhomincs

99 2422 123 2459 20
151 2405 267 2463 tantum
292 2399 489 2463 referendum
513 2398 775 2475 existimauerunt,
799 2398 871 2481 quia
896 2397 1029 2462 Abrahae
1054 2398 1169 2462 dictum
1191 2405 1266 2460 esset:

151 2509 190 2567 et
223 2502 302 2566 erit
335 2522 471 2566 semen
507 2510 615 2566 tuum
649 2503 755 2566 sicut
790 2500 940 2565 harena
974 2502 1108 2572 maris,
1147 2508 1184 2573 ut
1210 2497 1266 2580 qnia

151 2605 287 2671 Abrahae
321 2625 428 2670 semen
464 2606 542 2669 sicut
575 2604 693 2670 harena
727 2606 821 2670 maris
855 2612 911 2680 est,
945 2607 984 2669 ad
1015 2605 1057 2680 id,
1093 2607 1171 2689 quod
1192 2617 1265 2680 super

151 2709 300 2774 harenam
325 2708 574 2788 multiplicantur,
598 2710 705 2773 amicis
728 2710 777 2773 dei
801 2708 962 2774 multitudo
978 2708 1128 2792 angelioae
1148 2722 1263 2772 numero

151 2814 250 2879 sitatis
275 2815 410 2878 accedat.
455 2832 515 2876 non
540 2814 622 2877 enim
638 2812 728 2877 aliter
743 2814 802 2878 sibi
818 2814 986 2878 conuenire
1009 2814 1116 2878 sicut
1139 2812 1261 2875 harena

99 2953 123 2989 2⁶
151 2919 275 2983 maris
300 2926 331 2982 et
353 2937 474 2996 super
496 2917 685 2982 harenam
703 2919 1033 2999 marisputauerunt.
1051 2918 1109 2982 nisi
1125 2915 1257 2980 hominum

150 3022 338 3087 multitudini
370 3029 645 3086 connumeraretur
674 3022 761 3102 copia
794 3021 984 3105 angelorum.
1030 3024 1087 3087 sed
1108 3040 1160 3085 nos
1179 3016 1259 3081 unius·

150 3126 299 3209 cniusque
323 3127 427 3191 sensui
450 3145 511 3189 non
536 3127 737 3202 contraimus;
762 3126 836 3209 quid
858 3133 962 3191 autem
988 3128 1152 3192 secundum
1167 3123 1257 3186 donum

195 3322 206 3371 1
229 3319 284 3371 loh.
304 3318 361 3383 xv,
382 3319 421 3371 15.
458 3318 557 3371 anuo,
577 3318 713 3385 ranae.
750 3317 988 3384 eioh.xvll,10.
1024 3320 1056 3371 21
1077 3305 1257 3373 eenxnlll·

196 3478 378 3527 lseruucsG
431 3475 623 3526 ane-ilico·
676 3475 775 3526 9cum
787 3473 868 3526 amici
882 3473 938 3525 sint
952 3473 977 3521 (ι’
1032 3477 1066 3527 10
1084 3491 1144 3526 curn
1160 3471 1186 3522 in
1199 3457 1258 3517 hiasi

151 3579 213 3614 curn
240 3562 283 3614 his
303 3562 327 3612 It
383 3564 411 3613 ll
432 3561 467 3614 ab
494 3561 536 3614 his
563 3565 677 3628 coeptae
707 3562 758 3612 GH
785 3561 818 3613 ab
846 3559 912 3628 ipsis
937 3565 1052 3628 coeptae
1077 3561 1105 3611 E
1155 3559 1258 3616 lampat

150 3655 258 3717 petram
279 3648 330 3699 GR
348 3653 552 3714 superterram
571 3649 599 3699 J«)
648 3654 707 3701 tuto
725 3648 792 3701 orbe
813 3647 838 3698 G
856 3652 915 3700 toto
933 3647 962 3698 in
981 3647 1048 3700 orbe
1069 3647 1123 3699 RE
1172 3645 1259 3698 130011·

151 3735 284 3787 stiterunt
310 3736 334 3786 G
357 3734 535 3787 constiterint
555 3734 607 3785 RE
661 3736 692 3787 15
717 3750 763 3786 eos
788 3737 816 3786 et
840 3732 1059 3793 REeaset(m1t
1078 3727 1262 3803 apricantur

151 3819 381 3890 lietscriptacrut)
396 3823 420 3868 (ι’
474 3823 506 3873 16
525 3837 619 3873 eorum
638 3839 685 3871 om.
702 3822 726 3871 G
781 3822 813 3873 l8
831 3819 878 3873 sed
897 3819 983 3887 aliqui
1002 3819 1076 3887 quod
1097 3819 1122 3872 G
1140 3818 1185 3871 sed
1202 3805 1266 3878 aliqui

151 3960 180 4012 id
190 3961 264 4026 qnod
275 3961 313 4011 Iro
323 3960 370 4011 sed
382 3959 408 4011 id
420 3959 516 4025 quode
570 3961 601 4012 19
614 3976 696 4027 super
705 3958 965 4027 harenamGsuper
981 3905 1112 4011 harenall
1164 3911 1270 4025 docimii

151 4049 182 4099 21
203 4049 238 4097 sic
257 4047 293 4096 lla
313 4057 334 4098 el
355 4048 477 4114 reliquiae
498 4048 529 4111 (i,
549 4051 580 4098 ut
599 4046 663 4113 quia
676 4045 802 4098 Abrahae
814 4062 906 4097 semen
919 4045 992 4099 sicut
1004 4045 1108 4098 harena
1120 4046 1204 4099 maris
1217 4037 1275 4097 emb

151 4135 185 4185 28
212 4132 434 4199 multiplicantur
455 4135 505 4185 ‹tl-r
526 4133 786 4200 multiplicabuntur
805 4132 833 4183 E
883 4131 966 4184 amici
983 4133 1009 4184 R
1062 4133 1097 4184 27
1124 4133 1280 4186 contraimus

154 4220 208 4271 Gn
224 4219 411 4271 contrahimus
432 4222 463 4271 ll.
