2790 4844
353 301 535 352 tractatus
553 297 588 350 in
607 296 779 366 psalmum
800 297 920 350 cxxxl.
1148 294 1208 360 681

60 488 248 565 efficientia,
279 490 334 553 sed
366 507 421 570 per
443 488 537 552 finem
574 486 779 552 obseruantiae
813 488 878 552 eius
912 494 1052 553 emortua
1084 488 1209 552 uiduam

60 614 133 658 eam
158 613 236 674 esse,
268 611 335 676 quae
359 613 395 657 or
419 611 580 675 synogoga
603 589 714 656 effecta
737 589 868 656 ecclesio
890 592 938 669 sit,
968 592 1059 656 docet
1088 592 1210 656 dicens:

60 717 111 761 an
148 698 368 782 ignoratis,
407 695 563 761 fratres
595 733 634 742 —
666 695 897 760 scientibus
937 696 1041 760 enim
1079 695 1210 780 legem

59 801 479 884 loquor-‚quoniam
503 798 568 864 lox
591 799 823 864 dominatur
845 798 1008 878 homiui,
1031 800 1069 864 iu
1094 820 1209 883 quan·

60 912 144 969 tum
182 906 380 986 temporis
418 905 545 969 uiuit?
597 922 680 987 quen
715 905 820 968 enim
860 903 931 967 sub
966 904 1113 969 marito
1148 911 1211 970 est
1249 929 1262 969 o

59 1007 216 1085 mulier,
239 1011 331 1073 uiuo
354 1009 501 1073 marito
524 1009 663 1072 uincta
685 1005 746 1073 est
768 1007 861 1091 legi.
900 1007 934 1072 si
958 1014 1090 1073 autem
1114 1027 1209 1072 mor·

60 1120 154 1177 tuns
188 1111 317 1179 fuerit
350 1113 528 1189 maritus,
563 1116 761 1178 euacuata
794 1118 858 1176 est
888 1130 906 1175 a
935 1111 1027 1195 lege
1061 1112 1208 1177 mariti.

59 1236 159 1300 ergo
181 1219 349 1282 uiuente
372 1216 521 1282 marito
555 1215 745 1281 adultera
767 1216 992 1293 uocabitur,
1016 1216 1050 1280 si
1074 1217 1208 1300 iunga-

59 1328 125 1386 tur
162 1321 234 1386 alii
273 1323 367 1386 uiro.
425 1322 459 1385 si
496 1327 629 1385 autern
667 1320 866 1384 moriatur
903 1320 1075 1384 maritus
1112 1321 1208 1395 eius

59 1424 243 1490 liberata
265 1425 475 1509 estolege
499 1445 546 1489 ne
570 1423 758 1489 adultero
781 1429 969 1489 teneatur
992 1425 1208 1489 coniuncta
1237 1450 1261 1487 lo

59 1527 134 1593 alii
172 1530 269 1594 uiro.
315 1529 462 1612 itaque,
498 1530 547 1593 rui
586 1528 749 1603 fratres,
784 1534 822 1592 et
854 1548 923 1592 uos
958 1528 1208 1594 mortificati

58 1633 166 1698 estis
189 1633 272 1717 legi
294 1654 365 1714 per
388 1652 535 1715 corpus
559 1632 733 1698 Christi:
765 1640 805 1695 ut·
828 1641 865 1698 et
887 1633 967 1712 ipsi
991 1633 1086 1697 sitis
1108 1632 1208 1697 alte-

58 1738 152 1813 rius,
192 1738 287 1816 eius,
325 1740 393 1821 qui
431 1757 449 1800 a
486 1738 658 1802 mortuis
696 1737 934 1802 resurrexit.
990 1737 1207 1817 conparatione

58 1841 169 1917 uiduae,
203 1861 273 1924 quae
307 1848 429 1908 mortno
464 1843 577 1905 marito
610 1841 717 1918 libero,
752 1841 864 1924 quibus
897 1840 988 1917 uolet,
1021 1841 1136 1920 nuptiis
1158 1841 1206 1918 sit,

57 1946 222 2010 desinente
252 1946 315 2010 iam
346 1946 416 2029 lage
439 1946 563 2010 uiduam
600 1945 678 2026 lepis
713 1945 877 2009 ecclesiam
912 1964 981 2008 esse
1015 1946 1208 2010 demonstrat
1235 1968 1258 2007 1⁵

58 2048 184 2114 Christo
208 2049 347 2133 legitime
369 2049 582 2130 copulandam.
628 2048 709 2114 hano
732 2069 808 2132 ergo
833 2049 910 2129 legis
934 2050 1061 2113 uiduam
1081 2049 1207 2114 benedi·

55 2155 157 2219 condo
181 2154 353 2219 benedicet.

101 2257 155 2324 25.
181 2257 302 2323 Deinde
337 2259 396 2322 ait:
431 2278 631 2339 pauperes
666 2259 751 2322 eius
789 2257 982 2321 saturabo
1020 2259 1205 2338 panibus.

59 2362 175 2427 bonum
199 2363 300 2426 estin
324 2361 626 2442 ecclesiapauperes
657 2382 716 2426 non
748 2362 880 2427 esurire:
915 2363 996 2445 quia,
1023 2381 1092 2426 cum
1117 2362 1205 2442 inops

55 2467 195 2546 pascitur
229 2475 280 2530 aut
313 2467 421 2532 sitiens
455 2473 576 2547 potatur
609 2471 663 2530 aut
695 2468 795 2531 nudus
826 2468 956 2531 uestitur
986 2471 1039 2530 aut
1061 2466 1204 2530 infirmus
1233 2488 1257 2525 u

54 2565 201 2634 uisitator
222 2578 275 2634 aut
299 2590 421 2636 carcere
445 2569 567 2635 clausos
592 2571 765 2654 requiritur,
790 2576 822 2635 et
844 2569 910 2635 hoec
926 2569 1096 2635 officiorum
1116 2570 1206 2635 obse·

56 2674 129 2756 quia
154 2675 182 2739 ei
206 2674 393 2753 deferuntur,
417 2676 469 2758 qui
493 2677 525 2737 in
549 2675 679 2759 siugulis
702 2675 791 2738 uobis
814 2675 912 2739 esurit
935 2684 965 2738 et
987 2674 1052 2739 sitit
1074 2680 1106 2739 et
1124 2672 1206 2757 alget

55 2786 86 2843 et
110 2776 286 2843 infirmatur
317 2785 348 2843 et
377 2779 530 2844 clauditur
563 2780 677 2861 quique
708 2780 764 2843 ait:
800 2798 922 2854 amen,
958 2779 1047 2842 dico
1080 2779 1204 2850 uobis,

54 2881 1203 2964 qnia‚quaesecistisuniorminimisistis‚mihifecistis.

55 3005 111 3066 per
135 2985 216 3050 hanc
239 3006 314 3071 ergo
349 2987 503 3052 dictorum
536 2989 602 3051 eius
635 2986 761 3051 fidelem
794 2988 1019 3068 professionem
1054 3006 1204 3067 pauperes
1231 3006 1257 3044 a

55 3090 189 3170 panibus
212 3097 336 3156 saturat
383 3097 500 3156 saturat
529 3102 633 3156 autem
656 3098 687 3156 et
709 3112 761 3156 eos
785 3093 925 3173 panibus,
948 3093 999 3175 qui
1024 3111 1080 3173 per
1103 3090 1204 3154 irumi·

55 3192 175 3258 litatem
210 3194 312 3258 cordis
346 3201 619 3279 contemptumque
654 3195 756 3261 saeculi
788 3197 929 3276 seipsos
962 3196 994 3260 in
1024 3199 1203 3277 paupertate

99 3349 215 3404 3Rom.
234 3349 292 3418 VII,
314 3355 326 3406 1
347 3368 386 3418 sq.
423 3353 457 3406 28
475 3351 573 3404 Matth.
593 3351 676 3413 XXV.
694 3354 737 3405 40.

97 3489 285 3557 dquoniaV
334 3490 438 3543 homini
458 3507 492 3544 ex
511 3490 586 3544 homi
604 3510 636 3543 m.
656 3490 676 3543 2
700 3491 858 3544 Vhominis
878 3492 903 3543 R
956 3491 1086 3545 duinota
1104 3491 1204 3544 VRPT

54 3576 182 3629 iunctae
235 3577 355 3631 'isuerit
372 3578 489 3632 maritus
514 3578 538 3631 V
553 3578 639 3631 fuerit
665 3577 710 3631 uir
737 3578 795 3631 eius
814 3579 865 3630 ΡΤ
887 3578 973 3631 suerit
991 3578 1017 3631 R
1070 3584 1202 3631 euacuata

56 3668 98 3715 eut
114 3681 188 3733 supr.
206 3681 256 3716 aer.
277 3665 302 3716 Ρ
352 3667 368 3717 9
393 3664 526 3717 aientem
546 3665 572 3717 R
591 3664 650 3728 (ἐὰν
669 3665 697 3715 di
716 3666 751 3734 of.
771 3667 890 3718 Sobatier
903 3665 957 3731 111,
967 3664 1038 3729 616)
1057 3666 1081 3719 si
1101 3672 1164 3718 ante
1181 3665 1205 3717 V

54 3750 77 3801 ri
95 3766 197 3803 neroe
249 3750 273 3803 ai
293 3751 588 3804 nutam-coniuncta
606 3751 653 3804 alii
672 3751 733 3804 uiro
749 3753 859 3805 om.1‘T
912 3754 943 3806 11
964 3752 1011 3805 alii
1037 3752 1087 3804 VE
1103 3753 1158 3805 alio
1177 3753 1202 3804 R

54 3835 91 3888 rui
110 3835 213 3890 frat-ree
238 3837 312 3890 VRP
327 3839 362 3906 cf.
381 3837 456 3891 Nerae
474 3839 604 3891 Formenl.
624 3838 662 3902 II,
681 3838 736 3892 188
753 3839 808 3891 mei
827 3840 927 3892 fratres
947 3840 972 3890 T
988 3840 1089 3891 fratrea
1107 3839 1162 3892 mei
1175 3840 1204 3891 E

56 3925 87 3977 12
104 3923 164 3992 legi
190 3924 262 3976 VPT
279 3943 310 3977 eu
326 3925 388 3993 lege
407 3942 473 3977 corr.
498 3943 531 3978 m.
552 3926 568 3977 I
586 3926 612 3978 R
666 3928 699 3980 13
717 3926 776 3979 eiua
801 3926 876 3978 t'nr
899 3944 947 3979 om.
967 3926 993 3978 P
1045 3928 1078 3979 14
1096 3926 1201 3994 nuptiis

53 4010 89 4063 sit
114 4010 176 4064 Vre
204 4010 309 4079 nuptiis
335 4012 462 4079 iungitur
490 4013 553 4064 Vre
608 4015 640 4067 19
659 4013 766 4066 esurire
793 4014 871 4065 RPT
896 4031 926 4066 eu
952 4012 1053 4066 esuriri
1077 4031 1110 4066 m.
1135 4011 1156 4066 2
1180 4014 1205 4066 V

51 4099 82 4150 21
104 4096 221 4150 ethaeo
239 4097 392 4152 officiorum
417 4099 550 4166 obsequia
569 4100 594 4153 ei
614 4100 639 4152 R
657 4100 682 4152 ei
708 4100 777 4152 haee
801 4098 957 4153 officiorum
975 4100 1105 4167 obsequia
1125 4101 1204 4152 Pru

50 4185 85 4238 23
103 4201 186 4238 amen
211 4185 260 4238 VR
276 4202 356 4239 amen
375 4201 455 4238 amen
475 4187 553 4238 PTE
603 4189 638 4240 25
656 4187 794 4240 dictorum
817 4187 877 4240 eius
896 4188 1000 4240 RPTE
1016 4187 1153 4242 dictorum
1181 4188 1204 4240 κ’

48 4271 253 4341 prosectionem
269 4272 383 4326 Vnius
394 4273 605 4341 promissionem
619 4292 631 4326 c
684 4291 818 4342 pauperes
829 4275 855 4327 R
868 4291 1004 4343 pauperes
1016 4276 1076 4330 eiua
1092 4276 1200 4328 VPYE.
