2790 4844
148 231 210 295 286
494 232 611 285 saneti
631 232 762 285 Hilarii
782 232 947 301 episcopi

148 429 236 485 tnae:
261 430 298 486 et
320 421 536 486 infirmate
558 431 626 499 est,
650 431 689 487 tu
711 442 806 486 uere
830 422 1050 502 perfecisti
1075 444 1166 489 earn.
1208 425 1291 489 ani·

147 525 269 589 melia
291 535 358 590 tua
380 524 629 591 habitabunt
658 526 696 590 in
728 547 780 605 ea,
810 528 969 610 parasti
998 528 1037 591 in
1067 528 1291 594 dulcedine

148 640 213 694 tua
245 630 426 710 pauperi,
474 629 620 709 prouidus
655 630 737 694 enim
771 630 963 695 uoluntetum
998 632 1074 695 deus
1108 635 1291 716 segregeuit

147 733 350 799 uoluntariam
361 734 497 814 pluniarn
510 735 709 814 presciendo.
755 754 824 817 quae
839 734 965 799 infirme
981 745 1036 812 est,
1052 755 1121 800 curn
1139 737 1290 802 indicium

147 839 178 902 in
202 859 236 903 se
259 838 367 903 merila
390 837 498 903 habuit
523 837 643 915 Paulus,
666 858 737 903 euru
761 838 872 904 Petrus
895 839 1040 905 scandale
1063 841 1164 905 erneis
1187 849 1290 907 motus

148 952 203 1021 est,
226 952 273 1007 ter
295 942 431 1026 deneget
461 943 637 1007 admonitus
667 963 707 1007 ne
737 953 877 1026 negaret,
908 964 980 1008 curn
1010 944 1139 1026 apostoli
1170 946 1289 1022 timent,

147 1046 277 1131 lugiunt,
301 1045 453 1111 diffidunt.
498 1047 554 1110 sed
577 1047 650 1129 qula
672 1047 703 1109 in
726 1045 776 1111 his
800 1048 887 1111 benae
904 1046 1070 1112 uoluntatis
1085 1057 1169 1114 esset
1185 1049 1289 1114 adfec-

148 1160 204 1227 tus,
227 1149 355 1230 perfecti
379 1149 422 1214 ita
444 1158 523 1228 sunt,
547 1159 634 1215 utet
657 1150 858 1216 fundamenta
889 1150 1087 1217 ecclesiarum
1122 1151 1237 1218 fierent
1259 1164 1290 1218 et

148 1254 306 1318 columna.
353 1253 420 1318 haec
442 1274 517 1337 ergo
540 1253 705 1319 hereditati
729 1253 780 1319 dei
804 1254 907 1335 pluuia
929 1266 1121 1341 segregatur.

193 1359 243 1422 11.
269 1356 343 1439 Quae
367 1366 471 1423 autern
492 1357 651 1424 heredites
674 1359 722 1437 sit,
746 1380 805 1423 nen
829 1360 994 1424 obscurum
1017 1371 1072 1437 est,
1104 1381 1141 1425 ea
1163 1360 1289 1438 seilicet

149 1483 217 1545 quae
241 1463 311 1526 deta
335 1471 382 1528 est
404 1463 551 1542 poscenti,
581 1483 650 1527 cunr
682 1463 807 1528 dieitur:
839 1484 958 1543 pesce
989 1485 1095 1541 ame,
1127 1472 1164 1530 et
1188 1465 1289 1531 dabo

149 1566 222 1631 tibi
245 1577 390 1650 gentes
421 1565 840 1632 hereditatemtuam.
887 1578 998 1652 gentes
1022 1569 1125 1652 itaque
1148 1568 1288 1633 animan·

148 1671 223 1735 tinm
246 1677 277 1734 et
299 1690 445 1751 pecorum
468 1671 528 1735 ritn
551 1690 611 1734 nen
637 1670 918 1751 intellegentes-
943 1681 973 1737 et
1002 1673 1081 1750 iden,
1112 1693 1183 1737 cnm
1218 1693 1290 1738 cura

147 1794 293 1854 pecorum
317 1775 375 1838 dee
397 1773 481 1839 nulla
504 1774 551 1849 sit,
573 1773 732 1840 hereditas
748 1775 801 1840 illa
817 1777 847 1840 in
864 1776 922 1841 hac
937 1785 1102 1860 segregata
1117 1776 1291 1842 uoluntaria

147 1877 251 1958 pluuia
274 1888 374 1942 est-
388 1879 417 1941 ln
444 1899 480 1942 ea
496 1877 635 1943 habitare
659 1887 876 1943 monstrantur.
922 1881 1062 1964 sequitur
1085 1881 1184 1944 eninr:
1208 1880 1289 1945 eni·

148 1981 270 2046 melia
293 1981 688 2047 tuahabitabuntin
713 2004 765 2062 ee,
800 1984 957 2067 parasti
991 1985 1030 2047 in
1065 1983 1288 2049 dulcedine

148 2096 213 2151 tue
246 2087 424 2169 pauperi.
471 2086 653 2153 habitabunt
669 2107 743 2171 ergo
759 2087 905 2152 animalia
920 2087 968 2152 nel
992 2089 1023 2151 in
1047 2087 1222 2154 hereditate
1240 2089 1290 2153 dei

150 2190 197 2254 nel
213 2191 244 2254 in
260 2191 361 2272 plnuiu
379 2189 562 2270 uoluntaria3
587 2201 617 2256 et
630 2191 697 2256 hauc
710 2192 740 2255 in
753 2192 917 2257 dulcedine
930 2192 1055 2272 pauperi
1067 2191 1117 2257 uel
1131 2191 1290 2258 hereditas

150 2296 197 2360 uel
220 2295 324 2376 pluuia
347 2305 394 2360 est
416 2305 531 2376 parete.
577 2295 741 2380 eloquia
771 2297 854 2361 enim
885 2297 947 2361 dei
980 2297 1018 2360 in
1052 2305 1291 2363 sanctorum

148 2400 338 2465 faucibus
384 2399 516 2465 dnleie
561 2409 669 2477 sunt,
715 2409 746 2465 et
790 2401 901 2465 beati
947 2409 1040 2466 sunt
1084 2420 1291 2481 pauperes

149 2504 307 2583 spiritu,
331 2504 425 2587 quia
446 2505 625 2585 ipsorum
649 2513 712 2569 est
734 2524 903 2588 regnum
926 2503 1121 2588 caelorum.
1144 2504 1291 2569 animalia

149 2617 252 2673 autem
283 2628 351 2673 curn
384 2619 497 2685 essent,
528 2608 608 2673 facta
639 2617 711 2673 sunt
740 2607 896 2689 spiritalia.
943 2608 1009 2673 huc
1032 2627 1107 2692 ergo
1130 2609 1237 2673 emnia
1259 2611 1291 2674 in

147 2733 238 2776 usum
275 2706 470 2788 hereditatis,
516 2712 565 2778 uel
611 2712 789 2778 uoluntariae
826 2712 937 2792 pluuia¹
976 2713 1181 2777 rnInisterinm
1219 2723 1289 2779 sunt

148 2826 320 2900 segregata.
993 2860 997 2867 -

192 2924 224 2974 ll
242 2922 286 2974 Pe.
305 2921 339 2986 ΙΙ,
358 2924 383 2974 8.
421 2922 483 2974 131
503 2921 563 2974 Cor.
583 2923 650 2988 9,9.
689 2924 721 2974 19
740 2922 782 2973 I'e.
803 2921 923 2985 CXVIII,
953 2924 1008 2975 103,
1044 2921 1195 2974 ‘tondes
1216 2921 1248 2989 V,
1266 2923 1288 2976 3.

191 3010 288 3060 lenm
312 3005 588 3072 Veam÷÷(ercs.
607 3006 690 3074 ln)R
742 3007 806 3061 nin
824 3006 999 3061 dnlcedinem
1017 3004 1058 3072 (ez
1075 3006 1289 3073 dulcitudinem)

146 3100 223 3147 tuam
258 3095 329 3147 V:
347 3114 382 3144 -:-
399 3094 547 3148 dulcedine
573 3099 621 3147 tui
652 3095 678 3146 P
705 3094 880 3147 dulcedinem
904 3100 981 3147 tuam
1005 3094 1057 3146 ΕΤ
1085 3096 1132 3147 scd
1160 3094 1196 3163 cf.
1228 3095 1289 3158 iusr.

145 3180 296 3250 dpauperi
313 3181 347 3235 ds
373 3181 505 3248 prouidus
526 3183 550 3234 It
601 3180 812 3249 4praesciendi
837 3181 861 3234 V
911 3198 980 3249 quac
999 3183 1059 3233 cdd.
1077 3180 1150 3235 aa?
1174 3181 1198 3235 V
1248 3182 1290 3235 in-

145 3266 255 3322 firmate
265 3269 318 3320 ΤΕ
368 3269 496 3322 emotus
515 3265 573 3334 (om.
592 3267 645 3334 eet)
657 3269 695 3321 Te
707 3267 773 3331 fert.
792 3278 859 3321 recte
911 3271 1010 3321 deum
1028 3269 1096 3321 terb
1148 3285 1185 3321 ne
1203 3269 1291 3322 ortuli

145 3360 243 3460 timerit
259 3424 368 3459 carran.
383 3405 432 3458 IP
483 3410 515 3460 10
533 3425 566 3461 ea
583 3409 643 3460 add.
663 3426 695 3459 m.
714 3406 778 3460 ‘lV
830 3407 1059 3476 seilicetzqnne
1070 3408 1095 3459 12
1149 3410 1182 3461 le
1200 3401 1291 3462 ritui

145 3494 339 3561 intellegentes
363 3495 388 3546 V
437 3500 465 3547 et
485 3493 548 3548 ideo
566 3521 600 3530 —
618 3493 713 3562 pluuia
731 3494 819 3547 estin
837 3512 919 3561 marg.
938 3496 998 3547 cdd.
1018 3494 1043 3546 Τ
1096 3499 1130 3547 cd
1147 3512 1221 3564 srrpr.
1240 3513 1291 3551 scr.

146 3598 179 3633 m.
198 3579 218 3633 2
236 3581 262 3633 Ρ
315 3584 346 3634 14
365 3581 400 3634 de
417 3600 489 3650 supr.
507 3599 556 3633 aer.
575 3598 608 3632 m.
627 3579 644 3632 1
662 3581 688 3632 R
706 3597 754 3633 om.
775 3581 799 3632 Τ
852 3582 930 3634 nulla
948 3581 985 3634 sit
1003 3580 1145 3634 heredites
1164 3599 1194 3634 ez
1213 3583 1292 3636 nulla

147 3668 183 3720 eit
191 3666 330 3721 hereditas
340 3667 416 3720 nulle
427 3668 464 3721 sit
472 3667 611 3721 hereditas
621 3686 653 3720 m.
663 3664 683 3718 2
695 3667 721 3721 V
769 3667 819 3720 illa
829 3667 857 3719 iu
868 3667 919 3721 hee
929 3668 966 3720 sit
975 3673 1120 3735 segregata
1129 3667 1168 3720 eit
1178 3685 1249 3722 cerr.
1259 3687 1292 3724 m.

147 3789 166 3840 2
181 3790 205 3843 V
246 3790 403 3844 uoluntaria
411 3789 507 3857 pluuia
517 3790 623 3858 (pluuia
631 3810 702 3860 supr.
711 3808 761 3845 scr.
772 3810 804 3844 rav.
815 3789 845 3854 2)
856 3789 871 3843 ὃ
882 3807 914 3844 ea
924 3790 950 3842 P
957 3788 1114 3844 noluntaria
1123 3789 1258 3856 pluuiaea
1273 3792 1292 3845 V

146 3894 319 3947 uoluntariae
328 3894 471 3962 pluuiaell
502 3879 746 3949 lemonstraturR
777 3899 809 3950 16
819 3895 848 3948 in
858 3894 999 3949 dulcidine
1015 3894 1038 3947 V
1065 3894 1096 3947 17
1103 3903 1164 3963 pest
1173 3898 1292 3963 pauperi

147 3981 222 4032 tuear.
241 3981 274 4034 de
292 3980 388 4034 ualli
441 3984 473 4035 19
492 3981 565 4034 eninr
584 3981 733 4049 eloquiaV
783 3987 941 4034 carnotorum
954 3978 1012 4045 (em.
1031 3977 1096 4045 inlb
1152 3981 1189 4032 20
1199 3980 1292 4038 dulcit

147 4124 213 4171 runt
244 4119 270 4173 V
318 4122 350 4172 21
371 4129 417 4187 qm
445 4120 568 4187 ipserum
587 4121 613 4172 R
664 4123 699 4173 22
723 4137 786 4172 cum
813 4138 861 4173 om.
887 4120 911 4173 V
941 4120 994 4173 -23
1021 4075 1177 4199 ministrari}
1196 4120 1224 4173 V
1240 4119 1292 4188 (sec

144 4216 234 4274 postea
251 4207 279 4258 in
297 4208 380 4259 uerbis
398 4207 509 4274 pluniae
528 4234 562 4243 —
581 4213 645 4260 sunt
663 4210 767 4276 ditlcpr.
785 4209 893 4277 repitita'e
910 4203 1116 4271 ministerium).
