2790 4844
146 260 211 327 214
485 262 602 316 sancti
627 262 762 316 Hilarii
787 263 948 331 episcopi

191 450 220 516 8.
245 450 306 516 Sed
328 451 416 515 radix
438 452 572 516 maxime
594 452 790 536 iniquitatum
819 452 848 516 in
873 454 1011 533 pecuniae
1033 454 1201 535 cupiditate
1225 474 1257 521 es

146 574 240 639 quam
264 555 316 639 qui
346 555 471 636 adpetit
502 555 696 639 grauissimae
720 557 915 637 tempestatis
938 556 1099 642 naufragio
1122 566 1257 644 mergetr

145 659 284 743 sequitur
321 659 421 724 enim:
466 657 596 724 nolite
634 679 801 740 sperare
838 661 876 725 in
915 660 1142 744 iniquitate
1180 671 1219 728 et
1251 665 1257 730 i

125 763 314 845 ¹rapinas
352 762 481 829 nolite
518 763 823 845 concupiscere.
883 764 1040 829 diuitiae
1076 767 1110 831 si
1147 765 1257 833 iluen

106 893 119 929 a
148 866 277 933 nolite
300 887 368 933 cor
390 868 606 950 adponere.
651 887 775 951 magnae
799 868 936 933 enimin
961 867 1010 934 bis
1033 869 1179 936 desiderii
1196 872 1244 937 sui

146 972 260 1037 amoris
289 971 453 1037 inlecebrae
487 977 574 1037 sunt:
620 972 742 1052 rapiunt
771 972 898 1056 ingenie
926 978 1110 1057 mentesque
1141 975 1256 1055 peudul

146 1073 392 1157 adprehendunt
438 1095 498 1140 non
530 1074 628 1141 solum
668 1077 771 1159 itaque
803 1095 863 1140 non
897 1077 1150 1158 concupiscendae
1184 1097 1257 1145 earn

146 1179 262 1261 rapinae
285 1184 364 1255 sunt,
386 1199 494 1246 uerum
518 1179 556 1245 ab
575 1178 625 1245 bis
647 1178 790 1245 uoluntas
806 1186 920 1257 nostra,
945 1181 1038 1247 etiem
1054 1182 1079 1246 si
1095 1182 1257 1262 praebeant

148 1282 312 1368 fluantque,
335 1283 498 1349 referenda
520 1289 577 1362 est,
599 1302 638 1348 ne
668 1284 852 1349 desiderate
883 1286 1055 1368 cupitaeque
1086 1286 1257 1352 dominanti

96 1412 121 1447 ιο
148 1408 208 1453 non
232 1388 315 1454 enim
341 1387 407 1453 haeo
429 1389 542 1469 spebus
565 1387 678 1452 nostris
702 1388 781 1453 bone
800 1397 872 1453 sunt
888 1396 1047 1466 ooaeterna
1070 1409 1170 1473 neque
1186 1391 1257 1457 nobi

149 1511 220 1558 cum
241 1499 296 1557 aut
318 1491 570 1558 condescendunt
592 1491 623 1555 in
654 1491 809 1557 infernum
840 1501 894 1556 ant
922 1500 1148 1577 conresurgunt
1177 1495 1217 1560 de
1247 1495 1257 1560 i

151 1596 246 1661 terno.
292 1593 379 1675 fides,
410 1596 516 1680 pietas,
547 1595 743 1673 continentia,
774 1596 949 1680 benignitas
980 1598 1153 1677 expetenda
1174 1605 1231 1677 eat,

150 1699 285 1765 maxime
308 1699 357 1764 dei
381 1700 514 1783 cognitio
538 1700 686 1765 secunde
717 1704 773 1764 est.
819 1705 955 1765 ceterum
986 1699 1054 1766 heac
1082 1720 1162 1766 uana
1185 1707 1257 1787 etp

150 1808 294 1868 naturam
332 1804 377 1867 sui
419 1803 457 1867 ad
503 1823 627 1870 ornnem
665 1803 860 1885 iniquitatum
900 1805 1118 1870 necessitatem
1155 1806 1257 1887 captio

100 1928 124 1966 u
152 1907 277 1971 uitanda
299 1913 378 1972 sunt.

195 2095 226 2161 9.
250 2096 290 2162 lit
323 2097 406 2180 quod
439 2096 512 2162 illud
547 2099 649 2183 magis
680 2099 720 2162 ad
750 2118 837 2179 spem
871 2101 1051 2165 aeternitatis
1085 2102 1257 2182 expetendo

152 2205 243 2278 esset,
273 2199 423 2284 propbeta
446 2203 576 2266 subiecit
598 2202 720 2268 dicens:
751 2202 877 2268 semel
907 2202 1065 2270 locutus
1094 2211 1156 2270 est
1189 2207 1257 2272 deu

153 2305 227 2369 duo
267 2304 348 2370 baec
385 2305 530 2382 audiui,
570 2306 664 2389 quia
700 2311 888 2389 potestas
926 2308 989 2372 dei
1028 2313 1096 2385 est
1135 2313 1175 2374 et
1208 2310 1257 2376 til

153 2409 320 2487 domine,
358 2409 656 2489 misericordie,
694 2412 789 2494 quie
822 2418 861 2476 tu
894 2412 1034 2477 reddis
1071 2412 1257 2498 unicuiqr

102 2536 126 2570 2⁰
154 2515 371 2579 secundum
403 2533 525 2595 opera
555 2516 649 2580 eins.
694 2514 792 2580 semel
824 2516 881 2581 deo
911 2513 1054 2599 loquente
1078 2517 1137 2581 duo
1161 2518 1257 2584 audin

154 2624 184 2683 et
206 2638 333 2683 necessa
356 2627 402 2684 est
432 2638 468 2683 aa
497 2618 556 2683 sibi
587 2638 656 2684 esse
686 2638 809 2698 conexa,
841 2639 910 2703 queo
940 2619 996 2684 sub
1027 2620 1116 2684 unius
1139 2639 1257 2687 sormor

154 2721 379 2807 significatione
401 2727 473 2788 sunt
495 2723 627 2806 cognita.
673 2724 712 2787 ed
736 2725 828 2788 doum
844 2743 980 2807 nemque
996 2724 1026 2787 in
1043 2724 1169 2790 exordio
1184 2725 1257 2806 psal

153 2826 366 2908 propheticam
388 2827 612 2892 confessionem
635 2827 782 2893 retulerat
805 2828 928 2894 dicens:
959 2847 1089 2892 nonne
1113 2828 1188 2893 deo
1211 2849 1257 2895 sn

155 2932 242 2995 dita
264 2932 345 2996 erit
366 2932 497 2996 anima
520 2931 626 2997 mea?
649 2933 696 2997 ab
719 2933 807 3012 ipso
831 2932 934 2997 euim
958 2930 1249 2999 salutaremeu

103 3053 129 3089 re
156 3034 354 3115 depellendus
377 3035 480 3119 itaquo
503 3035 641 3100 absolute
664 3035 723 3100 fuit
745 3035 878 3101 Iudaicas
902 3035 1068 3117 impietatis
1087 3035 1186 3101 furor:
1209 3043 1247 3104 ut

157 3139 214 3204 deo
237 3145 323 3219 patre
346 3138 514 3223 significari
538 3140 697 3204 doceretur
726 3144 757 3204 et
786 3138 875 3217 filius,
906 3147 939 3205 ut
961 3159 1042 3205 nunc
1064 3140 1096 3203 in
1118 3160 1180 3205 uno
1203 3143 1257 3207 etis

200 3383 407 3450 itempeatatie
434 3401 464 3435 ea
490 3386 668 3448 tempestates
687 3380 712 3431 R
763 3382 899 3450 mergitur
926 3381 970 3446 (er
995 3385 1138 3450 mergetur
1157 3383 1194 3448 P)
1223 3383 1257 3436 Pl

156 3471 221 3524 'det
238 3487 286 3521 coe
310 3469 335 3523 V
383 3468 443 3523 dai
470 3467 585 3522 affluant
603 3469 643 3522 Re
695 3470 830 3537 dmegna
848 3468 937 3522 Pom.
961 3468 987 3523 V
1036 3467 1139 3523 etenim
1166 3487 1198 3523 cr
1224 3487 1257 3524 en

158 3573 190 3609 m.
219 3557 235 3608 I
262 3553 295 3622 (l)
327 3556 351 3609 V
407 3557 436 3610 in
463 3555 540 3610 bisce
567 3556 594 3607 E
645 3556 836 3623 timentisque
867 3555 901 3609 V¹
955 3554 1219 3625 'ladpraehendunt
1250 3555 1257 3610 1

157 3641 356 3696 9relreuanda
374 3643 464 3696 eetTe
516 3641 681 3711 cupitaeque
698 3661 729 3696 er
746 3641 953 3710 cupiditateque
965 3640 1070 3696 m.2V
1119 3642 1257 3697 dominent

158 3748 187 3783 ee·
205 3730 383 3783 dominantur
410 3729 500 3782 Pom.
527 3730 551 3783 V
602 3731 636 3782 lo
652 3728 797 3798 speciebus
816 3729 842 3781 P
892 3733 1055 3784 coaeternae
1077 3729 1103 3783 V
1116 3730 1257 3784 aeteruai

158 3833 248 3885 neque
272 3816 415 3870 nobiscum
439 3835 469 3870 ec
492 3833 580 3884 neque
604 3816 747 3884 neqiacnm
766 3817 791 3869 R
815 3832 869 3885 que
895 3818 1039 3870 nobiscum
1062 3816 1088 3870 V
1138 3817 1170 3869 12
1189 3814 1253 3871 fidis

158 3904 330 3985 benigneitaa
348 3921 415 3957 corr.
435 3922 467 3956 m.
487 3903 542 3957 lV
592 3902 763 3971 expectanda
781 3907 823 3957 est
841 3903 867 3955 P
920 3904 950 3956 17
968 3906 1040 3958 estet
1053 3903 1079 3957 V
1129 3904 1163 3958 18
1179 3902 1257 3957 baeer

162 4009 194 4062 19
212 4008 310 4061 reddes
329 4008 433 4061 RPTE
482 4009 518 4063 20
535 4006 629 4061 audiet
647 4006 672 4055 lt
724 4009 759 4060 22
777 4005 979 4072 significatione
997 4026 1027 4061 er
1045 4005 1257 4077 significationes

160 4093 264 4201 add}
277 4149 302 4200 l’
352 4149 386 4201 23
403 4146 565 4216 prophetica
590 4145 734 4214 (profetica
757 4143 815 4211 VR)
843 4145 1013 4200 consessione
1037 4144 1137 4200 VRP'I'
1189 4147 1257 4201 2bo

160 4233 341 4303 depellendus
360 4252 425 4288 erue
444 4236 545 4287 uidetur
563 4233 597 4287 da
615 4233 641 4286 R
693 4227 802 4302 itaqV
852 4232 993 4287 absolutae
1011 4231 1059 4286 VR
1110 4231 1257 4290 iudaeicee
