2790 4844
353 310 535 358 tractatus
558 305 592 356 in
611 305 783 373 psalmum
802 303 974 358 CXXXVIII.
1172 304 1234 368 773

86 495 239 575 spiritalis
262 496 370 579 gratia
394 495 590 569 senserimus
622 494 691 559 sine
711 495 893 577 cuiusquam
915 493 1102 558 contumelia
1124 501 1236 559 tracta·

87 599 207 663 bimus.

132 703 187 767 40.
211 703 441 767 Promissiones
464 705 540 768 duae
564 702 702 767 Abrahae
732 703 826 768 fuisse
850 703 882 767 in
905 701 1018 767 Genesi
1053 703 1232 783 accipimus.

86 827 186 872 unam
225 813 295 871 ante
333 806 445 872 Ismael
490 807 723 890 generationem
762 806 819 872 deo
865 806 1000 871 dicente:
1046 807 1234 889 quoniam

86 931 245 976 ornnem
269 922 428 988 terram,
452 931 568 995 quam
602 917 641 975 tu
675 911 800 987 uides,
831 910 907 974 tihi
942 911 1043 975 dabo
1076 930 1162 975 eam
1195 917 1234 975 et
1274 936 1287 973 a

86 1015 238 1080 semini
263 1021 328 1078 tuo
351 1015 390 1078 in
413 1024 604 1080 aeternum
628 1015 831 1080 etfaciam
854 1034 988 1079 semen
1013 1021 1119 1079 tuum
1143 1020 1234 1078 tam·

86 1139 208 1203 quarn
231 1117 418 1183 harenam
454 1120 585 1183 maris.
630 1119 664 1183 si
698 1125 836 1198 potest
870 1118 960 1202 quis
995 1138 1234 1183 enumerare

84 1222 282 1287 harenam
308 1223 440 1299 maris,
464 1225 520 1287 ita
543 1233 580 1288 et
603 1242 738 1288 semen
764 1231 873 1288 tuum
897 1222 1234 1300 dinumerabitur,

86 1334 162 1391 nato
197 1347 271 1391 uero
305 1327 394 1392 Isaac
428 1334 459 1391 et
492 1327 523 1391 in
554 1325 781 1400 holocaustum,
817 1326 968 1409 quantum
1001 1328 1041 1392 ad
1072 1326 1234 1391 Abraham

85 1438 219 1512 spectat,
255 1430 357 1495 oblato
392 1430 460 1496 haec
493 1451 627 1514 sequens
661 1431 860 1511 repromissio
896 1431 967 1495 luit:
1000 1431 1084 1495 nisi
1119 1432 1234 1496 bene·
1262 1455 1287 1491 ιο

85 1535 233 1599 diceus
268 1534 505 1600 benedicam
541 1534 616 1599 tibi
651 1541 689 1599 et
722 1534 1008 1615 multipIIcane
1041 1534 1233 1615 multipli-

85 1641 189 1705 cabo
236 1659 372 1704 semen
418 1649 524 1704 tuum
570 1643 680 1705 sicut
721 1639 871 1704 stellas
909 1638 998 1704 caeli
1051 1646 1089 1704 et
1126 1640 1235 1704 sicut

86 1742 292 1819 harenam,
327 1763 411 1827 quae
447 1751 508 1809 est
541 1746 587 1809 ad
622 1757 731 1807 oram
765 1743 899 1808 maris.
943 1749 974 1808 el
1005 1743 1030 1809 si
1065 1745 1234 1808 secundum

85 1846 264 1928 apostolum
294 1846 363 1912 haec
387 1849 447 1912 duo
471 1854 656 1912 testamenta
686 1854 765 1924 sunt,
796 1867 892 1911 unum
926 1849 1095 1912 secundum
1119 1846 1234 1912 Ismael

85 1953 120 2016 in
143 1955 326 2017 seruItutem
360 1971 524 2034 generans,
557 1950 640 2015 aliud
675 1953 846 2017 secundum
870 1951 959 2016 Isaac
992 1953 1024 2016 in
1058 1951 1233 2017 libertatem
1263 1973 1287 2010 n

85 2056 199 2120 matris
222 2064 336 2120 nostrae
360 2055 565 2133 Hierusalem,
604 2076 673 2138 quae
708 2056 740 2120 in
763 2056 846 2121 caelis
881 2063 936 2133 est,
972 2059 1114 2133 educens,
1139 2057 1234 2120 duum

85 2179 221 2225 necesse
245 2167 292 2225 est
314 2161 467 2225 seminum
493 2161 521 2224 in
546 2160 645 2225 stellis
669 2169 699 2225 et
720 2160 751 2224 in
777 2159 904 2224 harenis
931 2161 1134 2225 numerositas
1157 2180 1233 2240 prae

86 2266 217 2331 dicetur.
264 2285 338 2348 crgo
361 2265 452 2329 amici
477 2265 527 2330 dei
550 2285 644 2345 super
678 2264 828 2330 harenam
862 2265 958 2329 maris
991 2265 1232 2330 dinumerantur.

86 2368 157 2453 quis
182 2368 266 2432 enirn
293 2369 438 2452 ambiget,
461 2369 631 2433 secundum
656 2367 817 2434 ecclesiam
832 2374 896 2432 toto
907 2369 938 2431 in
951 2368 1025 2432 orbe
1037 2387 1231 2433 numerosam

86 2473 319 2537 multitudinem
351 2472 454 2556 gentis
478 2472 590 2538 Iudaeae
614 2472 701 2554 copia
723 2473 753 2535 in
778 2470 901 2537 Christo
932 2473 1123 2537 credentium
1155 2490 1231 2551 prae·
1260 2490 1285 2528 n

86 2575 213 2641 ueniri?
269 2583 362 2660 atque
401 2577 471 2642 ideo
510 2597 602 2656 super
643 2576 792 2641 harenam
830 2575 1122 2657 multiplicabuntur,
1160 2575 1233 2658 quia

88 2681 278 2761 copiosiores
300 2679 350 2743 his
373 2690 470 2757 erunt,
487 2681 545 2763 .qui
570 2700 606 2745 ex
630 2679 709 2764 legis
732 2680 827 2760 impio
850 2680 961 2761 populo
977 2681 1092 2746 terreni
1108 2687 1138 2744 et
1153 2679 1232 2744 aridi

87 2784 305 2867 significantur
329 2783 361 2847 in
387 2783 521 2849 harenis.

130 2889 184 2952 41.
210 2887 332 2953 Dehinc
356 2888 509 2972 sequitur:
534 2889 750 2953 exsurrexi
774 2895 809 2952 ot
831 2886 962 2953 adhuc
985 2894 1114 2953 tecum
1139 2908 1231 2953 sum.

90 2993 249 3057 surrexi
287 2994 326 3058 ad
364 2993 598 3058 resurrectionis
636 2991 766 3077 gloriam
804 2999 930 3073 spectat
969 2991 1025 3057 sed
1063 2992 1229 3057 secundum
1260 3011 1284 3047 n

90 3096 316 3178 praescientiam
339 3096 389 3161 dei
412 3097 453 3173 id,
478 3099 561 3179 quod
585 3096 721 3161 futurum
756 3104 810 3173 est
846 3103 1006 3180 tamquam
1040 3097 1232 3177 prateritum

92 3198 231 3283 loquitur.
251 3200 323 3283 quia
343 3201 401 3266 deo
424 3201 463 3265 ob
480 3201 642 3265 scientiam
662 3207 754 3284 atque
773 3202 927 3284 ulrtutam,
948 3221 1016 3285 quae
1034 3201 1136 3265 lutura
1151 3207 1230 3279 sunt,

91 3302 169 3369 heta
185 3318 263 3380 sunt,
281 3314 313 3368 ut
326 3305 419 3369 etiam
436 3304 616 3384 nosmetipsi
637 3304 718 3369 santa
730 3324 800 3369 esse
813 3305 1034 3381 existimamus,
1046 3324 1115 3387 qua
1131 3304 1231 3370 lutura

130 3481 148 3531 4
165 3477 233 3531 Gen.
251 3477 325 3544 XIII,
345 3479 378 3530 lh
396 3494 436 3545 eq.
474 3479 507 3530 10
525 3477 593 3530 Gen.
611 3478 697 3544 XXII,
717 3480 757 3530 17.
796 3480 828 3531 14
846 3477 905 3531 Gal.
924 3477 970 3543 IV,
988 3480 1031 3531 24.

129 3619 147 3668 4
165 3621 229 3669 ante
250 3615 317 3668 GRh
336 3633 384 3668 cm.
404 3634 417 3668 c
470 3615 567 3669 ismael
588 3616 628 3668 Gh
646 3614 762 3668 ismahel
781 3616 807 3669 R
825 3615 965 3670 ismahelis
984 3616 1037 3679 (his
1051 3614 1231 3683 mahelisate

91 3703 216 3770 quoniam
238 3702 264 3754 G
282 3702 347 3770 quia
366 3703 420 3754 RE
473 3705 504 3756 lu
523 3702 557 3755 ad
584 3719 634 3755 cra
658 3704 683 3755 R
738 3705 770 3755 14
788 3703 884 3756 ismael
914 3703 940 3754 G
966 3702 1082 3757 ismahel
1101 3704 1127 3757 R
1144 3705 1231 3757 Isma-

90 3786 177 3843 helem
196 3790 224 3841 E
277 3792 309 3843 16
328 3789 412 3843 duum
432 3790 473 3842 Rc
492 3789 557 3842 dum
576 3809 595 3838 α
649 3791 681 3840 17
700 3789 729 3842 in
748 3788 838 3843 stellis
857 3790 912 3843 RE
935 3790 965 3843 in
989 3790 1067 3843 eidiis
1086 3790 1119 3856 (I)
1141 3790 1166 3842 G
1184 3789 1231 3852 (en

89 3874 116 3929 in
142 3876 279 3930 sideribus
287 3876 311 3939 l)
366 3879 398 3930 19
417 3876 540 3944 ambiget
567 3877 593 3928 n
619 3877 761 3945 ambiges*
782 3877 807 3928 G
834 3876 958 3946 ambigat
976 3877 1004 3928 E
1054 3877 1184 3932 eclesiam
1205 3877 1231 3931 G

88 3964 122 4016 20
139 3962 236 4017 iudane
265 3963 291 4016 R
350 3964 381 4016 21
403 3964 492 4030 adque
513 3964 538 4015 G
591 3962 653 4016 ideo
682 3981 729 4015 om.
759 3964 803 4015 G?
864 3965 898 4016 24
916 3963 1017 4018 dehinc
1046 3965 1071 4017 G
1097 3964 1161 4018 dein
1192 3965 1230 4018 Rc

88 4047 151 4103 hinc
174 4068 188 4103 c
267 4049 412 4104 exsurrexi
441 4049 466 4101 G
493 4054 521 4103 et
548 4051 657 4103 surrexi
685 4051 729 4102 na
757 4051 864 4103 surrexi
891 4070 903 4102 a
981 4053 1015 4105 25
1042 4056 1150 4119 spectat
1177 4053 1232 4104 RE

87 4194 215 4257 expectat
229 4189 254 4241 G
307 4188 414 4242 sedem.
428 4189 480 4241 GR
523 4190 557 4243 26
566 4147 768 4257 praescientiam
782 4191 807 4242 G
819 4137 1029 4258 pra'eedntiemlt
1081 4193 1116 4244 ll'l
1135 4148 1229 4259 qh‘G)

86 4276 122 4329 do
141 4276 174 4328 G.
214 4318 220 4329 .
