2790 4844
404 263 586 309 tractatus
610 257 645 309 iu
671 257 842 326 psalmum
869 257 939 311 XIV.
1203 258 1244 323 93

95 464 171 508 nou
194 448 359 527 accepit-
381 448 581 512 aduersus
612 432 820 527 prosimos
843 468 947 512 suos.
991 450 1038 512 ad
1069 447 1244 512 nihilum

97 550 295 615 deductus
318 560 381 616 est
404 551 441 614 iu
465 551 1024 636 eonspectneiusmalignus.
1048 560 1244 631 nouoportet

98 652 305 719 humilitatem
321 675 425 720 carere
442 657 620 732 constantia,
637 663 667 720 et
684 656 809 721 libertas
826 657 875 720 dei
893 677 912 720 a
927 656 1016 721 nobis
1031 656 1063 719 iu
1088 676 1131 734 eo,
1148 676 1243 739 quam

99 759 239 823 omnibus
264 758 423 840 debemus,
447 761 593 825 seruitute
617 761 777 825 retinenda
800 767 854 832 est,
879 780 918 824 ne
941 761 980 824 ad
1003 760 1174 840 potentium
1197 761 1243 825 iu·

103 870 186 940 petus
208 871 389 940 terreamur,
417 884 454 928 ue
477 866 517 929 ad
548 864 760 929 moliuolornm
791 864 918 928 arbitria
947 865 1103 929 cedamus.
1149 864 1242 928 inter·
1282 894 1295 930 a

104 966 171 1029 dum
195 967 278 1031 enim
313 968 408 1031 etiam
439 969 564 1052 regibus
594 969 700 1052 iniqua
731 969 928 1048 poscentibus
959 969 1039 1048 turpi
1069 967 1242 1032 adulatione

106 1067 281 1134 famulamur
304 1078 334 1135 et
357 1071 440 1135 uitiis
463 1071 571 1136 alienis
594 1073 788 1138 consulentiae
816 1078 928 1136 nostrae
952 1071 1131 1135 infirmitate
1155 1070 1241 1136 blau-

111 1172 208 1239 dimur.
252 1195 327 1258 ergo
351 1176 378 1239 si
400 1177 462 1239 iam
486 1176 516 1238 in
541 1177 732 1256 professione
755 1176 925 1260 iniquitatis
955 1176 1120 1255 abruperit,
1154 1181 1188 1239 ut
1209 1176 1241 1239 iu

112 1278 383 1360 uersuexplicatur:
407 1280 453 1342 ad
476 1279 652 1344 nihilum
669 1280 1002 1346 dedtretusesliu
1019 1288 1241 1358 conspeetu

117 1380 187 1445 eius
218 1382 430 1466 malignus
454 1391 572 1463 oportet
595 1385 682 1449 istius
706 1386 789 1476 modi
814 1384 973 1448 homiuem
996 1385 1077 1465 apud
1100 1403 1156 1448 nos
1179 1402 1240 1447 nou
1268 1411 1293 1448 ιο

119 1482 231 1564 alicuius
254 1487 309 1553 sed
330 1486 443 1551 nullius
474 1508 542 1552 esse
571 1489 684 1566 iudicii,
716 1497 749 1553 ut
779 1490 819 1553 sit
849 1488 938 1552 uobis
968 1487 1077 1564 nullus,
1100 1486 1239 1564 abolitus,

121 1585 306 1671 interemptus.
354 1593 502 1672 spiritalia
525 1593 608 1658 euim
632 1600 816 1657 tractantem
840 1600 870 1657 et
895 1591 1029 1657 calestia
1044 1598 1240 1656 contuentem

124 1689 190 1756 decet
208 1693 349 1760 hnmana
383 1697 528 1780 nequitia
559 1698 718 1777 despicere
749 1705 907 1762 momenta
929 1703 960 1760 et
982 1697 1085 1760 auimo
1115 1695 1239 1761 sublimi

125 1804 146 1856 et
169 1798 275 1864 excelso
306 1801 480 1865 istiusmodi
504 1800 720 1866 maliuoleut-iae
751 1801 919 1879 hominem,
950 1810 1108 1884 tamquam
1138 1799 1238 1865 nullus

126 1908 159 1960 Sll.
178 1903 292 1981 opinari,
1267 1931 1290 1965 m

159 2039 196 2103 13.
217 2042 276 2108 Sed
307 2044 555 2127 inagnitndinem
586 2045 658 2108 lidei
693 2052 804 2109 nostra
836 2045 964 2107 nimium
996 2043 1073 2107 sorte
1103 2043 1238 2107 erexisse

127 2143 244 2221 lmphata
276 2148 425 2211 aduersus
462 2148 583 2231 iniquos
622 2148 811 2212 indicabitur.
858 2148 913 2213 sed
951 2148 1154 2228 spectandum
1181 2152 1236 2224 est,

126 2245 180 2323 quid
197 2261 352 2335 sequatur:
376 2252 423 2315 ad
447 2251 620 2317 nihilum
644 2252 843 2317 deductus
868 2258 930 2316 est
951 2252 990 2315 iu
1013 2257 1238 2332 conspeetu

126 2346 188 2415 eins
207 2355 425 2440 malignus:
449 2357 645 2421 timentes
668 2363 800 2420 autem
824 2355 1026 2420 domiuum
1049 2355 1238 2439 magnili-

125 2461 177 2516 eat
195 2479 271 2542 ergo,
296 2471 329 2523 ut
352 2461 419 2524 sine
443 2480 580 2539 persona
603 2460 783 2540 exceptione
808 2458 907 2523 nullus
931 2460 1030 2535 nobis
1054 2460 1106 2542 qui
1126 2458 1236 2543 malig-
1263 2481 1288 2519 ro

124 2571 167 2618 ssus
184 2575 230 2630 ost
253 2564 346 2629 debet
369 2583 446 2641 esse,
469 2565 511 2629 ita
534 2573 564 2628 et
586 2564 653 2629 sine
684 2563 862 2643 exceptione
886 2583 1025 2643 persouae
1049 2564 1159 2634 omnis,
1184 2564 1235 2646 qni

124 2657 251 2731 dominum
286 2669 401 2735 timeat.
426 2667 621 2733 honorandus
656 2674 710 2733 est.
757 2688 817 2732 non
851 2688 907 2732 uos
938 2675 1060 2732 moueat
1090 2668 1237 2731 innocens

123 2779 218 2845 lltper,
239 2792 299 2837 nou
322 2772 461 2836 ieiunans
484 2792 569 2848 anus,
595 2791 654 2836 non
678 2792 785 2837 seruus
808 2771 919 2845 fidelis,
943 2791 1002 2835 nou
1023 2770 1182 2836 confidens
1205 2772 1235 2834 iu

122 2867 229 2938 molesia
250 2875 439 2941 habitatione
462 2877 653 2959 peregrinae,
684 2878 740 2941 sed
771 2896 878 2940 omnes
909 2876 974 2956 pari
1005 2875 1116 2940 iudicio
1150 2895 1236 2940 reue·

122 2985 226 3055 reamur,
240 2991 272 3044 ut
287 2979 357 3045 talis
373 2981 413 3045 sit
428 2981 457 3044 in
475 3001 590 3059 eornm,
615 2982 668 3063 qui
683 2981 793 3046 timent
804 2981 972 3058 dominum,
987 2980 1235 3063 magnificatione
1263 2999 1288 3039 a

121 3070 257 3235 {nomilites
296 3085 396 3169 qualis
434 3105 503 3150 esse
541 3085 635 3150 debet
672 3085 701 3148 in
741 3083 818 3148 nihil
855 3085 1046 3148 aestimandis
1084 3083 1235 3148 maliuolis

131 3175 227 3250 ibertus

156 3391 354 3450 lacerantium
386 3397 410 3449 V
460 3398 567 3452 ineam
599 3399 622 3450 V
671 3401 689 3452 4
713 3416 747 3450 ne
773 3425 805 3433 -
831 3403 985 3451 terreamur
1003 3399 1030 3448 in
1049 3414 1130 3464 rrrurp.
1149 3415 1234 3466 super.

121 3473 264 3536 “dl-W
296 3484 558 3538 dmeleuoloromlt
594 3484 802 3538 deliumrebV
842 3484 1069 3552 8iuiquitatiz—2s
1086 3483 1239 3550 (suiteslV

121 3573 236 3648 *limitent
245 3588 283 3641 itu
292 3595 324 3642 ut
336 3588 409 3649 Viuo
420 3588 449 3640 iu
459 3589 656 3657 professionem
664 3589 681 3642 i.
692 3589 844 3658 eruperit?)
882 3591 914 3642 10
923 3563 1058 3643 hominem
1066 3607 1133 3641 corr.
1141 3587 1202 3641 na?
1215 3587 1238 3640 V

124 3661 149 3712 ll
164 3669 201 3721 ted
216 3675 314 3728 nullius
334 3703 367 3711 -
387 3682 418 3728 ut
435 3678 461 3728 iu
481 3694 562 3743 error-p.
588 3677 664 3739 inser.
689 3678 750 3730 odd.
775 3694 807 3729 m.
832 3675 852 3728 2
875 3676 900 3729 V
949 3676 986 3729 sit
1004 3696 1034 3729 er
1052 3676 1099 3729 sed
1119 3673 1190 3728 m.2
1214 3674 1238 3726 V

122 3747 278 3814 nullorumlt
332 3766 365 3817 12
380 3769 408 3816 et
422 3763 550 3817 caelestia
563 3763 636 3817 euim
646 3769 824 3816 contuentem
833 3781 899 3816 corr.
911 3762 1013 3816 mer
1065 3766 1096 3818 13
1111 3762 1190 3816 decet
1207 3766 1235 3815 et

122 3830 230 3926 hemmae
252 3849 274 3900 V
324 3849 436 3902 sublimi
462 3858 490 3903 et
514 3869 544 3903 ex
562 3832 694 3904 sublimet
711 3854 740 3902 et
759 3849 878 3903 m.2V
929 3848 1235 3902 recommemorata

123 3928 211 3988 m‘lutto
219 3936 317 3989 nullius
327 3936 436 4005 opinari
446 3937 471 3989 R
526 3940 559 3991 18
574 3937 641 4004 quid
649 3956 706 4007 sap.
717 3939 761 3991 lia.
771 3954 788 3989 a
798 3955 829 3988 m.
841 3936 861 3987 ἑ)
875 3936 900 3988 V
912 3979 915 3984 .
934 3939 966 3989 19
979 3937 1051 4018 esino
1061 3954 1127 3988 corr.
1139 3955 1170 4016 aa
1185 3936 1198 3987 1
1214 3937 1238 3989 V

123 4039 203 4100 ‘llll'
242 4058 339 4126 loqui
358 4058 473 4126 erquid
493 4059 517 4110 lt
576 4061 608 4113 21
628 4059 717 4111 omnis
736 4075 877 4112 eromnes
896 4061 967 4112 aa?
992 4060 1015 4111 V
1067 4022 1237 4112 22deumV

123 4125 270 4197 &musa
339 4147 373 4199 24
397 4161 575 4198 reuersumur
598 4163 627 4198 ex
652 4162 843 4199 reruereemur
867 4164 899 4198 ιιι.
921 4146 934 4197 Ι
960 4146 983 4198 V
1050 4147 1085 4199 25
1112 4151 1143 4198 ut
1170 4146 1234 4199 tulis

123 4212 273 4295 situata
292 4232 355 4286 aris
374 4232 535 4286 aeream
554 4235 614 4298 (om.
633 4233 769 4296 occsio
793 4233 818 4284 V
868 4231 914 4284 aa
940 4231 967 4287 V.
