2790 4844
187 235 283 300 XXII
491 238 677 291 Addenda
704 244 741 291 et
768 238 1022 305 corrigenda.

187 385 245 511 E13⁸5,
264 448 297 500 27
316 446 467 499 notandum
486 446 599 499 uidetur
616 462 660 498 me
679 463 733 498 non
751 449 856 498 temere
875 447 959 499 eliam
972 446 1001 499 in
1013 447 1113 499 uocula
1133 450 1162 498 id
1179 453 1243 499 ante
1263 450 1334 516 qaod

291 533 444 586 omittenda
463 533 598 600 optimum
612 533 714 585 librum
727 532 886 587 Gomnibua
900 532 961 585 aliie
973 534 1109 598 neglectis
1123 550 1181 586 ease
1194 540 1331 600 aeeutnm,

291 637 353 673 oum
372 621 454 673 talem
474 620 645 688 pronominis
668 619 888 686 demonstralini,
917 619 990 687 quod
1017 620 1193 687 grammatici
1218 627 1331 686 nocant,

290 707 560 774 praetermissionem
579 706 686 759 Hilario
709 706 781 758 haud
800 723 863 759 raro
882 706 1047 760 familiarem
1064 707 1149 759 luisse
1168 707 1236 760 alibi
1256 714 1331 761 cete·

292 812 386 847 rorum
405 811 514 862 quoque
533 810 669 847 consensu
688 793 878 859 confirmetnr3
904 794 938 847 af.
956 812 983 860 p.
1003 796 1061 861 232,
1081 797 1110 849 6;
1136 796 1196 861 342,
1214 798 1245 860 8;
1269 797 1332 847 343·

294 883 340 947 193
359 884 418 946 850,
437 885 467 947 63
487 884 546 948 772,
566 884 599 935 18
617 881 677 935 eim.

188 970 247 1034 736,
269 971 298 1021 ll
318 968 346 1020 in
365 969 428 1021 adn.
447 969 533 1022 uerba
556 979 601 1021 aa!
618 971 641 1020 ai
659 986 675 1021 a
693 968 872 1036 sequentibus
899 969 988 1036 spatio
1016 968 1136 1034 quodam
1164 968 1332 1035 interposito

292 1054 475 1121 ‹liainngenda
494 1060 566 1107 aunt.

187 1145 246 1207 786,
268 1144 298 1193 17
316 1141 368 1194 hoa
379 1142 462 1194 etiam
473 1141 535 1194 loeo
553 1141 656 1194 codicia
668 1142 819 1209 Gneatigia
834 1159 879 1195 me
898 1147 1022 1195 aeonium
1048 1159 1107 1195 ease
1121 1141 1168 1193 uix
1183 1141 1332 1195 miraberis

299 1228 401 1281 sibene
419 1228 512 1280 omnia
531 1228 740 1282 examinanerie.
777 1229 849 1295 qnod
868 1231 915 1281 bac
939 1228 1032 1293 (simul
1057 1228 1168 1281 auditur
1193 1228 1333 1280 ablatione

292 1313 449 1383 diapsalma)
486 1331 520 1367 ex
544 1333 574 1366 aa
613 1316 729 1382 restitui,
757 1316 876 1383 simplex
903 1316 1059 1369 emendatio
1096 1323 1138 1368 est
1166 1315 1269 1367 erroris
1300 1315 1330 1367 in

290 1401 391 1453 nostrie
410 1401 489 1454 libris
501 1401 694 1470 uolgatimimi,
713 1402 747 1455 ef.
764 1404 848 1455 baad.
859 1421 884 1471 p.
903 1406 951 1467 27;
972 1420 1021 1456 aur
1032 1403 1141 1456 librarii
1151 1402 1332 1470 posteriores.

290 1487 338 1554 qni
355 1487 384 1539 in
403 1487 633 1555 praecedentibus
652 1506 702 1556 pro
718 1489 841 1556 geneliui
860 1490 948 1542 lor-ma
958 1491 1123 1560 diapsalmae
1142 1506 1158 1541 a
1177 1489 1200 1540 G
1218 1495 1332 1541 seruata

291 1578 373 1640 atque
408 1574 481 1641 apud
510 1574 648 1628 Hilarium
675 1575 783 1644 saepius
811 1576 913 1629 usitata
945 1576 989 1641 (af.
1024 1576 1094 1629 Abh.
1122 1574 1168 1641 IV,
1202 1577 1247 1632 56)
1275 1575 1332 1627 iam

292 1662 433 1724 diapsalmi
450 1660 494 1714 nel
511 1663 690 1732 diapsalmatis
700 1663 874 1729 inuenerunt,
893 1662 963 1716 illud
982 1681 1013 1715 ae
1031 1661 1107 1727 (licre)
1127 1662 1334 1715 automieerint

296 1751 344 1799 aut
362 1747 391 1799 in
409 1767 436 1799 ae
454 1750 491 1799 ad
507 1749 685 1815 mutauerinb,
705 1747 785 1802 facile
803 1749 953 1816 unicuique
971 1749 1086 1817 patebit.

188 1836 247 1897 835,
268 1836 279 1886 l
300 1833 328 1886 in
347 1834 409 1887 adn.
429 1840 491 1901 post
509 1837 675 1904 optrleatioria
693 1836 747 1888 RE
763 1836 846 1889 adde:
868 1839 902 1903 cs.
917 1840 1007 1906 praes.
1023 1856 1049 1906 p.
1069 1836 1139 1888 XVI.
