2790 4844
387 269 567 318 tractatus
585 265 621 318 in
640 266 809 334 psalmum
829 266 907 319 CXL.

489 450 673 535 PSdeiUS
701 452 789 534 CXL.

463 591 650 657 Psalmus
674 592 813 657 Dauid.

110 711 285 789 Domine,
309 711 483 777 clamaui
506 714 553 777 ud
575 720 620 790 te,
645 715 790 779 exaudi
822 735 894 780 me:
929 715 1097 780 intende
1119 717 1210 780 uoci

60 817 272 880 orationis
297 836 396 894 mese,
420 818 506 881 dum
530 816 712 882 elamabo
736 818 782 882 ad
805 825 843 883 ta
867 825 898 884 et
920 818 1048 902 reliquo.

111 938 140 1001 1.
164 936 309 1002 Omnium
344 945 518 1003 sanctorum
551 938 652 1004 fidelis
686 941 782 1004 oratio
817 939 933 1005 clamor
956 948 1003 1005 ast
1037 941 1111 1020 deo;
1146 941 1208 1007 fide
1247 972 1260 1008 a

60 1043 149 1107 enim
174 1044 212 1106 ad
236 1062 314 1120 eum,
339 1063 398 1106 uon
432 1043 517 1107 uocis
551 1041 685 1108 clamore
719 1044 877 1109 clamatur.
923 1044 1051 1129 Moyses
1073 1045 1209 1110 instante

60 1147 293 1230 Aegyptiorum
318 1167 392 1230 rege
417 1153 544 1211 maestus
567 1148 666 1212 stabat
696 1147 728 1211 in
759 1147 875 1227 littore;
910 1150 966 1214 sed
996 1155 1116 1214 tacente
1139 1148 1210 1214 licet

59 1270 101 1315 eo
126 1248 256 1315 excelsae
279 1250 390 1314 mentis
414 1250 538 1315 fidelem
563 1251 734 1316 orationem
766 1253 909 1316 dominus
938 1252 1057 1317 audiuit
1086 1253 1208 1317 dicens:

61 1354 162 1438 qnid
185 1353 413 1435 proclamas
447 1356 494 1419 ud
519 1355 598 1420 me?
642 1361 814 1439 martyrum
838 1375 960 1440 quoque
984 1357 1111 1440 sanguis
1133 1377 1208 1422 uoce

60 1459 202 1541 corporis
218 1463 317 1536 caret3
341 1460 397 1523 sed
421 1458 590 1542 indignitas
614 1458 699 1524 necis
723 1479 829 1525 eorum
853 1462 910 1525 deo
930 1457 1048 1525 clamor
1071 1467 1119 1526 ost
1140 1461 1207 1541 ipso
1235 1490 1260 1527 ιο

60 1563 190 1628 domino
213 1563 251 1626 de
275 1562 356 1627 Abel
380 1564 419 1627 ad
443 1561 519 1627 Cain
542 1563 678 1628 dicente:
712 1584 786 1627 uox
815 1564 1032 1648 sanguinis
1063 1564 1207 1629 fratris

60 1667 122 1730 tui
157 1665 304 1731 clamat
338 1669 385 1732 ad
418 1686 483 1732 me.
529 1667 573 1731 sic
597 1673 627 1731 et
649 1668 706 1732 sub
729 1688 783 1732 ara
813 1668 864 1733 dai
895 1673 1065 1753 martyrum
1095 1669 1207 1733 animae

59 1769 253 1852 proclamare
299 1771 475 1836 scribuntur
521 1791 635 1855 magna
679 1791 753 1836 uoce
797 1771 952 1837 dicentes:
999 1792 1207 1856 quousque

61 1875 250 1939 domiuus
285 1881 451 1940 sanctus
475 1881 513 1940 et
535 1895 656 1940 uerus
679 1895 753 1939 non
777 1875 936 1940 iudicas
961 1883 998 1941 et
1021 1876 1207 1942 uindices

61 1979 306 2062 sanguinem
331 1985 511 2044 nostrum
536 1982 582 2044 de
613 1978 902 2044 habitantibus
932 1981 971 2043 in
1002 1980 1136 2046 terra?
1180 1981 1206 2045 si
1235 2010 1259 2048 a

60 2082 158 2167 igitur
192 2103 251 2146 nou
287 2082 417 2147 humilia
450 2103 507 2148 nec
542 2090 665 2148 terrena
697 2103 755 2148 nec
789 2084 959 2164 corporalia
992 2082 1065 2150 fidei
1099 2085 1206 2165 spiritu

59 2206 194 2262 oremus
218 2194 325 2252 tacens
359 2186 431 2252 licet
453 2190 548 2253 oratio
574 2194 677 2252 nostra
700 2190 756 2253 deo
780 2187 898 2252 clamor
920 2200 975 2252 est.
1021 2194 1113 2273 utque
1136 2189 1206 2253 idao

59 2289 214 2371 propheta
235 2296 317 2356 totus
341 2292 379 2355 ad
404 2293 497 2356 deum
531 2292 640 2372 spiritu
674 2291 819 2356 orationis
853 2292 988 2356 intentus
1022 2292 1064 2357 ita
1098 2292 1205 2372 eoepit:

61 2394 224 2459 domine
258 2393 430 2460 alamani
465 2398 512 2461 ad
547 2403 592 2472 te,
628 2395 771 2459 exaudi
803 2415 868 2460 me.
915 2401 947 2460 et
976 2401 1009 2460 ut
1039 2395 1205 2461 clamorem

59 2499 154 2562 istum
189 2519 250 2564 nou
286 2499 377 2575 uocis,
410 2502 467 2564 sed
500 2499 573 2565 fidei
608 2500 732 2565 doceret
761 2519 839 2577 esse,
874 2500 1000 2564 adiecit:
1036 2501 1204 2565 intende
1232 2525 1257 2564 20

60 2603 149 2667 uoci
185 2603 389 2667 orationis
424 2622 530 2681 meae,
570 2606 656 2669 dum
691 2603 875 2668 clamabo
909 2605 955 2667 ad
990 2611 1035 2669 te.
1089 2603 1207 2668 clamor

59 2707 154 2771 etiam
179 2707 284 2771 inuitis
307 2707 396 2771 nobis
419 2707 613 2788 penetratio
638 2708 775 2772 auditum
799 2727 835 2772 ac
857 2727 891 2772 so
913 2713 1024 2787 sponte
1053 2708 1085 2772 in
1116 2727 1205 2773 aures

58 2817 182 2874 nostras
205 2811 235 2875 ui
259 2817 409 2875 contentae
432 2810 516 2875 uocis
539 2811 675 2875 inmittit.
722 2813 778 2876 sed
802 2811 875 2895 quia
897 2803 1049 2892 propheta
1071 2832 1132 2875 non
1152 2811 1206 2876 tali

58 2913 195 2979 clamore
226 2915 347 2990 clamat,
379 2921 452 2991 orat,
484 2926 516 2979 nt
539 2913 692 2980 clamante
715 2935 750 2980 sa
774 2916 850 2980 deus
873 2915 904 2978 in
927 2934 1034 2981 uocem
1058 2915 1205 2980 orationis

57 3019 218 3084 intendat:
253 3020 363 3099 perid
386 3039 529 3102 namque,
564 3020 645 3103 quod
667 3020 843 3098 intenditur,
877 3019 951 3084 fidei
974 3020 1125 3101 inspectio
1149 3027 1204 3089 est,
1231 3041 1257 3079 aa

55 3142 123 3187 non
146 3121 290 3188 clamoris
314 3123 436 3188 auditio.
482 3123 514 3187 id
548 3123 639 3199 enim,
665 3124 747 3207 quod
781 3123 909 3188 interius
932 3130 988 3200 est,
1018 3124 1202 3188 intenditur:

55 3233 199 3292 ceterum
223 3226 389 3292 clamorem
423 3225 612 3308 corporalem
647 3227 766 3292 intendi
800 3247 860 3291 non
895 3247 1025 3293 necesse
1059 3233 1114 3304 est,
1149 3249 1204 3309 per

53 3331 262 3412 semetipsum
285 3350 410 3396 omnem
433 3350 560 3395 sensum
583 3331 703 3395 aurium
726 3337 937 3412 occupantem.

104 3435 136 3498 2.
160 3433 281 3500 Dehinc
303 3435 457 3518 sequitur:
492 3435 701 3519 dirigatur
734 3435 863 3500 oratio
893 3455 975 3500 mea
1009 3435 1117 3500 sicut
1150 3435 1204 3498 iu·

53 3559 224 3606 censum
259 3539 296 3602 in
332 3545 556 3619 conspectu
590 3546 663 3615 tuo,
698 3539 866 3604 domine.
913 3559 1043 3622 quorum
1067 3559 1142 3619 pura
1172 3545 1204 3605 et
1230 3562 1255 3598 ao

50 3649 152 3713 recta¹
169 3649 199 3707 et
222 3642 351 3708 sinceris
375 3643 472 3722 oratio
507 3653 562 3722 est,
597 3642 629 3706 hi
663 3649 807 3723 poterunt
841 3643 960 3708 dicore:
996 3643 1204 3728 dirigatur

48 3746 192 3815 oratio
224 3766 324 3825 maa;
359 3753 494 3811 ceterum
518 3747 544 3810 si
568 3736 764 3812 externarum
786 3746 1004 3831 cogitationum
1029 3747 1202 3812 interuentu

98 3931 225 3985 9Exod.
244 3931 316 3999 XIV,
338 3933 377 3985 15.
415 3934 445 3985 ll
467 3930 658 3999 Gen.1v,10.
697 3933 831 3999 13Apoc.
851 3930 897 3997 VI,
917 3933 957 3984 10.

97 4069 273 4123 40rati0nis
299 4071 322 4122 d.
351 4071 368 4122 i.
395 4086 443 4122 om.
472 4070 496 4121 R
550 4086 612 4122 cum
640 4068 796 4122 clamauero
823 4071 845 4121 d.
871 4070 887 4121 1.
914 4070 939 4121 R
964 4071 1010 4122 aed
1035 4071 1069 4138 cf.
1095 4071 1139 4123 lin.
1165 4070 1202 4123 :21

43 4162 84 4215 17
107 4157 237 4224 aeques
289 4159 325 4210 23
343 4156 579 4210 suicontentaeR
631 4158 664 4208 29
684 4155 793 4209 domine
812 4155 987 4223 dirigaturE
1038 4158 1073 4210 30
1091 4157 1201 4211 domine

40 4249 70 4301 h.
92 4245 114 4298 1.
136 4261 185 4295 om.
204 4243 233 4295 E
282 4245 316 4297 31
336 4250 363 4296 et
382 4242 497 4296 sinceris
516 4243 556 4296 Re
574 4243 713 4296 sincerat
767 4242 860 4296 dicere
878 4247 1010 4311 poterunt
1029 4243 1062 4296 Ε.
