2790 4844
149 255 211 322 166
493 256 607 310 sancti
633 255 763 310 Hilarii
787 256 943 325 episcopi

149 468 219 513 cero
242 448 404 528 redempte
427 447 458 510 in
482 445 605 511 Christo
629 446 677 524 sit,
701 457 735 510 ut
758 453 907 528 resurgat,
938 452 968 511 et
990 465 1113 511 omnem
1136 447 1290 513 adsistere

148 558 218 617 unte
241 550 374 616 tribunal
398 551 463 616 eius
487 569 613 616 necesse
636 551 684 626 sit,
718 569 778 614 non
813 560 916 614 temen
950 550 1093 614 omnibus
1126 548 1225 634 glorie
1259 558 1292 615 et

149 654 246 721 honor
268 662 317 721 est
338 657 529 737 promiscuus
553 655 747 738 resurgendi.
793 653 904 737 quibus
927 673 1001 738 ergo
1036 661 1152 719 tantum
1188 674 1292 720 resur·

149 760 252 837 rectio,
276 780 335 824 non
360 760 453 824 etiem
477 759 642 824 demutatio
666 765 713 824 est
735 758 858 835 tribute,
881 757 914 822 hi
929 757 1086 823 selueutur
1101 759 1130 822 in
1146 757 1290 823 nihilum.

111 865 180 929 sin
204 864 250 928 ira
272 864 355 929 enim
379 865 569 930 deducentur
602 862 635 926 hi
667 863 780 944 popuii,
815 862 926 947 quibus
960 864 1000 927 ed
1034 882 1132 943 poenae
1163 883 1291 928 sensum

149 967 230 1033 solus
260 969 495 1034 resurrectionis
529 976 576 1034 est
611 968 790 1044 constitute3
814 989 832 1031 e
855 986 915 1050 que
948 968 994 1030 ire
1025 968 1200 1048 eripiendos
1235 987 1292 1032 nos

148 1071 303 1154 apostolus
326 1071 485 1154 pollicetur
508 1073 630 1137 dicens:
665 1072 849 1156 quonium
882 1071 924 1150 si,
947 1091 1029 1136 cum
1053 1070 1181 1136 adhuc
1204 1091 1291 1153 pec-

148 1184 311 1242 catores
334 1197 525 1254 essemus,
550 1175 740 1242 Christus
763 1196 832 1257 pro
855 1175 972 1240 nobis
1006 1185 1186 1241 mortuus
1219 1184 1289 1250 est

149 1280 424 1365 multomagis
448 1280 677 1346 iustificati
701 1281 737 1344 in
762 1280 963 1364 sanguiue
993 1281 1080 1344 eius
1110 1279 1290 1345 seiuebi-

97 1412 122 1448 lo
150 1405 232 1449 mur
264 1405 335 1466 per
369 1405 451 1450 eum
487 1386 533 1451 eb
557 1386 624 1448 ire.
669 1405 724 1467 pro
747 1383 957 1465 peccatoribus
980 1384 1073 1468 igitur
1096 1386 1135 1448 ed
1159 1384 1290 1449 sulutem

148 1489 379 1554 resurrectionis
414 1496 461 1555 est
495 1497 640 1568 mortuus,
673 1489 729 1554 sed
764 1488 971 1554 sanctificatos
994 1490 1025 1552 in
1049 1488 1201 1572 sunguine
1235 1509 1291 1553 suo

149 1592 281 1658 seluebit
304 1595 344 1663 ab
365 1592 419 1658 ire

192 1696 220 1761 8.
245 1697 386 1782 Denique
409 1717 464 1778 pro
487 1696 582 1762 nihilo
606 1698 725 1779 populis
748 1697 873 1762 seiuetis
889 1707 920 1762 et
935 1698 965 1761 in
983 1697 1029 1762 ire
1044 1698 1186 1762 deductis
1202 1718 1292 1779 spem

149 1802 219 1866 uitae
243 1821 305 1866 sure
329 1815 453 1866 sanctus
476 1800 526 1867 hic
558 1803 677 1867 nuntiet
711 1803 832 1867 dicens:
868 1804 973 1879 deus,
1007 1802 1130 1866 uitem
1166 1821 1292 1866 meam

98 1928 123 1963 rs
150 1906 336 1970 nuntieui
360 1906 449 1985 tibi,
472 1907 649 1987 posuisti
674 1905 867 1971 lacrimas
891 1906 1292 1987 meesincenspectu

148 2016 219 2087 tuo,
250 2009 357 2075 sicut
386 2010 424 2073 in
460 2011 733 2091 promissione
757 2018 830 2075 tue.
878 2011 990 2094 dignus
1013 2011 1217 2090 promissione
1242 2012 1292 2075 dei

148 2119 195 2179 est
227 2115 265 2180 cb
300 2115 505 2179 constantium
539 2115 728 2196 praedicendi
752 2123 783 2179 et
804 2115 843 2180 ob
877 2115 1021 2179 meritum
1055 2134 1114 2178 non
1149 2117 1293 2193 incendi;

149 2217 285 2283 lecrimae
307 2219 389 2283 enim
413 2240 485 2296 suen,
520 2238 595 2302 quus
629 2218 679 2283 uel
708 2240 763 2300 pro
792 2239 826 2283 se
848 2218 1000 2301 prophete
1033 2218 1082 2283 uel
1115 2238 1172 2298 pro
1204 2220 1295 2284 nobis

149 2321 290 2386 dominus
312 2321 456 2402 profudit,
480 2323 510 2385 iu
535 2323 585 2387 dei
608 2330 679 2387 sunt
712 2333 884 2402 conspectu,
919 2322 1073 2406 legatione
1107 2342 1216 2387 earum
1252 2325 1293 2388 ed

98 2446 122 2483 πο
149 2426 326 2503 obtinendo,
350 2445 419 2510 qum
442 2429 518 2491 deus
540 2427 689 2507 promisit,
713 2447 831 2492 usurus.

193 2529 221 2594 9.
246 2529 307 2595 Sed
330 2551 364 2596 se
386 2532 516 2615 gretiam
540 2538 664 2596 aeternae
697 2531 909 2611 promissionis
932 2531 1044 2595 inituro
1074 2530 1194 2595 inimici
1227 2533 1294 2597 eius

149 2640 367 2699 conuertentur
389 2640 564 2712 retrorsum,
587 2640 629 2713 ut,
654 2656 712 2719 quo
728 2638 757 2699 in
782 2636 824 2699 ire
850 2636 1081 2713 deducerentur,
1102 2637 1293 2700 ostenderet

149 2738 180 2802 id
197 2739 449 2823 enimsequitur:
473 2746 769 2804 conuertentur
792 2740 946 2804 inimici
964 2739 1288 2809 meiretrorsum.

150 2843 187 2907 in
211 2862 459 2927 quecumque
490 2843 554 2908 die
578 2845 823 2909 inuocauero
848 2851 893 2909 te.
937 2842 988 2907 illo
1011 2843 1103 2908 deum
1127 2843 1287 2909 innocente

98 2963 123 3002 π
151 2946 192 3011 illi
217 2967 261 3024 eo,
285 2948 367 3013 unde
382 2948 595 3029 processerint,
619 2953 850 3014 conuertentur:
875 2949 1047 3013 deducente
1063 2966 1115 3012 eos
1133 2948 1185 3013 dei
1202 2949 1248 3012 ire
1262 2959 1287 3013 et

150 3057 306 3132 resumpto
330 3052 499 3132 adpones
522 3071 649 3133 corpore
675 3053 837 3132 puniendo.

196 3155 244 3219 10.
271 3154 333 3220 Sed
355 3155 416 3220 illis
439 3157 478 3219 ed
502 3158 702 3221 aeternitetem
727 3176 825 3237 ponnae
855 3157 886 3220 iu
910 3156 1062 3221 infernum
1097 3162 1168 3236 post
1191 3176 1288 3221 resur·

150 3260 314 3324 rectionem
339 3261 471 3325 reuersis
505 3259 556 3325 hic
579 3261 680 3325 officio
702 3261 916 3346 gratulationis
950 3281 1013 3325 snae
1037 3260 1185 3343 iungitur,
1221 3262 1290 3325 dum

151 3364 208 3427 eit:
244 3382 337 3429 ecce
360 3365 541 3448 cognoui,
573 3365 665 3448 quie
699 3365 795 3429 deus
831 3385 939 3430 meus
962 3385 1002 3430 es
1026 3370 1073 3441 tu,
1096 3364 1195 3428 etin
1220 3365 1290 3430 deo

195 3541 210 3591 7
231 3538 307 3591 Rom.
327 3539 359 3606 V,
378 3541 402 3592 8.

195 3696 310 3747 dneces
340 3695 376 3747 sit
406 3696 432 3747 R
493 3694 630 3748 3honore
659 3696 685 3747 P
743 3695 818 3748 chii
845 3696 896 3749 BT
957 3696 1062 3749 dirum
1093 3693 1116 3742 Τ
1176 3697 1217 3749 hii
1247 3699 1297 3753 ΒΤ

152 3780 252 3833 9iueti
278 3782 339 3834 i'I'e
394 3785 425 3834 13
444 3783 513 3864 irem
533 3784 557 3833 Τ
612 3786 644 3836 14
661 3783 775 3835 nunciat
800 3784 850 3834 ΒΤ
905 3785 936 3836 18
954 3800 1004 3851 pro
1023 3799 1051 3834 se
1070 3781 1179 3850 profete
1199 3784 1224 3836 R
1247 3803 1297 3855 per

153 3902 181 3938 se
205 3885 371 3952 prophetae
440 3888 475 3940 20
498 3886 648 3954 optinenda
667 3887 719 3939 ΒΡ
787 3887 953 3939 iuesurusii
1021 3887 1299 3954 clangentium?

153 3971 225 4024 ituro
238 3972 304 4023 1Ἵά
357 3974 435 4025 mut
447 3972 485 4040 qd
499 3973 525 4024 P
574 3973 603 4026 in
615 3973 657 4026 iri.
669 3974 719 4025 ΗΡ
768 3974 803 4027 23
813 3978 1011 4027 conuertuntur
1021 3992 1050 4026 ec
1060 3980 1299 4032 conuertenturli

153 4063 349 4112 conuertuntur
368 4060 405 4112 Pe
456 4062 490 4113 25
503 4060 669 4113 deducentes
680 4057 715 4111 Ρι
725 4060 886 4113 deducentis
896 4056 958 4112 ΡΤ
1009 4061 1043 4114 26
1061 4060 1205 4128 puniendo
1218 4064 1243 4116 R
1256 4065 1301 4127 (de

153 4146 203 4198 act.
228 4148 336 4215 peruod.
363 4164 419 4199 oum
443 4149 538 4216 partic.
562 4165 649 4217 prees.
676 4148 807 4199 cuniurcto
834 4146 866 4210 es.
896 4146 1016 4215 Drceym·
1052 4150 1123 4215 Spin.
1158 4150 1198 4217 II,
1229 4151 1300 4221 849)

153 4233 306 4302 puniendos
327 4233 377 4285 PE
392 4233 525 4303 puniendi
544 4234 568 4285 T
620 4234 653 4287 ‘27
671 4250 758 4301 poene
783 4235 807 4286 it
859 4237 893 4288 28
911 4231 1029 4315 officicio
1049 4234 1080 4287 Τ.
