2790 4844
361 277 541 324 tractatus
559 271 594 323 in
612 273 785 339 psalmum
805 270 925 324 cxvlrr.
1151 269 1213 334 427

71 461 148 525 uidit
172 480 231 524 nee
253 461 335 524 auris
359 461 476 525 audiuit
499 480 555 526 nee
578 461 610 524 in
634 480 685 524 eor
710 461 842 525 hominis
867 462 1012 537 aseendit,
1042 468 1076 525 ut
1102 461 1214 526 uideat.

71 567 129 628 seit
159 564 347 629 inuisibilem
380 585 449 629 esse
480 565 653 630 carnalibus
684 565 779 630 oeulis
804 565 934 649 gloriam
958 565 1017 630 dei.
1064 564 1215 643 meminit,

69 689 132 733 non
156 669 225 734 dieo
249 669 288 733 ad
311 668 489 752 angolorum
515 668 669 734 claritates
693 668 751 734 hor
780 669 923 734 humanae
953 670 1080 734 uisionis
1110 668 1216 735 lumen

70 773 220 845 hebetari,
238 773 293 837 sed
308 773 408 852 ipsam
425 771 556 850 gloriam
572 772 675 838 uultus
694 773 796 858 Moysi
812 772 938 863 humani
955 774 1092 853 corporis
1111 771 1216 837 oeulos

69 898 132 942 non
157 876 272 942 tulisse.
1256 903 1269 940 a

115 982 144 1045 8.
170 981 233 1046 Sed
256 1001 312 1045 nos
336 1001 372 1046 ex
395 981 558 1046 desideriis
583 981 725 1046 humanis
748 981 907 1062 propheta
931 982 1086 1046 desideria
1109 982 1215 1046 metia

69 1106 151 1149 arur.
198 1086 236 1148 ad
275 1106 421 1169 egressus
458 1105 567 1170 regum
607 1098 722 1168 quiante
756 1087 976 1167 expectationis
1011 1085 1216 1151 sollieitudine

69 1190 206 1254 ourritur
229 1197 260 1254 et
277 1190 358 1273 quod
389 1190 566 1254 uidentibus
597 1191 744 1274 gaudium
777 1203 833 1257 est.
864 1211 935 1254 oum
966 1210 999 1254 se
1030 1190 1218 1274 praebuerint

68 1294 279 1359 mutuandas!
326 1295 398 1376 quid
423 1293 506 1358 illum
532 1292 663 1360 calestia
687 1295 812 1374 spiritus
832 1314 979 1374 eapaoem
995 1295 1095 1358 uirum
1113 1293 1217 1359 existi·

67 1399 226 1463 metimus
242 1396 343 1464 uelle'.>
368 1406 481 1481 quanto
497 1399 642 1464 desiderii
665 1400 774 1463 ardore
798 1417 919 1479 cupere,
934 1406 967 1463 ut
990 1399 1082 1463 deum
1102 1406 1214 1475 cernat,
1244 1421 1269 1458 10
1315 1418 1327 1433 ‘

70 1503 126 1584 qui
161 1504 261 1582 ipsam
296 1502 380 1566 illam
416 1501 602 1567 inuisibilem
638 1504 831 1567 maiestatem
866 1523 921 1583 per
955 1501 1012 1567 has
1035 1502 1218 1587 angelorum

69 1605 230 1671 olaritates
254 1616 285 1671 et·
308 1606 465 1686 perhanc
490 1607 591 1690 Moysi
615 1605 746 1690 gloriam
780 1608 924 1672 metiatur
955 1613 986 1672 et
1016 1607 1094 1671 sciat
1123 1608 1217 1671 etiarn

72 1729 136 1785 eos,
161 1711 211 1794 qui
237 1711 323 1794 digni
348 1720 418 1775 sunt
441 1720 608 1791 conspeetu
632 1713 691 1789 dei,
715 1711 844 1795 gloriam
869 1733 906 1776 ex
929 1717 1095 1792 conspeetu
1112 1710 1219 1794 glorie

73 1833 146 1877 esse
169 1825 353 1895 sumpturos,
378 1815 457 1897 quod
481 1835 534 1880 eos
557 1816 634 1879 nisio
659 1821 780 1880 tantum
796 1823 827 1880 et
843 1816 982 1900 dignatio
1003 1813 1219 1896 contemplatae

73 1920 247 1984 maiestatis
282 1918 467 1984 inluminet?
512 1922 594 2002 quod
625 1927 748 1984 sanetus
778 1920 932 2000 apostrdus
963 1921 1006 1984 ita
1034 1919 1219 2003 intellegens
1247 1939 1272 1977 ιι

72 2017 225 2103 loquitur:
260 2042 338 2095 nos,
373 2024 478 2106 inquit,
512 2044 649 2088 omnes
683 2022 868 2089 reuelata
904 2025 1011 2088 faeie
1046 2022 1221 2108 gloriam

76 2121 142 2190 dei
165 2138 434 2208 expectantes
466 2129 502 2192 in
533 2131 701 2193 eandem
724 2130 851 2209 ipsam
876 2130 1222 2193 transl'eremura

75 2226 214 2302 gloria
246 2231 282 2294 in
314 2231 497 2315 gloriam,
529 2232 637 2297 siout
661 2254 679 2296 a
702 2233 853 2296 domini
878 2233 1039 2312 spiritu.
1084 2241 1116 2297 et
1138 2251 1221 2297 nune

71 2333 150 2404 ‘luia
173 2336 204 2400 id
229 2334 407 2416 inpossibile
439 2336 506 2401 istis
537 2337 672 2417 eorporis
703 2335 798 2401 oeulis
829 2338 906 2401 solat
936 2357 1013 2414 esse,
1045 2344 1107 2402 toto
1137 2337 1220 2402 istud

66 2441 171 2503 eorde
205 2441 371 2504 desiderat.
417 2449 447 2504 et
477 2441 525 2504 oui
556 2450 603 2504 est
633 2441 731 2520 portio
765 2444 849 2515 deus,
880 2442 1072 2505 confidenter
1106 2440 1220 2505 faeiem
1249 2457 1274 2495 a

61 2530 144 2606 elus
167 2546 365 2624 depreeatur:
397 2544 476 2627 quia
508 2545 651 2627 quamuis
674 2564 765 2608 nemo
794 2544 957 2609 hominum
980 2545 1084 2609 uideat
1109 2544 1221 2608 faeiem

58 2631 120 2702 ‘lei
154 2657 183 2711 et
216 2649 310 2717 uiuet,
345 2657 447 2713 tamen
483 2651 575 2713 deum
606 2668 714 2712 omnes
745 2652 860 2714 mundo
891 2652 983 2714 eorde
1013 2649 1108 2713 uisuri
1141 2653 1221 2712 sunt.

55 2750 156 2847 el'go
178 2752 422 2817 misericordiam
447 2752 528 2817 hane
551 2772 570 2816 a
593 2754 651 2817 (leo
673 2751 815 2834 postulat,
839 2766 872 2818 ut
887 2754 946 2818 sibi
965 2753 1092 2818 uidendi
1109 2751 1222 2817 faeiem

53 2852 147 2917 llus
171 2853 328 2921 beatitudo
351 2857 518 2939 contingat,
542 2864 572 2920 et
593 2855 728 2936 postulat
750 2876 811 2919 non
835 2857 901 2921 sine
924 2857 1041 2921 ratione
1069 2859 1223 2938 modoque

54 2954 255 3024 praestandi.
1248 2976 1275 3015 a

115 3058 156 3125 9.
179 3064 231 3128 Ait
266 3064 366 3129 enim:
406 3065 604 3130 miserere
641 3065 717 3128 mei
756 3067 977 3129 seeundum
1014 3063 1223 3147 eloquium

59 3155 106 3215 lu
123 3181 198 3231 um
243 3166 316 3233 fidei
339 3171 489 3234 modestae
512 3188 570 3233 uox
595 3176 650 3236 est,
681 3168 927 3233 misericordiam
958 3169 1005 3233 dei
1029 3188 1090 3233 non
1113 3186 1223 3233 seeun-

65 3250 160 3332 ‘lum
182 3280 378 3351 peecatorum
406 3292 531 3336 suorum
554 3273 784 3343 orinseientiam,
808 3275 864 3337 sed
888 3275 1058 3337 seeundum
1082 3272 1223 3337 eiusdem

123 3389 143 3440 1
278 3434 283 3445 .
381 3435 386 3446 .

128 3393 413 3535 leallifflldgliggee
422 3483 482 3533 odd
492 3480 552 3534 m?
565 3482 589 3535 1⁷
621 3484 639 3534 4
650 3481 773 3535 hebetari
781 3480 936 3534 exhabitari
944 3479 1035 3534 de
1043 3481 1174 3574 hebetem
1181 3480 1228 3533 Vc

87 3602 118 3655 l3
142 3625 201 3673 sunt
212 3569 379 3689 inconspeetu
393 3620 419 3672 R
473 3623 506 3673 14
524 3626 682 3687 sumpturos
701 3638 731 3672 ex
749 3628 909 3686 sumpturus
922 3620 947 3671 R
1003 3620 1033 3671 lo'
1052 3635 1142 3672 nesea
1153 3619 1227 3672 narr

92 3687 487 3785 lesuiriaraaadltinquid
504 3707 527 3760 r
562 3706 796 3759 arroasiae
831 3707 987 3760 eademne·
1026 3706 1226 3760 emereamur

98 3792 234 3858 muaginano
253 3810 298 3846 aa
354 3796 385 3847 19
404 3793 721 3862 eorporisexoorporeis
735 3794 760 3845 ll
813 3790 1048 3855 esseffi-ssstraa
1059 3808 1089 3847 se
1098 3793 1140 3845 ael
1148 3792 1186 3859 si)
1200 3793 1227 3846 R

27 3902 33 3929 ·,
102 3876 153 3928 tola
170 3881 190 3927 l‘
212 3886 302 3934 totum
328 3881 375 3934 l'R
427 3881 512 3935 istum
540 3880 565 3933 V
615 3881 647 3933 21
668 3896 749 3932 nemo
777 3881 836 3931 odd.
865 3900 896 3933 m.
924 3879 945 3933 2
978 3881 1000 3933 V
1051 3879 1128 3933 22&
1154 3898 1226 3950 supr.

10 4042 28 4075 ι
106 4018 181 4071 ttad
232 4021 310 4075 uiuet
327 4038 357 4075 ex
375 4021 447 4075 uiuit
465 4021 490 4072 ll
508 4019 587 4075 uiuet
601 4023 651 4092 pE
702 4023 736 4075 23
754 4019 888 4074 uidendae
913 4019 991 4090 1⁷de
1043 3976 1136 4072 faeiem
1160 4036 1227 4072 corr.

108 4102 166 4156 aa?
195 4107 218 4159 l'
242 4107 323 4162 faciei
350 4125 381 4160 ea
406 4105 506 4162 faeiem
524 4126 557 4160 m.
576 4106 596 4161 3
614 4109 640 4161 R
658 4108 738 4162 faciei
759 4107 812 4177 (pe
866 4107 900 4159 24
927 4106 1183 4160 eius÷beetitud0
1203 4107 1228 4158 R

103 4246 323 4300 aonodd.ra.2V
374 4248 408 4300 27
428 4247 670 4301 misaerioordieR
723 4248 757 4299 28
775 4205 885 4300 eidem
893 4263 961 4299 corr.
974 4266 1006 4299 m.
1020 4245 1036 4297 1
1050 4244 1184 4301 Reddam
1199 4244 1228 4299 V.
