<?xml version="1.0" encoding="UTF-8"?>
<!DOCTYPE html PUBLIC "-//W3C//DTD XHTML 1.0 Transitional//EN"
    "http://www.w3.org/TR/xhtml1/DTD/xhtml1-transitional.dtd">
<html xmlns="http://www.w3.org/1999/xhtml" xml:lang="en" lang="en">
 <head>
  <title>
</title>
<meta http-equiv="Content-Type" content="text/html;charset=utf-8" />
  <meta name='ocr-system' content='tesseract 3.04.00' />
  <meta name='ocr-capabilities' content='ocr_page ocr_carea ocr_par ocr_line ocrx_word'/>
</head>
<body>
  <div class='ocr_page' id='page_1' title='image "./shilariiepiscop00hilagoog_0695.png"; bbox 0 0 2790 4844; ppageno 0'>
   <div class='ocr_carea' id='block_1_1' title="bbox 369 225 1220 339">
    <p class='ocr_par' dir='ltr' id='par_1_1' title="bbox 369 225 1220 339">
     <span class='ocr_line' id='line_1_1' title="bbox 369 225 1220 339; baseline 0.004 -16"><span class='ocrx_word' id='word_1_1' title='bbox 369 276 548 324; x_wconf 75' lang='lat' dir='ltr'><strong>tractatus</strong></span> <span class='ocrx_word' id='word_1_2' title='bbox 568 271 602 323; x_wconf 91' lang='lat' dir='ltr'><strong>in</strong></span> <span class='ocrx_word' id='word_1_3' title='bbox 620 225 791 339; x_wconf 78' lang='lat' dir='ltr'><strong>psalmum</strong></span> <span class='ocrx_word' id='word_1_4' title='bbox 811 269 930 324; x_wconf 77' lang='lat' dir='ltr'><strong>cxxxi.</strong></span> <span class='ocrx_word' id='word_1_5' title='bbox 1157 269 1220 334; x_wconf 83' lang='lat'><strong>665</strong></span> 
     </span>
    </p>
   </div>
   <div class='ocr_carea' id='block_1_2' title="bbox 67 457 1273 2938">
    <p class='ocr_par' dir='ltr' id='par_1_2' title="bbox 67 457 1273 2938">
     <span class='ocr_line' id='line_1_2' title="bbox 71 457 1219 543; baseline 0 -20"><span class='ocrx_word' id='word_1_6' title='bbox 71 460 220 524; x_wconf 87' lang='lat' dir='ltr'><strong>standum</strong></span> <span class='ocrx_word' id='word_1_7' title='bbox 256 479 330 543; x_wconf 83' lang='lat' dir='ltr'><strong>ergo</strong></span> <span class='ocrx_word' id='word_1_8' title='bbox 365 460 423 525; x_wconf 89' lang='lat' dir='ltr'><strong>erit</strong></span> <span class='ocrx_word' id='word_1_9' title='bbox 456 466 546 525; x_wconf 89' lang='lat' dir='ltr'><strong>nocte</strong></span> <span class='ocrx_word' id='word_1_10' title='bbox 580 460 691 541; x_wconf 92' lang='lat' dir='ltr'><strong>dieque</strong></span> <span class='ocrx_word' id='word_1_11' title='bbox 724 459 782 523; x_wconf 84' lang='lat' dir='ltr'><strong>snb</strong></span> <span class='ocrx_word' id='word_1_12' title='bbox 817 457 900 535; x_wconf 83' lang='lat' dir='ltr'><strong>caelo,</strong></span> <span class='ocrx_word' id='word_1_13' title='bbox 936 467 966 523; x_wconf 89' lang='lat' dir='ltr'><strong>et</strong></span> <span class='ocrx_word' id='word_1_14' title='bbox 995 478 1165 543; x_wconf 76' lang='lat' dir='ltr'><strong>numquam</strong></span> <span class='ocrx_word' id='word_1_15' title='bbox 1188 460 1219 523; x_wconf 93' lang='lat' dir='ltr'><strong>in</strong></span> 
     </span>
     <span class='ocr_line' id='line_1_3' title="bbox 71 560 1220 647; baseline 0.002 -20"><span class='ocrx_word' id='word_1_16' title='bbox 71 564 215 647; x_wconf 77' lang='lat' dir='ltr'><strong>requiem</strong></span> <span class='ocrx_word' id='word_1_17' title='bbox 234 584 346 645; x_wconf 89' lang='lat' dir='ltr'><strong>corpus</strong></span> <span class='ocrx_word' id='word_1_18' title='bbox 361 564 489 639; x_wconf 87' lang='lat' dir='ltr'><strong>iacebit;</strong></span> <span class='ocrx_word' id='word_1_19' title='bbox 513 563 592 629; x_wconf 90' lang='lat' dir='ltr'><strong>oculi</strong></span> <span class='ocrx_word' id='word_1_20' title='bbox 617 571 720 628; x_wconf 89' lang='lat' dir='ltr'><strong>autem</strong></span> <span class='ocrx_word' id='word_1_21' title='bbox 745 583 869 644; x_wconf 78' lang='lat' dir='ltr'><strong>semper</strong></span> <span class='ocrx_word' id='word_1_22' title='bbox 892 561 1005 647; x_wconf 78' lang='lat' dir='ltr'><strong>uigiles</strong></span> <span class='ocrx_word' id='word_1_23' title='bbox 1027 560 1220 641; x_wconf 85' lang='lat' dir='ltr'><strong>laborabunt,</strong></span> 
     </span>
     <span class='ocr_line' id='line_1_4' title="bbox 73 667 1219 751; baseline 0.001 -19"><span class='ocrx_word' id='word_1_24' title='bbox 73 674 106 732; x_wconf 92' lang='lat' dir='ltr'><strong>et</strong></span> <span class='ocrx_word' id='word_1_25' title='bbox 129 688 169 731; x_wconf 93' lang='lat' dir='ltr'><strong>ne</strong></span> <span class='ocrx_word' id='word_1_26' title='bbox 192 667 269 748; x_wconf 90' lang='lat' dir='ltr'><strong>ipsis</strong></span> <span class='ocrx_word' id='word_1_27' title='bbox 293 668 419 751; x_wconf 91' lang='lat' dir='ltr'><strong>quidem</strong></span> <span class='ocrx_word' id='word_1_28' title='bbox 453 668 609 749; x_wconf 81' lang='lat' dir='ltr'>palpebris</span> <span class='ocrx_word' id='word_1_29' title='bbox 632 667 797 733; x_wconf 88' lang='lat' dir='ltr'><strong>coniuendi</strong></span> <span class='ocrx_word' id='word_1_30' title='bbox 819 667 851 731; x_wconf 92' lang='lat' dir='ltr'><strong>in</strong></span> <span class='ocrx_word' id='word_1_31' title='bbox 875 667 1127 734; x_wconf 74' lang='lat' dir='ltr'><strong>dormitationem</strong></span> <span class='ocrx_word' id='word_1_32' title='bbox 1150 688 1219 748; x_wconf 91' lang='lat' dir='ltr'><strong>pcr-</strong></span> 
     </span>
     <span class='ocr_line' id='line_1_5' title="bbox 73 772 1221 854; baseline 0.003 -20"><span class='ocrx_word' id='word_1_33' title='bbox 73 772 213 836; x_wconf 80' lang='lat' dir='ltr'><strong>mittetur</strong></span> <span class='ocrx_word' id='word_1_34' title='bbox 235 772 389 837; x_wconf 90' lang='lat' dir='ltr'><strong>obductio.</strong></span> <span class='ocrx_word' id='word_1_35' title='bbox 435 778 572 853; x_wconf 87' lang='lat' dir='ltr'><strong>tempora</strong></span> <span class='ocrx_word' id='word_1_36' title='bbox 601 792 685 851; x_wconf 82' lang='lat' dir='ltr'><strong>uero,</strong></span> <span class='ocrx_word' id='word_1_37' title='bbox 717 791 785 854; x_wconf 83' lang='lat' dir='ltr'><strong>quae</strong></span> <span class='ocrx_word' id='word_1_38' title='bbox 814 773 950 837; x_wconf 82' lang='lat' dir='ltr'><strong>maxime</strong></span> <span class='ocrx_word' id='word_1_39' title='bbox 979 772 1012 836; x_wconf 93' lang='lat' dir='ltr'><strong>in</strong></span> <span class='ocrx_word' id='word_1_40' title='bbox 1035 777 1098 838; x_wconf 90' lang='lat' dir='ltr'><strong>toto</strong></span> <span class='ocrx_word' id='word_1_41' title='bbox 1122 774 1221 853; x_wconf 83' lang='lat' dir='ltr'><strong>cupite</strong></span> 
     </span>
     <span class='ocr_line' id='line_1_6' title="bbox 72 875 1273 960; baseline 0.002 -20"><span class='ocrx_word' id='word_1_42' title='bbox 72 884 106 940; x_wconf 87' lang='lat' dir='ltr'><strong>et</strong></span> <span class='ocrx_word' id='word_1_43' title='bbox 130 895 259 956; x_wconf 79' lang='lat' dir='ltr'><strong>empore</strong></span> <span class='ocrx_word' id='word_1_44' title='bbox 281 876 401 942; x_wconf 90' lang='lat' dir='ltr'><strong>iniuriis</strong></span> <span class='ocrx_word' id='word_1_45' title='bbox 434 875 550 960; x_wconf 77' lang='lat' dir='ltr'><strong>uigilia</strong></span> <span class='ocrx_word' id='word_1_46' title='bbox 572 882 603 941; x_wconf 91' lang='lat' dir='ltr'><strong>et</strong></span> <span class='ocrx_word' id='word_1_47' title='bbox 624 876 764 941; x_wconf 89' lang='lat' dir='ltr'><strong>stationis</strong></span> <span class='ocrx_word' id='word_1_48' title='bbox 799 876 932 941; x_wconf 79' lang='lat' dir='ltr'><strong>obnoxia</strong></span> <span class='ocrx_word' id='word_1_49' title='bbox 964 882 1044 955; x_wconf 88' lang='lat' dir='ltr'><strong>sunt,</strong></span> <span class='ocrx_word' id='word_1_50' title='bbox 1078 877 1220 960; x_wconf 87' lang='lat' dir='ltr'><strong>requiem</strong></span> <span class='ocrx_word' id='word_1_51' title='bbox 1260 905 1273 943; x_wconf 80' lang='lat' dir='ltr'><strong>a</strong></span> 
     </span>
     <span class='ocr_line' id='line_1_7' title="bbox 73 977 1219 1059; baseline 0.003 -16"><span class='ocrx_word' id='word_1_52' title='bbox 73 1000 138 1043; x_wconf 90' lang='lat' dir='ltr'><strong>non</strong></span> <span class='ocrx_word' id='word_1_53' title='bbox 161 977 330 1046; x_wconf 87' lang='lat' dir='ltr'><strong>habebunt.</strong></span> <span class='ocrx_word' id='word_1_54' title='bbox 375 979 470 1046; x_wconf 92' lang='lat' dir='ltr'><strong>homo</strong></span> <span class='ocrx_word' id='word_1_55' title='bbox 504 981 586 1046; x_wconf 90' lang='lat' dir='ltr'><strong>istud</strong></span> <span class='ocrx_word' id='word_1_56' title='bbox 611 983 650 1046; x_wconf 88' lang='lat' dir='ltr'><strong>de</strong></span> <span class='ocrx_word' id='word_1_57' title='bbox 674 1001 708 1045; x_wconf 91' lang='lat' dir='ltr'><strong>se</strong></span> <span class='ocrx_word' id='word_1_58' title='bbox 731 981 833 1046; x_wconf 88' lang='lat' dir='ltr'><strong>iurare</strong></span> <span class='ocrx_word' id='word_1_59' title='bbox 855 1000 917 1044; x_wconf 91' lang='lat' dir='ltr'><strong>non</strong></span> <span class='ocrx_word' id='word_1_60' title='bbox 940 980 1067 1059; x_wconf 89' lang='lat' dir='ltr'><strong>sinitur;</strong></span> <span class='ocrx_word' id='word_1_61' title='bbox 1099 981 1219 1047; x_wconf 91' lang='lat' dir='ltr'><strong>etiamsi</strong></span> 
     </span>
     <span class='ocr_line' id='line_1_8' title="bbox 71 1084 1220 1165; baseline 0.003 -17"><span class='ocrx_word' id='word_1_62' title='bbox 71 1085 211 1151; x_wconf 82' lang='lat' dir='ltr'><strong>maxime</strong></span> <span class='ocrx_word' id='word_1_63' title='bbox 233 1084 317 1163; x_wconf 78' lang='lat' dir='ltr'><strong>nolit</strong></span> <span class='ocrx_word' id='word_1_64' title='bbox 341 1086 556 1151; x_wconf 84' lang='lat' dir='ltr'><strong>condicionem</strong></span> <span class='ocrx_word' id='word_1_65' title='bbox 581 1090 686 1150; x_wconf 87' lang='lat' dir='ltr'><strong>tamen</strong></span> <span class='ocrx_word' id='word_1_66' title='bbox 709 1085 772 1150; x_wconf 90' lang='lat' dir='ltr'><strong>noti</strong></span> <span class='ocrx_word' id='word_1_67' title='bbox 796 1084 889 1149; x_wconf 89' lang='lat' dir='ltr'><strong>huius</strong></span> <span class='ocrx_word' id='word_1_68' title='bbox 919 1105 975 1165; x_wconf 93' lang='lat' dir='ltr'><strong>pro</strong></span> <span class='ocrx_word' id='word_1_69' title='bbox 1004 1086 1073 1165; x_wconf 90' lang='lat' dir='ltr'><strong>ipsa</strong></span> <span class='ocrx_word' id='word_1_70' title='bbox 1102 1090 1220 1151; x_wconf 68' lang='lat' dir='ltr'><strong>nature]</strong></span> 
     </span>
     <span class='ocr_line' id='line_1_9' title="bbox 70 1187 1219 1273; baseline 0.002 -22"><span class='ocrx_word' id='word_1_71' title='bbox 70 1209 139 1253; x_wconf 80' lang='lat' dir='ltr'><strong>auae</strong></span> <span class='ocrx_word' id='word_1_72' title='bbox 173 1189 357 1254; x_wconf 81' lang='lat' dir='ltr'><strong>necessitate</strong></span> <span class='ocrx_word' id='word_1_73' title='bbox 387 1187 526 1254; x_wconf 86' lang='lat' dir='ltr'><strong>uiolabit.</strong></span> <span class='ocrx_word' id='word_1_74' title='bbox 579 1188 686 1273; x_wconf 85' lang='lat' dir='ltr'><strong>uigilet</strong></span> <span class='ocrx_word' id='word_1_75' title='bbox 720 1188 792 1255; x_wconf 89' lang='lat' dir='ltr'><strong>licet</strong></span> <span class='ocrx_word' id='word_1_76' title='bbox 825 1189 947 1254; x_wconf 89' lang='lat' dir='ltr'><strong>animus</strong></span> <span class='ocrx_word' id='word_1_77' title='bbox 981 1195 1011 1254; x_wconf 90' lang='lat' dir='ltr'><strong>et</strong></span> <span class='ocrx_word' id='word_1_78' title='bbox 1044 1209 1154 1269; x_wconf 92' lang='lat' dir='ltr'><strong>corpus</strong></span> <span class='ocrx_word' id='word_1_79' title='bbox 1188 1189 1219 1254; x_wconf 92' lang='lat' dir='ltr'><strong>in</strong></span> 
     </span>
     <span class='ocr_line' id='line_1_10' title="bbox 71 1293 1220 1371; baseline 0.002 -14"><span class='ocrx_word' id='word_1_80' title='bbox 71 1293 207 1358; x_wconf 86' lang='lat' dir='ltr'><strong>statione</strong></span> <span class='ocrx_word' id='word_1_81' title='bbox 240 1294 406 1371; x_wconf 78' lang='lat' dir='ltr'><strong>contineat</strong></span> <span class='ocrx_word' id='word_1_82' title='bbox 441 1301 544 1359; x_wconf 87' lang='lat' dir='ltr'><strong>temen</strong></span> <span class='ocrx_word' id='word_1_83' title='bbox 578 1313 706 1360; x_wconf 89' lang='lat' dir='ltr'><strong>necesse</strong></span> <span class='ocrx_word' id='word_1_84' title='bbox 740 1300 788 1358; x_wconf 93' lang='lat' dir='ltr'><strong>est</strong></span> <span class='ocrx_word' id='word_1_85' title='bbox 821 1293 1007 1359; x_wconf 89' lang='lat' dir='ltr'><strong>infirmitatis</strong></span> <span class='ocrx_word' id='word_1_86' title='bbox 1042 1294 1220 1359; x_wconf 80' lang='lat' dir='ltr'><strong>dominante</strong></span> 
     </span>
     <span class='ocr_line' id='line_1_11' title="bbox 71 1396 1273 1480; baseline 0 -19"><span class='ocrx_word' id='word_1_87' title='bbox 71 1403 183 1461; x_wconf 88' lang='lat' dir='ltr'><strong>natura</strong></span> <span class='ocrx_word' id='word_1_88' title='bbox 213 1405 244 1462; x_wconf 90' lang='lat' dir='ltr'><strong>et</strong></span> <span class='ocrx_word' id='word_1_89' title='bbox 272 1398 412 1478; x_wconf 83' lang='lat' dir='ltr'><strong>procidat</strong></span> <span class='ocrx_word' id='word_1_90' title='bbox 445 1405 476 1463; x_wconf 93' lang='lat' dir='ltr'><strong>et</strong></span> <span class='ocrx_word' id='word_1_91' title='bbox 509 1398 644 1463; x_wconf 90' lang='lat' dir='ltr'><strong>dormiat</strong></span> <span class='ocrx_word' id='word_1_92' title='bbox 677 1405 708 1462; x_wconf 94' lang='lat' dir='ltr'><strong>et</strong></span> <span class='ocrx_word' id='word_1_93' title='bbox 737 1398 910 1480; x_wconf 87' lang='lat' dir='ltr'><strong>requiescet</strong></span> <span class='ocrx_word' id='word_1_94' title='bbox 940 1398 1066 1463; x_wconf 39' lang='lat' dir='ltr'><strong>inuitus*</strong></span> <span class='ocrx_word' id='word_1_95' title='bbox 1107 1396 1220 1463; x_wconf 89' lang='lat' dir='ltr'><strong>dehinc</strong></span> <span class='ocrx_word' id='word_1_96' title='bbox 1249 1424 1273 1461; x_wconf 76' lang='lat' dir='ltr'><strong>ro</strong></span> 
     </span>
     <span class='ocr_line' id='line_1_12' title="bbox 71 1501 1220 1585; baseline 0 -19"><span class='ocrx_word' id='word_1_97' title='bbox 71 1522 169 1585; x_wconf 92' lang='lat' dir='ltr'><strong>quem</strong></span> <span class='ocrx_word' id='word_1_98' title='bbox 199 1501 301 1566; x_wconf 89' lang='lat' dir='ltr'><strong>locum</strong></span> <span class='ocrx_word' id='word_1_99' title='bbox 332 1502 427 1566; x_wconf 90' lang='lat' dir='ltr'><strong>homo</strong></span> <span class='ocrx_word' id='word_1_100' title='bbox 457 1504 515 1567; x_wconf 89' lang='lat' dir='ltr'><strong>deo</strong></span> <span class='ocrx_word' id='word_1_101' title='bbox 545 1503 682 1567; x_wconf 92' lang='lat' dir='ltr'><strong>inueniet</strong></span> <span class='ocrx_word' id='word_1_102' title='bbox 704 1508 735 1567; x_wconf 92' lang='lat' dir='ltr'><strong>et</strong></span> <span class='ocrx_word' id='word_1_103' title='bbox 757 1501 1094 1583; x_wconf 86' lang='lat' dir='ltr'><strong>inconprehensibiiem</strong></span> <span class='ocrx_word' id='word_1_104' title='bbox 1118 1503 1220 1567; x_wconf 90' lang='lat' dir='ltr'><strong>infini-</strong></span> 
     </span>
     <span class='ocr_line' id='line_1_13' title="bbox 70 1606 1220 1690; baseline 0.002 -21"><span class='ocrx_word' id='word_1_105' title='bbox 70 1614 202 1690; x_wconf 85' lang='lat' dir='ltr'><strong>tamque</strong></span> <span class='ocrx_word' id='word_1_106' title='bbox 224 1613 367 1671; x_wconf 89' lang='lat' dir='ltr'><strong>naturam</strong></span> <span class='ocrx_word' id='word_1_107' title='bbox 392 1606 474 1690; x_wconf 88' lang='lat' dir='ltr'><strong>quali</strong></span> <span class='ocrx_word' id='word_1_108' title='bbox 499 1606 694 1671; x_wconf 81' lang='lat' dir='ltr'><strong>tabernaculo</strong></span> <span class='ocrx_word' id='word_1_109' title='bbox 718 1606 912 1674; x_wconf 82' lang='lat' dir='ltr'><strong>continebit?</strong></span> <span class='ocrx_word' id='word_1_110' title='bbox 955 1626 1025 1671; x_wconf 92' lang='lat' dir='ltr'><strong>cum</strong></span> <span class='ocrx_word' id='word_1_111' title='bbox 1041 1606 1080 1672; x_wconf 93' lang='lat' dir='ltr'><strong>de</strong></span> <span class='ocrx_word' id='word_1_112' title='bbox 1097 1626 1130 1671; x_wconf 91' lang='lat' dir='ltr'><strong>se</strong></span> <span class='ocrx_word' id='word_1_113' title='bbox 1152 1606 1220 1686; x_wconf 90' lang='lat' dir='ltr'><strong>ipse</strong></span> 
     </span>
     <span class='ocr_line' id='line_1_14' title="bbox 72 1709 1220 1794; baseline -0.001 -19"><span class='ocrx_word' id='word_1_114' title='bbox 72 1730 131 1790; x_wconf 87' lang='lat' dir='ltr'><strong>per</strong></span> <span class='ocrx_word' id='word_1_115' title='bbox 154 1709 341 1794; x_wconf 85' lang='lat' dir='ltr'><strong>prophetam</strong></span> <span class='ocrx_word' id='word_1_116' title='bbox 364 1712 441 1776; x_wconf 90' lang='lat' dir='ltr'><strong>deus</strong></span> <span class='ocrx_word' id='word_1_117' title='bbox 464 1710 583 1776; x_wconf 88' lang='lat' dir='ltr'><strong>locutus</strong></span> <span class='ocrx_word' id='word_1_118' title='bbox 606 1711 647 1775; x_wconf 92' lang='lat' dir='ltr'><strong>sit</strong></span> <span class='ocrx_word' id='word_1_119' title='bbox 669 1711 790 1775; x_wconf 91' lang='lat' dir='ltr'><strong>dicens:</strong></span> <span class='ocrx_word' id='word_1_120' title='bbox 821 1710 960 1775; x_wconf 86' lang='lat' dir='ltr'><strong>caelum</strong></span> <span class='ocrx_word' id='word_1_121' title='bbox 991 1709 1092 1774; x_wconf 84' lang='lat' dir='ltr'><strong>mihi</strong></span> <span class='ocrx_word' id='word_1_122' title='bbox 1116 1709 1220 1775; x_wconf 89' lang='lat' dir='ltr'><strong>thro·</strong></span> 
     </span>
     <span class='ocr_line' id='line_1_15' title="bbox 72 1814 1219 1895; baseline 0 -18"><span class='ocrx_word' id='word_1_123' title='bbox 72 1835 147 1879; x_wconf 89' lang='lat' dir='ltr'><strong>nus</strong></span> <span class='ocrx_word' id='word_1_124' title='bbox 170 1823 240 1891; x_wconf 74' lang='lat' dir='ltr'><strong>est</strong></span> <span class='ocrx_word' id='word_1_125' title='bbox 263 1827 374 1880; x_wconf 88' lang='lat' dir='ltr'><strong>terre</strong></span> <span class='ocrx_word' id='word_1_126' title='bbox 408 1827 541 1880; x_wconf 87' lang='lat' dir='ltr'><strong>eutem</strong></span> <span class='ocrx_word' id='word_1_127' title='bbox 576 1814 815 1880; x_wconf 85' lang='lat' dir='ltr'><strong>scarnellum</strong></span> <span class='ocrx_word' id='word_1_128' title='bbox 850 1815 994 1895; x_wconf 90' lang='lat' dir='ltr'><strong>pedum</strong></span> <span class='ocrx_word' id='word_1_129' title='bbox 1029 1834 1219 1879; x_wconf 89' lang='lat' dir='ltr'><strong>meorum:</strong></span> 
     </span>
     <span class='ocr_line' id='line_1_16' title="bbox 72 1918 1272 2002; baseline -0.002 -19"><span class='ocrx_word' id='word_1_130' title='bbox 72 1940 189 2001; x_wconf 87' lang='lat' dir='ltr'><strong>quam</strong></span> <span class='ocrx_word' id='word_1_131' title='bbox 230 1920 385 1984; x_wconf 91' lang='lat' dir='ltr'><strong>domum</strong></span> <span class='ocrx_word' id='word_1_132' title='bbox 424 1919 696 1984; x_wconf 73' lang='lat' dir='ltr'><strong>aedificabitis</strong></span> <span class='ocrx_word' id='word_1_133' title='bbox 736 1918 832 1982; x_wconf 88' lang='lat' dir='ltr'><strong>mihi</strong></span> <span class='ocrx_word' id='word_1_134' title='bbox 871 1927 940 1983; x_wconf 90' lang='lat' dir='ltr'><strong>aut</strong></span> <span class='ocrx_word' id='word_1_135' title='bbox 977 1920 1067 2002; x_wconf 89' lang='lat' dir='ltr'><strong>quis</strong></span> <span class='ocrx_word' id='word_1_136' title='bbox 1106 1918 1219 1983; x_wconf 91' lang='lat' dir='ltr'><strong>loeus</strong></span> <span class='ocrx_word' id='word_1_137' title='bbox 1248 1945 1272 1981; x_wconf 78' lang='lat' dir='ltr'><strong>rs</strong></span> 
     </span>
     <span class='ocr_line' id='line_1_17' title="bbox 71 2022 1220 2107; baseline 0 -21"><span class='ocrx_word' id='word_1_138' title='bbox 71 2023 352 2107; x_wconf 85' lang='lat' dir='ltr'><strong>requietionis</strong></span> <span class='ocrx_word' id='word_1_139' title='bbox 384 2024 499 2089; x_wconf 80' lang='lat' dir='ltr'><strong>mem?</strong></span> <span class='ocrx_word' id='word_1_140' title='bbox 543 2024 675 2087; x_wconf 80' lang='lat' dir='ltr'><strong>cornio.</strong></span> <span class='ocrx_word' id='word_1_141' title='bbox 705 2023 808 2087; x_wconf 91' lang='lat' dir='ltr'><strong>enim</strong></span> <span class='ocrx_word' id='word_1_142' title='bbox 842 2022 921 2087; x_wconf 88' lang='lat' dir='ltr'><strong>haec</strong></span> <span class='ocrx_word' id='word_1_143' title='bbox 951 2023 1051 2088; x_wconf 86' lang='lat' dir='ltr'><strong>feeit</strong></span> <span class='ocrx_word' id='word_1_144' title='bbox 1080 2042 1220 2087; x_wconf 88' lang='lat' dir='ltr'><strong>munus</strong></span> 
     </span>
     <span class='ocr_line' id='line_1_18' title="bbox 74 2125 1220 2208; baseline -0.001 -18"><span class='ocrx_word' id='word_1_145' title='bbox 74 2149 168 2202; x_wconf 90' lang='lat' dir='ltr'><strong>mea,</strong></span> <span class='ocrx_word' id='word_1_146' title='bbox 192 2135 230 2191; x_wconf 91' lang='lat' dir='ltr'><strong>et</strong></span> <span class='ocrx_word' id='word_1_147' title='bbox 253 2148 336 2191; x_wconf 85' lang='lat' dir='ltr'><strong>meu</strong></span> <span class='ocrx_word' id='word_1_148' title='bbox 360 2135 451 2192; x_wconf 87' lang='lat' dir='ltr'><strong>suut</strong></span> <span class='ocrx_word' id='word_1_149' title='bbox 474 2127 606 2192; x_wconf 84' lang='lat' dir='ltr'><strong>orrrnie</strong></span> <span class='ocrx_word' id='word_1_150' title='bbox 629 2127 719 2192; x_wconf 83' lang='lat' dir='ltr'><strong>haec.</strong></span> <span class='ocrx_word' id='word_1_151' title='bbox 765 2146 828 2191; x_wconf 91' lang='lat' dir='ltr'><strong>non</strong></span> <span class='ocrx_word' id='word_1_152' title='bbox 850 2127 977 2208; x_wconf 71' lang='lat' dir='ltr'><strong>ignarus</strong></span> <span class='ocrx_word' id='word_1_153' title='bbox 1001 2133 1104 2192; x_wconf 88' lang='lat' dir='ltr'><strong>autem</strong></span> <span class='ocrx_word' id='word_1_154' title='bbox 1128 2125 1220 2191; x_wconf 89' lang='lat' dir='ltr'><strong>huius</strong></span> 
     </span>
     <span class='ocr_line' id='line_1_19' title="bbox 75 2231 1220 2313; baseline 0 -18"><span class='ocrx_word' id='word_1_155' title='bbox 75 2232 188 2296; x_wconf 86' lang='lat' dir='ltr'><strong>diuinae</strong></span> <span class='ocrx_word' id='word_1_156' title='bbox 214 2233 295 2297; x_wconf 88' lang='lat' dir='ltr'><strong>uocis</strong></span> <span class='ocrx_word' id='word_1_157' title='bbox 319 2231 471 2313; x_wconf 88' lang='lat' dir='ltr'><strong>propheta</strong></span> <span class='ocrx_word' id='word_1_158' title='bbox 489 2241 536 2298; x_wconf 90' lang='lat' dir='ltr'><strong>est</strong></span> <span class='ocrx_word' id='word_1_159' title='bbox 552 2239 582 2297; x_wconf 91' lang='lat' dir='ltr'><strong>et</strong></span> <span class='ocrx_word' id='word_1_160' title='bbox 597 2233 656 2296; x_wconf 89' lang='lat' dir='ltr'><strong>seit</strong></span> <span class='ocrx_word' id='word_1_161' title='bbox 670 2231 815 2296; x_wconf 82' lang='lat' dir='ltr'><strong>humonae</strong></span> <span class='ocrx_word' id='word_1_162' title='bbox 833 2238 864 2296; x_wconf 92' lang='lat' dir='ltr'><strong>et</strong></span> <span class='ocrx_word' id='word_1_163' title='bbox 879 2245 1010 2296; x_wconf 82' lang='lat' dir='ltr'><strong>terrenae</strong></span> <span class='ocrx_word' id='word_1_164' title='bbox 1034 2231 1220 2310; x_wconf 88' lang='lat' dir='ltr'><strong>operationis</strong></span> 
     </span>
     <span class='ocr_line' id='line_1_20' title="bbox 76 2334 1220 2417; baseline -0.002 -17"><span class='ocrx_word' id='word_1_165' title='bbox 76 2338 203 2402; x_wconf 92' lang='lat' dir='ltr'><strong>domum</strong></span> <span class='ocrx_word' id='word_1_166' title='bbox 228 2335 285 2401; x_wconf 90' lang='lat' dir='ltr'><strong>deo</strong></span> <span class='ocrx_word' id='word_1_167' title='bbox 316 2356 386 2402; x_wconf 90' lang='lat' dir='ltr'><strong>esse</strong></span> <span class='ocrx_word' id='word_1_168' title='bbox 417 2357 477 2401; x_wconf 92' lang='lat' dir='ltr'><strong>non</strong></span> <span class='ocrx_word' id='word_1_169' title='bbox 510 2356 609 2417; x_wconf 86' lang='lat' dir='ltr'><strong>posse,</strong></span> <span class='ocrx_word' id='word_1_170' title='bbox 642 2336 777 2416; x_wconf 82' lang='lat' dir='ltr'><strong>idipsum</strong></span> <span class='ocrx_word' id='word_1_171' title='bbox 813 2334 935 2416; x_wconf 89' lang='lat' dir='ltr'><strong>psalmo</strong></span> <span class='ocrx_word' id='word_1_172' title='bbox 965 2335 1116 2400; x_wconf 82' lang='lat' dir='ltr'><strong>anteriore</strong></span> <span class='ocrx_word' id='word_1_173' title='bbox 1147 2354 1220 2399; x_wconf 90' lang='lat' dir='ltr'><strong>con·</strong></span> 
     </span>
     <span class='ocr_line' id='line_1_21' title="bbox 75 2439 1271 2515; baseline -0.003 -15"><span class='ocrx_word' id='word_1_174' title='bbox 75 2445 202 2515; x_wconf 78' lang='lat' dir='ltr'><strong>testans,</strong></span> <span class='ocrx_word' id='word_1_175' title='bbox 225 2460 295 2505; x_wconf 91' lang='lat' dir='ltr'><strong>eum</strong></span> <span class='ocrx_word' id='word_1_176' title='bbox 322 2441 378 2504; x_wconf 89' lang='lat' dir='ltr'><strong>oit:</strong></span> <span class='ocrx_word' id='word_1_177' title='bbox 413 2441 492 2505; x_wconf 91' lang='lat' dir='ltr'><strong>nisi</strong></span> <span class='ocrx_word' id='word_1_178' title='bbox 524 2440 712 2505; x_wconf 89' lang='lat' dir='ltr'><strong>dominus</strong></span> <span class='ocrx_word' id='word_1_179' title='bbox 742 2439 1021 2504; x_wconf 78' lang='lat' dir='ltr'><strong>aedisiceuerit</strong></span> <span class='ocrx_word' id='word_1_180' title='bbox 1051 2439 1218 2513; x_wconf 85' lang='lat' dir='ltr'><strong>domum,</strong></span> <span class='ocrx_word' id='word_1_181' title='bbox 1247 2461 1271 2496; x_wconf 78' lang='lat' dir='ltr'><strong>ro</strong></span> 
     </span>
     <span class='ocr_line' id='line_1_22' title="bbox 76 2543 1219 2627; baseline 0 -21"><span class='ocrx_word' id='word_1_182' title='bbox 76 2543 111 2608; x_wconf 93' lang='lat' dir='ltr'><strong>in</strong></span> <span class='ocrx_word' id='word_1_183' title='bbox 135 2564 280 2608; x_wconf 88' lang='lat' dir='ltr'><strong>nanum</strong></span> <span class='ocrx_word' id='word_1_184' title='bbox 304 2544 608 2620; x_wconf 85' lang='lat' dir='ltr'><strong>laborouerunt,</strong></span> <span class='ocrx_word' id='word_1_185' title='bbox 632 2545 697 2627; x_wconf 93' lang='lat' dir='ltr'><strong>qni</strong></span> <span class='ocrx_word' id='word_1_186' title='bbox 720 2543 932 2608; x_wconf 71' lang='lat' dir='ltr'><strong>aedificent</strong></span> <span class='ocrx_word' id='word_1_187' title='bbox 956 2562 1049 2607; x_wconf 76' lang='lat' dir='ltr'><strong>earu,</strong></span> <span class='ocrx_word' id='word_1_188' title='bbox 1094 2562 1170 2626; x_wconf 83' lang='lat' dir='ltr'><strong>ergo</strong></span> <span class='ocrx_word' id='word_1_189' title='bbox 1193 2544 1219 2607; x_wconf 94' lang='lat' dir='ltr'><strong>si</strong></span> 
     </span>
     <span class='ocr_line' id='line_1_23' title="bbox 72 2647 1220 2731; baseline 0.001 -21"><span class='ocrx_word' id='word_1_190' title='bbox 72 2665 176 2731; x_wconf 90' lang='lat' dir='ltr'><strong>neque</strong></span> <span class='ocrx_word' id='word_1_191' title='bbox 200 2656 311 2712; x_wconf 84' lang='lat' dir='ltr'><strong>natura</strong></span> <span class='ocrx_word' id='word_1_192' title='bbox 333 2647 470 2713; x_wconf 88' lang='lat' dir='ltr'><strong>hominis</strong></span> <span class='ocrx_word' id='word_1_193' title='bbox 505 2649 714 2713; x_wconf 86' lang='lat' dir='ltr'><strong>condicionem</strong></span> <span class='ocrx_word' id='word_1_194' title='bbox 750 2648 813 2712; x_wconf 94' lang='lat' dir='ltr'><strong>uoti</strong></span> <span class='ocrx_word' id='word_1_195' title='bbox 848 2648 935 2712; x_wconf 86' lang='lat' dir='ltr'><strong>istius</strong></span> <span class='ocrx_word' id='word_1_196' title='bbox 967 2648 1085 2727; x_wconf 83' lang='lat' dir='ltr'><strong>recipit,</strong></span> <span class='ocrx_word' id='word_1_197' title='bbox 1120 2666 1220 2731; x_wconf 87' lang='lat' dir='ltr'><strong>neque</strong></span> 
     </span>
     <span class='ocr_line' id='line_1_24' title="bbox 74 2748 1220 2836; baseline 0.003 -25"><span class='ocrx_word' id='word_1_198' title='bbox 74 2748 174 2817; x_wconf 89' lang='lat' dir='ltr'><strong>iocum</strong></span> <span class='ocrx_word' id='word_1_199' title='bbox 200 2761 231 2817; x_wconf 91' lang='lat' dir='ltr'><strong>et</strong></span> <span class='ocrx_word' id='word_1_200' title='bbox 249 2753 483 2818; x_wconf 69' lang='lat' dir='ltr'><strong>&#39;tabernaculum</strong></span> <span class='ocrx_word' id='word_1_201' title='bbox 517 2754 573 2816; x_wconf 90' lang='lat' dir='ltr'><strong>deo</strong></span> <span class='ocrx_word' id='word_1_202' title='bbox 604 2752 741 2818; x_wconf 82' lang='lat' dir='ltr'><strong>humana</strong></span> <span class='ocrx_word' id='word_1_203' title='bbox 771 2753 900 2836; x_wconf 88' lang='lat' dir='ltr'><strong>requirit</strong></span> <span class='ocrx_word' id='word_1_204' title='bbox 930 2752 1074 2832; x_wconf 86' lang='lat' dir='ltr'><strong>operatio,</strong></span> <span class='ocrx_word' id='word_1_205' title='bbox 1106 2770 1220 2834; x_wconf 84' lang='lat' dir='ltr'><strong>cogno·</strong></span> 
     </span>
     <span class='ocr_line' id='line_1_25' title="bbox 67 2856 1221 2938; baseline 0.003 -23"><span class='ocrx_word' id='word_1_206' title='bbox 67 2858 225 2921; x_wconf 85' lang='lat' dir='ltr'><strong>scendum</strong></span> <span class='ocrx_word' id='word_1_207' title='bbox 243 2868 290 2920; x_wconf 88' lang='lat' dir='ltr'><strong>est</strong></span> <span class='ocrx_word' id='word_1_208' title='bbox 311 2877 366 2937; x_wconf 87' lang='lat' dir='ltr'><strong>per</strong></span> <span class='ocrx_word' id='word_1_209' title='bbox 389 2857 609 2937; x_wconf 86' lang='lat' dir='ltr'><strong>scripturarum</strong></span> <span class='ocrx_word' id='word_1_210' title='bbox 634 2856 803 2921; x_wconf 85' lang='lat' dir='ltr'><strong>caeiestium</strong></span> <span class='ocrx_word' id='word_1_211' title='bbox 828 2858 1049 2922; x_wconf 74' lang='lat' dir='ltr'><strong>auctoritatem.</strong></span> <span class='ocrx_word' id='word_1_212' title='bbox 1074 2856 1156 2938; x_wconf 91' lang='lat' dir='ltr'><strong>quod</strong></span> <span class='ocrx_word' id='word_1_213' title='bbox 1180 2856 1221 2919; x_wconf 90' lang='lat' dir='ltr'><strong>sit</strong></span> 
     </span>
    </p>
   </div>
   <div class='ocr_carea' id='block_1_3' title="bbox 119 3030 767 3098">
    <p class='ocr_par' dir='ltr' id='par_1_3' title="bbox 119 3030 767 3098">
     <span class='ocr_line' id='line_1_26' title="bbox 119 3030 767 3098; baseline 0.002 -16"><span class='ocrx_word' id='word_1_214' title='bbox 119 3033 151 3084; x_wconf 79' lang='lat'><strong>13</strong></span> <span class='ocrx_word' id='word_1_215' title='bbox 169 3031 243 3083; x_wconf 85' lang='lat' dir='ltr'><strong>Esai.</strong></span> <span class='ocrx_word' id='word_1_216' title='bbox 262 3030 358 3097; x_wconf 84' lang='lat' dir='ltr'>LXVI,</span> <span class='ocrx_word' id='word_1_217' title='bbox 380 3033 392 3084; x_wconf 94' lang='lat' dir='ltr'>l</span> <span class='ocrx_word' id='word_1_218' title='bbox 412 3049 452 3098; x_wconf 89' lang='lat' dir='ltr'><strong>aq.</strong></span> <span class='ocrx_word' id='word_1_219' title='bbox 488 3033 524 3083; x_wconf 76' lang='lat'><strong>20</strong></span> <span class='ocrx_word' id='word_1_220' title='bbox 541 3031 584 3084; x_wconf 86' lang='lat' dir='ltr'><strong>Ps.</strong></span> <span class='ocrx_word' id='word_1_221' title='bbox 605 3030 724 3096; x_wconf 79' lang='lat' dir='ltr'><strong>cxxvl,</strong></span> <span class='ocrx_word' id='word_1_222' title='bbox 745 3034 767 3083; x_wconf 93' lang='lat' dir='ltr'><strong>l.</strong></span> 
     </span>
    </p>
   </div>
   <div class='ocr_carea' id='block_1_4' title="bbox 118 3151 1220 3232">
    <p class='ocr_par' dir='ltr' id='par_1_4' title="bbox 118 3151 1220 3232">
     <span class='ocr_line' id='line_1_27' title="bbox 118 3151 1220 3232; baseline -0.001 -29"><span class='ocrx_word' id='word_1_223' title='bbox 118 3153 129 3202; x_wconf 95' lang='lat' dir='ltr'>l</span> <span class='ocrx_word' id='word_1_224' title='bbox 151 3156 232 3204; x_wconf 86' lang='lat' dir='ltr'><strong>nocte</strong></span> <span class='ocrx_word' id='word_1_225' title='bbox 246 3151 345 3220; x_wconf 86' lang='lat' dir='ltr'><strong>dieque</strong></span> <span class='ocrx_word' id='word_1_226' title='bbox 356 3153 435 3206; x_wconf 76' lang='lat' dir='ltr'><strong>RTE</strong></span> <span class='ocrx_word' id='word_1_227' title='bbox 446 3159 530 3206; x_wconf 88' lang='lat' dir='ltr'><strong>noctu</strong></span> <span class='ocrx_word' id='word_1_228' title='bbox 543 3152 643 3220; x_wconf 85' lang='lat' dir='ltr'><strong>dieque</strong></span> <span class='ocrx_word' id='word_1_229' title='bbox 654 3152 679 3204; x_wconf 92' lang='lat' dir='ltr'><em>P</em></span> <span class='ocrx_word' id='word_1_230' title='bbox 689 3157 773 3205; x_wconf 89' lang='lat' dir='ltr'><strong>noctu</strong></span> <span class='ocrx_word' id='word_1_231' title='bbox 786 3152 905 3232; x_wconf 76' lang='lat' dir='ltr'><strong>diuquae</strong></span> <span class='ocrx_word' id='word_1_232' title='bbox 920 3152 943 3202; x_wconf 90' lang='lat' dir='ltr'><em>V</em></span> <span class='ocrx_word' id='word_1_233' title='bbox 992 3157 1019 3205; x_wconf 88' lang='lat' dir='ltr'><strong>et</strong></span> <span class='ocrx_word' id='word_1_234' title='bbox 1030 3167 1179 3218; x_wconf 83' lang='lat' dir='ltr'><strong>numquam</strong></span> <span class='ocrx_word' id='word_1_235' title='bbox 1190 3169 1220 3203; x_wconf 78' lang='lat' dir='ltr'><strong>er</strong></span> 
     </span>
    </p>
   </div>
   <div class='ocr_carea' id='block_1_5' title="bbox 55 3254 1223 4123">
    <p class='ocr_par' dir='ltr' id='par_1_5' title="bbox 55 3254 1223 4123">
     <span class='ocr_line' id='line_1_28' title="bbox 55 3254 1222 3325; baseline 0 -19"><span class='ocrx_word' id='word_1_236' title='bbox 55 3254 124 3307; x_wconf 71' lang='lat' dir='ltr'><strong>sub</strong></span> <span class='ocrx_word' id='word_1_237' title='bbox 133 3272 285 3323; x_wconf 89' lang='lat' dir='ltr'><strong>numquam</strong></span> <span class='ocrx_word' id='word_1_238' title='bbox 295 3255 397 3310; x_wconf 78' lang='lat' dir='ltr'><strong>na2V</strong></span> <span class='ocrx_word' id='word_1_239' title='bbox 431 3257 459 3310; x_wconf 91' lang='lat' dir='ltr'><strong>iu</strong></span> <span class='ocrx_word' id='word_1_240' title='bbox 471 3257 713 3325; x_wconf 84' lang='lat' dir='ltr'><strong>requiomVRPin</strong></span> <span class='ocrx_word' id='word_1_241' title='bbox 722 3256 818 3324; x_wconf 90' lang='lat' dir='ltr'><strong>requie</strong></span> <span class='ocrx_word' id='word_1_242' title='bbox 827 3257 879 3309; x_wconf 84' lang='lat' dir='ltr'><strong>TE</strong></span> <span class='ocrx_word' id='word_1_243' title='bbox 912 3254 1222 3324; x_wconf 76' lang='lat' dir='ltr'><strong>dipsisRPPEipsdi&#39;</strong></span> 
     </span>
     <span class='ocr_line' id='line_1_29' title="bbox 55 3340 1223 3406; baseline -0.004 -9"><span class='ocrx_word' id='word_1_244' title='bbox 55 3340 205 3397; x_wconf 78' lang='lat' dir='ltr'><strong>Daliebria</strong></span> <span class='ocrx_word' id='word_1_245' title='bbox 218 3341 243 3395; x_wconf 86' lang='lat' dir='ltr'><em>V</em></span> <span class='ocrx_word' id='word_1_246' title='bbox 276 3342 423 3396; x_wconf 88' lang='lat' dir='ltr'><strong>coniuendi</strong></span> <span class='ocrx_word' id='word_1_247' title='bbox 437 3343 614 3398; x_wconf 88' lang='lat' dir='ltr'><strong>Vconibeudi</strong></span> <span class='ocrx_word' id='word_1_248' title='bbox 624 3345 649 3396; x_wconf 85' lang='lat' dir='ltr'><em>R</em></span> <span class='ocrx_word' id='word_1_249' title='bbox 659 3342 826 3397; x_wconf 89' lang='lat' dir='ltr'><strong>conninendi</strong></span> <span class='ocrx_word' id='word_1_250' title='bbox 836 3362 849 3396; x_wconf 82' lang='lat' dir='ltr'><strong>e</strong></span> <span class='ocrx_word' id='word_1_251' title='bbox 858 3342 1032 3397; x_wconf 89' lang='lat' dir='ltr'><strong>conuiuando</strong></span> <span class='ocrx_word' id='word_1_252' title='bbox 1042 3341 1073 3406; x_wconf 83' lang='lat' dir='ltr'><strong>(a</strong></span> <span class='ocrx_word' id='word_1_253' title='bbox 1083 3344 1109 3394; x_wconf 82' lang='lat' dir='ltr'><strong>in</strong></span> <span class='ocrx_word' id='word_1_254' title='bbox 1118 3340 1185 3405; x_wconf 84' lang='lat' dir='ltr'><strong>rus.)</strong></span> <span class='ocrx_word' id='word_1_255' title='bbox 1197 3342 1223 3392; x_wconf 92' lang='lat' dir='ltr'><em>P</em></span> 
     </span>
     <span class='ocr_line' id='line_1_30' title="bbox 56 3426 1219 3495; baseline 0.001 -16"><span class='ocrx_word' id='word_1_256' title='bbox 56 3427 228 3482; x_wconf 69' lang='lat' dir='ltr'><strong>contuendo</strong></span> <span class='ocrx_word' id='word_1_257' title='bbox 248 3426 315 3495; x_wconf 70' lang='lat' dir='ltr'><strong>Tm)</strong></span> <span class='ocrx_word' id='word_1_258' title='bbox 369 3430 398 3484; x_wconf 90' lang='lat' dir='ltr'><strong>iu</strong></span> <span class='ocrx_word' id='word_1_259' title='bbox 417 3430 642 3484; x_wconf 85' lang='lat' dir='ltr'><strong>dormitationem</strong></span> <span class='ocrx_word' id='word_1_260' title='bbox 661 3430 708 3483; x_wconf 85' lang='lat' dir='ltr'><strong>VR</strong></span> <span class='ocrx_word' id='word_1_261' title='bbox 727 3431 756 3484; x_wconf 91' lang='lat' dir='ltr'><strong>in</strong></span> <span class='ocrx_word' id='word_1_262' title='bbox 774 3429 971 3483; x_wconf 83' lang='lat' dir='ltr'><strong>dormitatione</strong></span> <span class='ocrx_word' id='word_1_263' title='bbox 990 3448 1003 3482; x_wconf 86' lang='lat' dir='ltr'><strong>e</strong></span> <span class='ocrx_word' id='word_1_264' title='bbox 1021 3428 1219 3481; x_wconf 88' lang='lat' dir='ltr'><strong>dormiuatioui</strong></span> 
     </span>
     <span class='ocr_line' id='line_1_31' title="bbox 59 3502 1222 3586; baseline -0.001 -20"><span class='ocrx_word' id='word_1_265' title='bbox 59 3502 138 3567; x_wconf 77' lang='lat' dir='ltr'><strong>I&#39;To</strong></span> <span class='ocrx_word' id='word_1_266' title='bbox 190 3516 256 3569; x_wconf 70' lang='lat' dir='ltr'><strong>din</strong></span> <span class='ocrx_word' id='word_1_267' title='bbox 282 3520 342 3570; x_wconf 88' lang='lat' dir='ltr'><strong>toto</strong></span> <span class='ocrx_word' id='word_1_268' title='bbox 369 3517 395 3569; x_wconf 82' lang='lat' dir='ltr'><em>R</em></span> <span class='ocrx_word' id='word_1_269' title='bbox 420 3522 480 3570; x_wconf 79' lang='lat' dir='ltr'><strong>toto</strong></span> <span class='ocrx_word' id='word_1_270' title='bbox 507 3517 536 3570; x_wconf 91' lang='lat' dir='ltr'><strong>in</strong></span> <span class='ocrx_word' id='word_1_271' title='bbox 570 3518 671 3570; x_wconf 81' lang='lat' dir='ltr'><em>VPTE</em></span> <span class='ocrx_word' id='word_1_272' title='bbox 727 3517 874 3584; x_wconf 69' lang='lat' dir='ltr'><strong>5nigiliae</strong></span> <span class='ocrx_word' id='word_1_273' title='bbox 902 3516 980 3568; x_wconf 78' lang='lat' dir='ltr'><strong>RPI&#39;</strong></span> <span class='ocrx_word' id='word_1_274' title='bbox 1006 3515 1166 3586; x_wconf 76' lang='lat' dir='ltr'><strong>uigiliarum</strong></span> <span class='ocrx_word' id='word_1_275' title='bbox 1195 3515 1222 3564; x_wconf 84' lang='lat' dir='ltr'><em>E</em></span> 
     </span>
     <span class='ocr_line' id='line_1_32' title="bbox 58 3592 1222 3658; baseline -0.003 -3"><span class='ocrx_word' id='word_1_276' title='bbox 58 3592 87 3644; x_wconf 59' lang='grc' dir='ltr'><strong>(ὅ</strong></span> <span class='ocrx_word' id='word_1_277' title='bbox 107 3600 180 3656; x_wconf 81' lang='lat' dir='ltr'><strong>istud</strong></span> <span class='ocrx_word' id='word_1_278' title='bbox 197 3601 246 3655; x_wconf 84' lang='lat' dir='ltr'><strong>VR</strong></span> <span class='ocrx_word' id='word_1_279' title='bbox 264 3621 277 3655; x_wconf 83' lang='lat' dir='ltr'><strong>e</strong></span> <span class='ocrx_word' id='word_1_280' title='bbox 295 3601 349 3656; x_wconf 84' lang='lat' dir='ltr'><strong>ista</strong></span> <span class='ocrx_word' id='word_1_281' title='bbox 361 3603 425 3656; x_wconf 70' lang='lat' dir='ltr'><strong>Pro</strong></span> <span class='ocrx_word' id='word_1_282' title='bbox 478 3605 570 3657; x_wconf 86' lang='lat' dir='ltr'><strong>iurare</strong></span> <span class='ocrx_word' id='word_1_283' title='bbox 592 3604 670 3658; x_wconf 84' lang='lat' dir='ltr'><strong>VRE</strong></span> <span class='ocrx_word' id='word_1_284' title='bbox 686 3620 766 3657; x_wconf 89' lang='lat' dir='ltr'><strong>orara</strong></span> <span class='ocrx_word' id='word_1_285' title='bbox 780 3604 830 3656; x_wconf 83' lang='lat' dir='ltr'><strong>PT</strong></span> <span class='ocrx_word' id='word_1_286' title='bbox 882 3602 989 3656; x_wconf 72' lang='lat' dir='ltr'><strong>tuolit</strong></span> <span class='ocrx_word' id='word_1_287' title='bbox 1004 3603 1079 3655; x_wconf 80' lang='lat' dir='ltr'><strong>VRT</strong></span> <span class='ocrx_word' id='word_1_288' title='bbox 1095 3601 1182 3655; x_wconf 90' lang='lat' dir='ltr'><strong>nollet</strong></span> <span class='ocrx_word' id='word_1_289' title='bbox 1197 3600 1222 3652; x_wconf 92' lang='lat' dir='ltr'><em>P</em></span> 
     </span>
     <span class='ocr_line' id='line_1_33' title="bbox 64 3677 1219 3756; baseline -0.001 -15"><span class='ocrx_word' id='word_1_290' title='bbox 64 3677 272 3743; x_wconf 71' lang='lat' dir='ltr'><strong>8nescessitute</strong></span> <span class='ocrx_word' id='word_1_291' title='bbox 290 3706 320 3743; x_wconf 75' lang='lat' dir='ltr'><strong>cz</strong></span> <span class='ocrx_word' id='word_1_292' title='bbox 339 3691 531 3744; x_wconf 84' lang='lat' dir='ltr'><strong>necessitatem</strong></span> <span class='ocrx_word' id='word_1_293' title='bbox 556 3709 588 3743; x_wconf 88' lang='lat' dir='ltr'><strong>m.</strong></span> <span class='ocrx_word' id='word_1_294' title='bbox 613 3690 633 3742; x_wconf 80' lang='lat'><em>2</em></span> <span class='ocrx_word' id='word_1_295' title='bbox 656 3691 681 3744; x_wconf 90' lang='lat' dir='ltr'><em>V</em></span> <span class='ocrx_word' id='word_1_296' title='bbox 731 3690 955 3744; x_wconf 84' lang='lat' dir='ltr'><strong>9dominantem</strong></span> <span class='ocrx_word' id='word_1_297' title='bbox 979 3689 1004 3742; x_wconf 91' lang='lat' dir='ltr'><em>V</em></span> <span class='ocrx_word' id='word_1_298' title='bbox 1056 3691 1087 3741; x_wconf 92' lang='lat'><strong>10</strong></span> <span class='ocrx_word' id='word_1_299' title='bbox 1108 3687 1219 3756; x_wconf 56' lang='lat' dir='ltr'><strong>decedat</strong></span> 
     </span>
     <span class='ocr_line' id='line_1_34' title="bbox 68 3764 1219 3844; baseline 0 -17"><span class='ocrx_word' id='word_1_300' title='bbox 68 3764 135 3827; x_wconf 59' lang='lat' dir='ltr'><strong>Pl*</strong></span> <span class='ocrx_word' id='word_1_301' title='bbox 189 3778 220 3829; x_wconf 93' lang='lat' dir='ltr'><strong>ll</strong></span> <span class='ocrx_word' id='word_1_302' title='bbox 240 3774 323 3830; x_wconf 88' lang='lat' dir='ltr'><strong>homo</strong></span> <span class='ocrx_word' id='word_1_303' title='bbox 350 3776 402 3830; x_wconf 87' lang='lat' dir='ltr'><strong>deo</strong></span> <span class='ocrx_word' id='word_1_304' title='bbox 430 3777 455 3829; x_wconf 85' lang='lat' dir='ltr'><em>R</em></span> <span class='ocrx_word' id='word_1_305' title='bbox 482 3776 534 3830; x_wconf 91' lang='lat' dir='ltr'><strong>deo</strong></span> <span class='ocrx_word' id='word_1_306' title='bbox 561 3777 644 3831; x_wconf 91' lang='lat' dir='ltr'><strong>homo</strong></span> <span class='ocrx_word' id='word_1_307' title='bbox 669 3777 747 3830; x_wconf 83' lang='lat' dir='ltr'><strong>Pt&#39;E</strong></span> <span class='ocrx_word' id='word_1_308' title='bbox 798 3777 822 3830; x_wconf 82' lang='lat' dir='ltr'><strong>dt</strong></span> <span class='ocrx_word' id='word_1_309' title='bbox 847 3775 1160 3844; x_wconf 81' lang='lat' dir='ltr'><strong>inconpruehenaibilom</strong></span> <span class='ocrx_word' id='word_1_310' title='bbox 1180 3775 1219 3827; x_wconf 80' lang='lat' dir='ltr'><strong>Rc</strong></span> 
     </span>
     <span class='ocr_line' id='line_1_35' title="bbox 72 3851 1221 3933; baseline -0.002 -18"><span class='ocrx_word' id='word_1_311' title='bbox 72 3851 381 3931; x_wconf 67' lang='lat' dir='ltr'><strong>incomprehensibilem</strong></span> <span class='ocrx_word' id='word_1_312' title='bbox 401 3864 465 3916; x_wconf 75' lang='lat' dir='ltr'><strong>Pro</strong></span> <span class='ocrx_word' id='word_1_313' title='bbox 520 3866 553 3917; x_wconf 82' lang='lat' dir='ltr'><strong>ra</strong></span> <span class='ocrx_word' id='word_1_314' title='bbox 571 3864 629 3933; x_wconf 75' lang='lat' dir='ltr'><strong>ipse</strong></span> <span class='ocrx_word' id='word_1_315' title='bbox 648 3866 708 3917; x_wconf 75' lang='lat' dir='ltr'><strong>aar.</strong></span> <span class='ocrx_word' id='word_1_316' title='bbox 724 3874 762 3916; x_wconf 65' lang='grc' dir='ltr'><strong>ἠι.</strong></span> <span class='ocrx_word' id='word_1_317' title='bbox 782 3862 802 3916; x_wconf 83' lang='lat'><em>2</em></span> <span class='ocrx_word' id='word_1_318' title='bbox 826 3864 850 3916; x_wconf 79' lang='grc' dir='ltr'><em>ν</em></span> <span class='ocrx_word' id='word_1_319' title='bbox 902 3862 1221 3916; x_wconf 67' lang='lat' dir='ltr'><strong>remaneamus</strong></span> 
     </span>
     <span class='ocr_line' id='line_1_36' title="bbox 75 3944 1220 4019; baseline -0.001 -18"><span class='ocrx_word' id='word_1_320' title='bbox 75 3944 187 4003; x_wconf 76' lang='lat' dir='ltr'><strong>throno·</strong></span> <span class='ocrx_word' id='word_1_321' title='bbox 213 3949 315 4003; x_wconf 78' lang='lat' dir='ltr'><em>VPI&#39;E</em></span> <span class='ocrx_word' id='word_1_322' title='bbox 330 3949 460 4003; x_wconf 89' lang='lat' dir='ltr'><strong>thronum</strong></span> <span class='ocrx_word' id='word_1_323' title='bbox 480 3951 505 4003; x_wconf 85' lang='lat' dir='ltr'><em>R</em></span> <span class='ocrx_word' id='word_1_324' title='bbox 562 3953 594 4004; x_wconf 84' lang='lat'><strong>14</strong></span> <span class='ocrx_word' id='word_1_325' title='bbox 612 3951 773 4005; x_wconf 88' lang='lat' dir='ltr'><strong>scamellum</strong></span> <span class='ocrx_word' id='word_1_326' title='bbox 793 3951 818 4003; x_wconf 91' lang='lat' dir='ltr'><em>V</em></span> <span class='ocrx_word' id='word_1_327' title='bbox 834 3949 986 4004; x_wconf 85' lang='lat' dir='ltr'><strong>scabellum</strong></span> <span class='ocrx_word' id='word_1_328' title='bbox 996 3950 1142 4019; x_wconf 82' lang='lat' dir='ltr'><strong>RPTEcs.</strong></span> <span class='ocrx_word' id='word_1_329' title='bbox 1156 3950 1220 4012; x_wconf 76' lang='lat' dir='ltr'><strong>Aut,</strong></span> 
     </span>
     <span class='ocr_line' id='line_1_37' title="bbox 79 4033 1223 4123; baseline -0.001 -34"><span class='ocrx_word' id='word_1_330' title='bbox 79 4033 120 4101; x_wconf 80' lang='lat' dir='ltr'><strong>W,</strong></span> <span class='ocrx_word' id='word_1_331' title='bbox 139 4034 176 4089; x_wconf 62' lang='lat'><strong>91</strong></span> <span class='ocrx_word' id='word_1_332' title='bbox 234 4038 266 4091; x_wconf 82' lang='lat'><strong>18</strong></span> <span class='ocrx_word' id='word_1_333' title='bbox 284 4035 420 4090; x_wconf 81' lang='lat' dir='ltr'><strong>humanae</strong></span> <span class='ocrx_word' id='word_1_334' title='bbox 433 4042 546 4123; x_wconf 55' lang='lat' dir='ltr'><strong>terren}¹</strong></span> <span class='ocrx_word' id='word_1_335' title='bbox 567 4036 593 4102; x_wconf 76' lang='lat' dir='ltr'><strong>(d</strong></span> <span class='ocrx_word' id='word_1_336' title='bbox 611 4040 638 4090; x_wconf 81' lang='lat' dir='ltr'><strong>in</strong></span> <span class='ocrx_word' id='word_1_337' title='bbox 656 4036 720 4103; x_wconf 79' lang='lat' dir='ltr'><strong>ror.)</strong></span> <span class='ocrx_word' id='word_1_338' title='bbox 739 4037 765 4090; x_wconf 95' lang='lat' dir='ltr'><em>P</em></span> <span class='ocrx_word' id='word_1_339' title='bbox 815 4039 850 4091; x_wconf 78' lang='lat'><strong>22</strong></span> <span class='ocrx_word' id='word_1_340' title='bbox 868 4036 969 4104; x_wconf 88' lang='lat' dir='ltr'><strong>recipit</strong></span> <span class='ocrx_word' id='word_1_341' title='bbox 994 4037 1041 4089; x_wconf 84' lang='lat' dir='ltr'><strong>VR</strong></span> <span class='ocrx_word' id='word_1_342' title='bbox 1059 4037 1175 4103; x_wconf 83' lang='lat' dir='ltr'><strong>recipiat</strong></span> <span class='ocrx_word' id='word_1_343' title='bbox 1197 4036 1223 4088; x_wconf 88' lang='lat' dir='ltr'><em>P</em></span> 
     </span>
    </p>
   </div>
   <div class='ocr_carea' id='block_1_6' title="bbox 70 4140 1220 4314">
    <p class='ocr_par' dir='ltr' id='par_1_6' title="bbox 70 4140 1220 4314">
     <span class='ocr_line' id='line_1_38' title="bbox 76 4140 1219 4210; baseline 0.002 -16"><span class='ocrx_word' id='word_1_344' title='bbox 76 4140 188 4209; x_wconf 79' lang='lat' dir='ltr'><strong>recipiet</strong></span> <span class='ocrx_word' id='word_1_345' title='bbox 206 4141 260 4193; x_wconf 86' lang='lat' dir='ltr'><strong>TE</strong></span> <span class='ocrx_word' id='word_1_346' title='bbox 310 4142 344 4195; x_wconf 73' lang='lat'><strong>28</strong></span> <span class='ocrx_word' id='word_1_347' title='bbox 362 4141 481 4195; x_wconf 83' lang='lat' dir='ltr'><strong>humane</strong></span> <span class='ocrx_word' id='word_1_348' title='bbox 511 4143 536 4194; x_wconf 90' lang='lat' dir='ltr'><em>P</em></span> <span class='ocrx_word' id='word_1_349' title='bbox 610 4142 727 4210; x_wconf 87' lang='lat' dir='ltr'><strong>requirit</strong></span> <span class='ocrx_word' id='word_1_350' title='bbox 752 4143 777 4195; x_wconf 84' lang='lat' dir='ltr'><em>R</em></span> <span class='ocrx_word' id='word_1_351' title='bbox 804 4142 926 4210; x_wconf 77' lang='lat' dir='ltr'><strong>requiret</strong></span> <span class='ocrx_word' id='word_1_352' title='bbox 966 4142 1065 4193; x_wconf 79' lang='lat' dir='ltr'><em>I&#39;PPE</em></span> <span class='ocrx_word' id='word_1_353' title='bbox 1099 4143 1219 4210; x_wconf 78' lang='lat' dir='ltr'><strong>reperiet</strong></span> 
     </span>
     <span class='ocr_line' id='line_1_39' title="bbox 70 4209 1220 4314; baseline 0.001 -15"><span class='ocrx_word' id='word_1_354' title='bbox 70 4247 133 4299; x_wconf 81' lang='lat' dir='ltr'><strong>coni.</strong></span> <span class='ocrx_word' id='word_1_355' title='bbox 146 4245 240 4298; x_wconf 76' lang='lat' dir='ltr'><strong>ltened.</strong></span> <span class='ocrx_word' id='word_1_356' title='bbox 285 4246 320 4298; x_wconf 75' lang='lat'><strong>24</strong></span> <span class='ocrx_word' id='word_1_357' title='bbox 329 4209 532 4310; x_wconf 76' lang='lat' dir='ltr'><strong>scripturaium</strong></span> <span class='ocrx_word' id='word_1_358' title='bbox 542 4246 704 4300; x_wconf 86' lang='lat' dir='ltr'><strong>caelestium</strong></span> <span class='ocrx_word' id='word_1_359' title='bbox 717 4247 792 4299; x_wconf 81' lang='lat' dir='ltr'><strong>RPI&#39;</strong></span> <span class='ocrx_word' id='word_1_360' title='bbox 800 4245 961 4300; x_wconf 82' lang='lat' dir='ltr'><strong>caelestium</strong></span> <span class='ocrx_word' id='word_1_361' title='bbox 972 4246 1174 4314; x_wconf 82' lang='lat' dir='ltr'><strong>scripturarum</strong></span> <span class='ocrx_word' id='word_1_362' title='bbox 1187 4249 1220 4301; x_wconf 78' lang='grc' dir='ltr'><strong>Ε.</strong></span> 
     </span>
    </p>
   </div>
   <div class='ocr_carea' id='block_1_7' title="bbox 0 0 1401 4844">
    <p class='ocr_par' dir='ltr' id='par_1_7' title="bbox 0 0 1401 4844">
     <span class='ocr_line' id='line_1_40' title="bbox 0 0 1401 4844; baseline 0 0"><span class='ocrx_word' id='word_1_363' title='bbox 0 0 1401 4844; x_wconf 95' lang='lat' dir='ltr'><strong> </strong></span> 
     </span>
    </p>
   </div>
  </div>
 </body>
</html>
