2790 4844
397 268 576 317 tractatus
595 264 630 316 in
649 263 818 332 psalmum
842 264 962 319 CXVIII.
1188 265 1251 330 461

104 453 137 516 in
162 472 199 517 es
222 459 378 534 tamquam
403 452 435 516 in
459 451 533 517 ceelo
556 453 686 517 uerbum
721 454 769 518 dei
801 461 932 518 maneat.
979 454 1114 520 oaelum
1147 455 1252 520 enim

105 563 279 621 6116116
309 556 559 637 praeteribit:
590 570 620 621 et
644 559 797 640 quomodo
821 557 887 622 11666
912 565 993 622 terra
1015 558 1143 624 lundata
1165 579 1251 624 msu-

104 679 179 724 surs
201 660 271 726 est?
293 661 352 724 nisi
376 659 456 725 forte
480 661 609 726 fundato
631 662 662 725 in
687 661 745 726 hoo
769 661 882 727 soeculo
905 669 1023 727 tentum
1040 683 1185 729 mausum
1201 665 1250 742 sit

105 765 137 828 id
161 772 209 830 est
232 767 400 830 secundum
426 765 530 830 saeculi
553 764 642 830 huius
666 765 912 832 constitutionem
943 775 974 831 et
1004 768 1071 848 ipsu
1093 788 1250 832 mansura.

105 870 161 933 sed
184 869 212 933 si
234 889 437 950 permansuro
470 876 525 943 est,
551 890 611 953 quo
646 870 739 935 uerbo
774 870 968 954 significatur
1001 873 1032 936 iu
1068 878 1249 953 perpetuum

104 993 390 1050 manumissorum
429 993 559 1038 neeesse
593 982 641 1038 est
673 975 911 1058 generationum
946 983 1026 1040 16116
1060 977 1186 1041 fundato
1220 985 1251 1042 et

105 1097 253 1142 mansura
286 1097 355 1142 esse
378 1078 533 1143 credenda
556 1085 611 1156 est
645 1079 757 1162 quibus
791 1078 829 1143 ob
863 1079 1025 1145 ueritatem
1060 1081 1091 1144 in
1121 1079 1170 1145 his
1200 1080 1251 1146 dei

106 1189 284 1247 manentem
318 1181 448 1247 coelestis
483 1181 592 1247 horum
626 1203 707 1247 nuno
741 1196 933 1248 terrenorum
968 1204 1128 1264 corporum
1151 1183 1250 1269 gloria

107 1292 304 1367 proeparatur.
357 1292 387 1350 61
419 1285 588 1351 absolutius
622 1287 653 1351 id
691 1287 733 1351 ita
769 1289 972 1371 consequenti
1010 1309 1100 1353 uersu
1138 1290 1252 1369 poterit

107 1389 257 1474 intellegi.

148 1494 177 1558 8.
203 1495 257 1558 Ait
275 1495 372 1559 euim:
397 1496 660 1560 ordinatione
684 1503 749 1560 tuu
772 1503 1017 1577 perseuerat
1040 1497 1137 1576 dies,
1162 1518 1251 1581 quo-

110 1599 212 1662 niem
237 1599 367 1663 omniu
397 1600 585 1664 seruiunt
614 1600 698 1664 tibi.
744 1601 811 1665 dies
842 1602 909 1678 iste,
933 1601 984 1684 qui
1008 1621 1089 1666 nune
1113 1608 1167 1679 est
1191 1621 1250 1666 non

109 1712 291 1783 perseuerat,
322 1704 494 1770 interuentu
526 1705 625 1769 166116
655 1714 823 1785 exemptus.
869 1712 922 1770 aut
945 1705 971 1770 si
995 1707 1034 1771 do
1064 1705 1155 1770 huius
1189 1705 1251 1771 disi

110 1807 296 1886 temporibus
318 1805 436 1874 locutus
459 1815 549 1883 esset,
583 1809 772 1874 mentionem
803 1802 895 1874 etiam
930 1810 1027 1874 noctis
1050 1810 1118 1875 fieri
1141 1829 1252 1876 conue-

107 1918 203 1992 nerat,
238 1931 307 1996 quse
341 1913 416 1993 pari,
451 1921 485 1977 ut
508 1913 584 1985 dies,
619 1913 668 1978 dei
692 1914 885 1978 ordinatione
908 1914 1053 1994 persistit.
1100 1917 1155 1980 sed
1179 1915 1252 1998 quia

108 2012 176 2078 dios
195 2015 245 2081 lux
270 2030 318 2081 est
341 2024 372 2082 61
394 2030 519 2082 sauctus
543 2018 673 2101 quisque
698 2018 804 2082 mundi
828 2018 915 2083 istius
940 2017 1042 2083 lumen
1073 2026 1127 2096 661
1159 2017 1250 2085 huius

105 2135 183 2198 orgo
215 2121 338 2186 lumime
372 2122 438 2186 dies
473 2142 534 2186 non
569 2122 713 2204 ambigue
747 2122 939 2188 ordinatione
970 2123 1020 2186 dei
1051 2142 1249 2203 perseuerare

103 2223 562 2308 616111616116166661616116,
586 2226 658 2309 quio
673 2227 777 2290 omnis
793 2226 851 2291 deo
872 2227 1016 2291 seruisut.
1062 2246 1143 2291 nunc
1165 2227 1250 2291 enim

99 2338 172 2386 nun
192 2330 294 2394 omniu
318 2330 375 2394 deo
398 2331 543 2395 seruiunt
589 2331 740 2413 numquid
763 2337 794 2395 61
817 2338 994 2410 peccatores
1014 2331 1071 2394 deo
1087 2328 1249 2395 seruiunt?

98 2434 255 2516 nunquid
279 2440 311 2498 et
334 2432 366 2498 hi
390 2435 536 2512 seruiunt,
560 2435 610 2518 qui
634 2435 736 2499 adhue
759 2433 894 2499 scabello
911 2434 1026 2499 domini
1042 2434 1155 2514 pedum
1177 2435 1249 2500 sub·
1277 2463 1278 2491 ι

96 2519 201 2601 dendi
231 2538 327 2603 sunt?
372 2537 448 2626 dixit
475 2539 556 2604 euim
589 2539 703 2603 Dauid:
739 2539 844 2602 dixit
874 2539 1060 2603 dominus
1091 2538 1250 2603 domino

95 2638 205 2705 ¹11eo:
240 2643 560 2708 sedesdextriS
583 2643 691 2721 meis,
726 2644 851 2708 donee
885 2662 1026 2723 ponam
1057 2641 1250 2706 inimicos

94 2725 196 2809 tllos
217 2745 446 2812 scamillum
471 2748 614 2827 pedum
636 2755 801 2813 tuorum.
833 2754 863 2812 et
879 2745 1249 2827 socundumupostolum:

95 2843 270 2916 Ο1101161
305 2871 386 2916 oum
422 2871 606 2935 regnare,
641 2853 768 2916 donec
798 2851 1131 2932 ponatiuimicos
1156 2870 1249 2916 suos

98 2944 179 3012 sub
203 2955 375 3036 pedibus
399 2955 495 3020 eius.
542 2975 616 3039 orgo
635 2962 707 3021 tuno
723 2956 798 3032 dios
823 2956 853 3019 id
878 2962 925 3020 est
947 2968 1122 3020 sauctorum
1146 2954 1248 3020 lumen
1276 2978 1278 3010 i

102 3048 309 3135 permanebit,
333 3079 405 3124 cum
429 3061 487 3124 deo
510 3061 658 3141 eoeperint
680 3061 824 3125 uniuerso
848 3060 975 3125 seruire.

157 3243 284 3304 llistth.
303 3249 401 3316 XXIV,
420 3251 461 3304 35.
499 3252 531 3305 21
551 3251 593 3305 Po.
614 3251 682 3317 CIX,
704 3254 725 3304 l.
763 3252 827 3302 241
848 3250 909 3304 Cor.
929 3253 970 3317 15,
988 3252 1030 3304 25.

162 3404 290 3465 letenim
316 3411 340 3463 V
389 3412 505 3467 dulsisi
529 3413 553 3464 V
603 3413 632 3466 in
650 3413 702 3466 hoc
720 3430 749 3465 ex
768 3412 798 3465 in
816 3412 884 3466 huso
902 3430 968 3465 corr.
988 3429 1020 3464 m.
1034 3410 1054 3463 2
1069 3412 1093 3463 V
1142 3416 1252 3464 tautum

52 3538 57 3567 ‚
129 3490 194 3548 misit
208 3499 231 3551 V
278 3500 381 3552 distet
399 3502 428 3553 61
446 3509 469 3552 et
486 3499 548 3567 ipss
566 3498 639 3552 1-2
656 3501 731 3553 litter.
751 3499 859 3552 616611
912 3499 1033 3552 5uerbo
1051 3516 1081 3552 ex
1098 3499 1203 3552 ueurbo
1219 3515 1252 3551 m.

132 3625 145 3680 Ῑ
157 3591 279 3706 1111101)
324 3637 505 3692 dobsolutius
520 3638 546 3690 V
589 3641 620 3693 13
630 3644 746 3707 exeptus
752 3637 790 3709 p(
798 3637 828 3703 l)
874 3639 967 3691 duom.
984 3636 1009 3689 V
1051 3638 1084 3690 15
1093 3637 1158 3705 quis
1167 3654 1215 3689 om.
1230 3635 1256 3689 V

131 3720 156 3773 111
169 3728 192 3775 61
216 3743 262 3779 ouu
284 3726 323 3795 Cp
376 3724 458 3779 istius
485 3725 582 3779 mundi
607 3726 631 3778 V
682 3728 714 3779 17
732 3741 794 3779 1616
812 3752 846 3761 -
864 3740 1012 3792 persedere
1039 3725 1098 3777 odd.
1127 3741 1159 3777 m.
1187 3722 1207 3775 2
1230 3722 1256 3776 V

126 3807 154 3864 18
167 3811 351 3866 616ᾶ61ιι1’11.
371 3809 391 3863 2
415 3812 439 3864 V
459 3811 622 3866 crederetur
642 3814 665 3865 C
714 3828 840 3865 nuno-
860 3811 986 3864 seruiunt
1012 3829 1061 3864 osu.
1082 3811 1119 3880 Cp
1174 3812 1206 3864 19
1224 3815 1253 3863 61

118 3903 267 3971 peccatores
285 3925 319 3935 -
338 3898 474 3967 numquid
492 3901 519 3952 in
538 3918 619 3968 lump.
637 3918 708 3970 supr.
726 3901 786 3952 odd.
807 3916 838 3951 m.
856 3897 918 3951 211
967 3899 1001 3951 20
1019 3896 1109 3951 adhuc
1127 3897 1254 3950 seruiunt

115 3983 234 4044 scamillo
259 3985 282 4036 V
333 3983 363 4037 di
382 3988 420 4055 Cp
473 3985 609 4040 subdendi
627 4004 657 4039 es
675 3985 848 4039 subdendum
867 4002 900 4037 m.
919 3983 978 4037 21'
1027 3985 1061 4038 21
1079 3983 1129 4036 dix
1153 4001 1183 4036 ex
1207 3983 1253 4036 dio

104 4070 214 4155 pdioit
233 4073 256 4125 C
306 4077 400 4125 sutem
424 4071 508 4126 dauid
533 4074 547 4125 b
600 4073 634 4128 23
652 4072 808 4126 scamillum
833 4072 857 4123 V
882 4071 1035 4125 scamnellu
1062 4089 1075 4123 e
1101 4069 1253 4123 scabellum

106 4160 192 4232 lleb
214 4159 248 4228 cs.
267 4159 332 4212 nou.
351 4157 402 4224 IV,
426 4158 464 4212 ut
515 4160 550 4214 25
574 4161 624 4214 sub
648 4159 765 4228 pedibus
792 4158 848 4211 suis
875 4159 932 4229 llpb
985 4160 1020 4212 26
1044 4174 1107 4211 cum
1134 4159 1194 4210 odd.
1219 4175 1252 4208 m.

100 4247 176 4311 211
228 4245 256 4298 in
274 4245 405 4298 uniuerso
427 4246 457 4298 V.
