2790 4844
406 254 586 306 tractatus
611 252 645 305 in
664 254 834 321 psalmum
853 254 923 309 LXI.
1174 257 1234 322 211

114 444 180 507 buta
199 451 317 508 naturae
333 461 369 508 ac
385 441 454 506 uitae
470 461 534 507 suae
549 443 667 508 ratione
683 443 844 509 formasse.
892 443 972 510 hanc
986 446 1091 529 itaque
1107 446 1236 530 impiam

114 563 197 611 acrum
228 547 485 612 obtrectationem
515 544 666 629 propheta
696 567 766 612 mox
797 548 912 632 arguit:
947 568 1155 633 quousque
1184 551 1237 614 in·

114 647 511 716 ruitisinhominem?
557 641 1238 738 interficitisuniuersi,tamquam

115 755 244 829 parieti
267 752 469 819 inclinato
493 760 530 819 et
553 754 737 820 maceriae
760 754 958 836 inpulsae?
991 756 1237 836 inpelluntenim

115 850 153 921 ha
171 859 344 943 ignorantes
377 863 470 942 atque
503 858 606 939 impiae
641 858 865 940 disputationes
899 858 1056 925 hominem
1090 861 1129 925 ad
1163 862 1237 926 uitia
1278 884 1291 919 u

116 961 262 1036 procliuem
293 969 324 1027 et
353 981 501 1046 quassum
533 962 596 1026 iam
627 963 851 1047 cadentemque
882 964 1068 1049 demergunt
1100 965 1236 1031 consiliis

115 1062 343 1133 adhortationum
370 1064 526 1131 fallacium
549 1066 770 1151 noxiarumque
793 1067 997 1148 perimentes:
1032 1069 1120 1152 quasi
1142 1088 1238 1150 parua

116 1164 237 1252 sibiipsa
252 1170 442 1237 conciliatrix
458 1170 603 1236 uitiorum
618 1169 758 1236 uoluntas
771 1172 820 1248 sit,
844 1190 937 1254 quam
951 1171 1054 1237 adhuc
1067 1172 1238 1253 desperatio

115 1265 199 1339 iudicii
220 1275 328 1341 aetsrni
351 1274 622 1358 retributionisque
652 1275 683 1339 in
715 1295 805 1340 usum
837 1281 956 1340 tantum
986 1277 1185 1356 praesentium
1208 1284 1239 1341 et

117 1377 297 1456 corporalium
321 1376 510 1443 adhortetur.
806 1434 809 1439 .
1266 1402 1291 1438 ιο
1348 1403 1349 1406 “

151 1484 173 1546 i.
193 1482 253 1548 Sed
278 1482 361 1547 bunc
384 1482 520 1562 corporis
533 1483 580 1547 sui
595 1483 755 1564 parietem,
775 1502 870 1565 quam
886 1489 957 1548 ante
978 1483 1080 1562 libido,
1097 1483 1238 1560 ebrietas,

118 1584 234 1663 sunta,
257 1586 304 1651 ira
327 1585 510 1667 perfoderat,
534 1586 597 1651 iam
619 1586 651 1650 iu
675 1606 708 1651 se
732 1587 763 1649 in
785 1587 909 1651 domum
927 1587 976 1652 dei
992 1587 1070 1652 uiuis
1085 1586 1239 1669 lapidibus

120 1693 268 1756 extructum
299 1709 370 1755 asse
401 1709 460 1754 uon
495 1690 595 1755 nescit
625 1695 656 1754 et
686 1691 716 1754 in
741 1690 911 1768 imaginem
937 1691 987 1755 dai
1011 1695 1147 1756 creatum
1170 1711 1239 1756 esse

121 1792 216 1872 uoto
249 1800 414 1877 certusque
437 1793 625 1859 conformem
651 1814 684 1859 sc
708 1794 756 1859 dei
780 1792 886 1878 gloriae
906 1794 1070 1875 praepareri
1094 1794 1238 1860 subiecit:

122 1904 369 1964 cerumtamen
401 1896 593 1963 honorem
625 1917 750 1962 meum
786 1898 1079 1982 cogitauerunt
1112 1897 1239 1979 repel-
1267 1924 1291 1959 lt

123 1989 192 2078 lere,
224 2002 386 2068 cucurri
420 2002 459 2066 in
491 2001 573 2066 siti.
619 2000 678 2066 illis
710 2001 857 2066 bonorem
889 2021 979 2066 suum
1003 2000 1167 2067 detrahere
1190 2022 1238 2066 oc·

124 2098 266 2178 titautibus
290 2104 341 2170 ilie
364 2106 396 2170 in
418 2106 470 2170 siti
493 2105 634 2171 cucurrit.
680 2113 727 2171 est
757 2106 839 2171 enim
870 2104 937 2171 sitis
968 2107 1128 2171 bonorum·
1152 2111 1239 2171 aeter·

126 2217 207 2274 torum
223 2216 251 2276 et
267 2208 414 2291 spiritalis
429 2209 547 2274 esuries
563 2209 594 2273 iu
610 2210 736 2286 sanctie,
751 2210 790 2275 de
813 2228 875 2293 qua
890 2209 1007 2274 dictum
1031 2216 1094 2275 eat:
1118 2209 1238 2288 beati,

126 2309 174 2384 iti
192 2315 374 2380 esuriunt
397 2320 435 2378 et
458 2313 609 2378 sitiunt
632 2313 840 2378 iustitiam
885 2333 1009 2378 cursum
1026 2312 1238 2397 ergciustitiae

127 2423 172 2476 tue
188 2419 289 2484 sitiens
313 2418 418 2493 tenuit,
433 2436 559 2482 omnem
581 2417 677 2482 uitam
700 2417 853 2502 integram
874 2418 966 2483 etiam
982 2416 1020 2481 ab
1037 2417 1103 2497 ipsa
1119 2420 1238 2481 contra·
1265 2443 1291 2479 20

128 2508 264 2587 dieucum
287 2521 348 2587 sibi
368 2521 589 2587 obtrectatione
606 2540 801 2586 concernens.
846 2541 918 2585 narn
943 2527 973 2586 et
995 2541 1013 2584 a
1036 2521 1161 2585 domino
1184 2539 1239 2584 suo

127 2611 214 2705 didicit,
243 2634 275 2691 ut
306 2645 399 2707 opera
429 2625 532 2690 omnia
563 2644 617 2690 sua
647 2625 740 2690 etiam
776 2624 900 2708 gentilis
932 2624 1097 2690 testimonii
1128 2623 1238 2689 iudicio

128 2710 265 2808 ludantur,
288 2749 360 2795 oum
384 2729 509 2794 dicitur:
534 2730 592 2794 sic
616 2728 780 2794 luceant
802 2750 924 2810 opera
946 2733 1085 2793 uestra
1108 2746 1238 2792 coram

128 2813 339 2911 hominibus,
378 2839 418 2898 ut
453 2833 725 2916 magnificent
758 2839 912 2914 patrem
948 2837 1139 2908 uestrum,
1170 2831 1238 2914 qui

129 2937 220 3003 tutin
241 2937 363 3004 caelis.
408 2935 809 3018 sicetPaulusplacens
833 2939 968 3001 omnia
991 2935 1028 2999 in
1051 2935 1238 3000 omnibus
1266 2961 1291 2999 sc

159 3037 291 3097 leuatae.
310 3042 342 3109 V,
362 3047 385 3097 6.
439 3043 473 3096 28
491 3041 561 3097 Ibid.
582 3045 622 3096 16.
658 3040 926 3107 aelccr.1o,3c.

159 3142 237 3202 ltuae
254 3149 287 3214 (u
306 3166 337 3201 ex
355 3149 393 3201 n?
411 3166 485 3205 corr..
505 3164 537 3200 ae
555 3149 582 3199 iu
600 3165 653 3199 rus.
673 3143 748 3198 2-3
767 3145 828 3209 tite.)
848 3145 874 3199 R
935 3147 952 3197 2
975 3131 1203 3199 cb‘rectaticnem
1217 3143 1243 3195 P

129 3220 298 3290 obsecutione
322 3235 456 3289 formasse
480 3234 505 3287 V
573 3235 666 3303 arguit
684 3233 778 3286 dicens
799 3233 825 3284 Ε
876 3249 999 3302 quosque
1023 3232 1048 3286 V
1116 3230 1240 3284 inruistis

128 3325 148 3361 Ε
170 3317 268 3377 inmitis
297 3323 323 3375 P
348 3322 467 3375 irruistis
499 3322 523 3373 Τ
601 3323 618 3375 3
648 3319 825 3374 interfecistis
856 3319 907 3372 VI*
983 3322 1000 3370 4
1030 3318 1186 3399 macherias
1216 3317 1242 3370 P

126 3397 209 3462 ⁶heac
239 3409 263 3462 V
331 3409 421 3477 adque
455 3406 540 3460 VRP¹
611 3410 628 3461 6
655 3411 814 3474 quassatum
843 3407 867 3458 T
935 3405 962 3459 id
989 3408 1016 3458 in
1033 3389 1147 3459 rassm.
1171 3401 1191 3457 3
1215 3404 1241 3457 R

124 3485 176 3546 iet
198 3499 254 3549 cdd.
282 3516 316 3549 m.
345 3495 365 3548 2
388 3495 412 3548 V
481 3496 513 3550 lc
541 3498 678 3548 structum
697 3494 723 3547 R
792 3497 821 3548 et
838 3511 887 3545 cm.
912 3493 937 3546 V
1003 3494 1033 3546 in
1050 3510 1121 3563 supr.
1139 3509 1189 3544 scr.
1208 3509 1240 3543 m.

122 3573 136 3626 Ι
147 3576 169 3630 Ρ
227 3586 259 3638 14
288 3583 437 3637 reformem
455 3582 481 3635 R
556 3581 586 3635 16
613 3580 724 3634 cucurri
753 3599 784 3633 en
813 3581 888 3634 curri
915 3598 949 3634 m.
973 3581 990 3632 1
1019 3578 1044 3632 V
1110 3576 1240 3686 inauririltrflm

122 3697 149 3752 Vc
193 3707 224 3758 17
241 3707 269 3760 in
288 3705 364 3759 sitim
381 3705 451 3772 Vite,
469 3705 516 3757 sed
532 3704 566 3773 cs.
585 3701 657 3764 infra
710 3702 814 3756 etenim
831 3700 892 3755 sitis
906 3701 956 3753 PT
1009 3703 1041 3755 ls
1059 3705 1087 3754 et
1106 3698 1240 3767 spiritalis

113 3786 136 3842 ib
152 3784 243 3877 tcjei
253 3790 306 3859 (cis
324 3795 352 3845 in
370 3810 422 3844 rus.
442 3802 465 3844 et
481 3801 570 3860 postea
589 3807 655 3842 eros.
675 3789 698 3852 a)
717 3805 784 3841 coru.
797 3806 831 3839 m.
845 3788 894 3840 lu
906 3791 935 3842 et
947 3786 1079 3855 spiritalis
1093 3787 1122 3840 in
1135 3786 1240 3839 sanctis

114 3894 144 3949 Ve
158 3904 198 3950 aut
214 3896 348 3966 spiritalis
367 3896 397 3949 in
414 3895 516 3950 sanctis
544 3893 583 3961 (in
608 3893 710 3947 sanctis
738 3894 763 3944 iu
782 3909 835 3945 ras.
855 3890 892 3958 Τ)
912 3890 963 3943 ΡΤ
1016 3892 1049 3944 19
1067 3889 1193 3943 esuriunt
1211 3907 1242 3942 en

104 3983 220 4039 undant
246 4001 280 4038 m.
308 3983 327 4036 2
351 3983 376 4036 V
426 3981 560 4036 iustitiam
587 3999 617 4033 eu
644 3979 766 4033 iustitiae
794 3997 826 4029 ru.
855 3976 874 4030 ,9
906 3977 931 4030 V
980 3976 1122 4031 nesciens
1154 3975 1241 4029 VRPe

100 4072 155 4143 ipae
172 4089 204 4125 e:
220 4072 283 4140 ipsu
302 4089 335 4125 m.
355 4068 375 4122 2
397 4069 422 4122 V
472 4071 504 4123 21
524 4085 540 4121 a
557 4070 618 4121 cdd.
639 4066 704 4119 m?
722 4066 746 4117 V
795 4067 830 4119 22
848 4063 1001 4118 testimonii
1011 4081 1040 4115 es
1049 4062 1239 4117 testimonium

98 4179 128 4213 ιι,
153 4160 173 4212 2
201 4157 225 4212 V
274 4159 310 4212 28
327 4156 456 4210 laudetur
474 4156 501 4208 P
551 4172 614 4209 cum
633 4153 736 4207 dicitur
754 4151 844 4205 ornV
894 4152 986 4204 luceat
998 4151 1022 4202 Ρ
1073 4152 1107 4203 ‘25
1125 4150 1238 4217 placens

92 4275 143 4329 per
160 4255 257 4309 omnia
273 4252 403 4307 omnibus
423 4253 468 4305 Te.

1035 4351 1083 4405 14*
