2790 4844
152 214 193 278 aa
491 215 608 267 sancti
633 214 768 267 Hilarii
792 213 953 282 episcopi

152 406 323 489 signandus
347 410 377 468 et
399 403 489 468 huius
513 405 672 473 nobiscum
697 405 837 470 noctibus
860 404 1031 487 diebusque
1046 404 1177 484 copiosae
1194 404 1296 468 breui-

152 509 224 574 tatis
257 509 442 574 thensaurus
476 511 700 590 conparandus,
745 518 778 574 ut
816 509 969 592 adquisita
1001 509 1059 574 hac
1089 510 1119 573 in
1150 509 1297 574 uiaticum

151 614 331 679 aeternitatis
354 612 508 694 opulentia
530 619 561 679 et
583 613 760 679 habitantes
782 615 814 678 in
838 612 968 678 ecclesia
991 615 1115 678 tandem
1139 613 1171 676 in
1195 612 1295 696 gloria

153 716 269 782 Christi
292 717 427 798 corporis
450 718 659 800 quiescamus.

112 1002 125 1037 a
588 948 774 1032 nsnsnns
801 948 851 1030 u.
901 914 904 919 ’
990 987 992 991 -

195 1099 238 1162 In
263 1099 385 1164 finem
409 1097 653 1165 intellectus
676 1097 741 1162 illi
766 1097 904 1174 Dauid,
937 1117 1022 1162 cum
1053 1098 1166 1163 uenit
1191 1097 1297 1163 Doec

151 1204 350 1267 idumaeus
383 1209 421 1267 et
454 1203 717 1267 adnuntiauit
755 1202 848 1267 Saul
884 1208 921 1266 et
959 1202 1063 1267 dixit
1093 1203 1145 1266 ei:
1180 1203 1296 1266 uenit

150 1307 278 1371 Dauid
301 1307 339 1370 in
364 1308 518 1371 domum
542 1305 792 1371 Abimelcch.
927 1299 930 1304 ’

194 1411 294 1491 Quid
318 1410 525 1494 gloriaris,
548 1413 586 1475 in
611 1410 769 1474 malitia
792 1410 857 1493 qui
888 1418 1033 1490 potens
1064 1430 1114 1487 aa
1145 1410 1296 1493 iniqui-

98 1546 121 1578 10
151 1526 273 1580 tatem
298 1519 381 1579 tota
405 1513 492 1580 dis?
537 1515 803 1598 iniquilatem
835 1515 1035 1598 engilsuit
1063 1513 1297 1596 linguatus

150 1619 327 1702 etreliqua.

195 1751 223 1814 l.
248 1748 474 1830 Superscriptio
497 1750 564 1830 ipsa
587 1747 697 1828 psalmi
720 1748 881 1814 sollicitam
905 1752 1086 1829 expetendas
1109 1748 1294 1834 intellegen-

150 1855 199 1919 tia
223 1852 355 1935 postulat
378 1853 578 1938 diligentiam.
624 1860 672 1918 est
695 1854 776 1917 enim
799 1854 831 1917 in
855 1854 979 1918 exordio
1002 1854 1067 1919 eius
1090 1856 1194 1919 statim
1212 1855 1295 1935 posi·

150 1968 230 2023 tum:
253 1959 292 2022 in
316 1958 439 2023 finem
469 1957 723 2023 intellectus.
769 1978 841 2022 nam
866 1963 896 2022 et
918 1978 979 2021 rrou
1003 1959 1049 2022 sui
1073 1959 1222 2039 temporis
1244 1979 1296 2023 res

99 2091 123 2127 a
149 2062 287 2143 psalmus
310 2061 465 2126 continere
488 2062 666 2139 ostenditur,
697 2062 744 2126 cui
775 2062 966 2143 proscriptio
996 2061 1074 2126 tituli
1108 2062 1147 2126 in
1171 2062 1188 2125 f
1192 2063 1295 2128 inem

149 2174 204 2231 est.
250 2175 281 2231 et
304 2186 373 2231 cum
398 2166 429 2230 iu
452 2165 514 2231 fine
535 2165 746 2254 intellegentia
769 2167 817 2239 sit,
840 2186 899 2230 non
926 2174 1025 2246 potest
1052 2167 1083 2230 in
1107 2186 1142 2231 eo
1165 2165 1294 2232 alicuius

149 2269 274 2335 alterius
305 2269 405 2353 magis
435 2270 480 2335 rei
511 2269 722 2353 intellegentia
752 2290 821 2336 osse
852 2290 944 2354 quam
968 2271 1047 2335 finis.
1094 2271 1164 2335 finis
1189 2277 1291 2336 autem

149 2380 204 2453 est,
228 2380 261 2438 ut
283 2374 459 2457 frequenter
489 2375 689 2444 ostendimus,
721 2395 781 2457 quo
812 2374 1034 2440 concluduntur
1063 2375 1177 2454 omnia,
1207 2375 1294 2440 cuius

149 2497 243 2540 causa
265 2484 369 2542 cetera
391 2486 470 2557 suut,
494 2478 533 2541 ad
557 2497 649 2561 quem
676 2479 819 2544 uniuersa
849 2479 923 2559 spei,
953 2498 1067 2554 rerum,
1098 2479 1293 2562 negotiorum

97 2616 101 2627 ·
148 2601 242 2662 opera
264 2582 420 2646 festinant.

192 2711 221 2775 2.
245 2710 461 2795 Intellegentia
484 2731 557 2795 ergo
581 2710 691 2791 psalmi
714 2710 746 2775 in
769 2732 805 2776 eo
827 2712 975 2787 consistit,
1006 2712 1044 2776 ob
1069 2731 1163 2794 quem
1188 2713 1290 2776 omnia

149 2821 228 2892 sunt,
251 2821 338 2879 extra
361 2834 452 2897 quern
476 2815 553 2879 nihil
578 2820 633 2880 est.
679 2823 710 2879 et
733 2815 802 2897 quis
825 2816 883 2879 iste
907 2815 954 2889 sit
978 2815 1200 2898 superscriptio
1217 2816 1289 2896 ipsa,

149 2939 217 3001 quar
241 2919 396 2983 continere
418 2916 579 2982 historiam
602 2918 800 2992 existimatur,
824 2919 973 2982 ostendet.
1018 2928 1065 2982 est
1088 2919 1172 2983 enim
1207 2919 1289 2984 talis:

148 3023 186 3085 in
217 3022 340 3086 finem
370 3021 612 3087 intellectus
643 3021 706 3084 illi
739 3022 875 3098 Dauid,
922 3042 1004 3085 cum
1043 3023 1156 3086 uenit
1188 3024 1289 3088 Doeo

195 3248 347 3303 lnobisV
397 3248 610 3303 2thessuruslt
663 3242 868 3301 iuiaticumcc
886 3242 897 3301 i
915 3248 1060 3302 uitaticum
1076 3265 1107 3302 m.
1122 3251 1141 3300 ⁶.)
1159 3249 1185 3302 V
1234 3251 1289 3303 3in

146 3327 246 3388 ‘alesia
264 3353 329 3388 snm.
349 3352 380 3388 m.
400 3335 419 3387 ⁶.)
443 3336 468 3389 V
518 3335 547 3387 in
564 3336 654 3403 gloria
671 3333 720 3405 1131
739 3336 864 3403 corporis
889 3335 956 3388 Vin
974 3335 1064 3404 gloria
1082 3337 1207 3405 corporis
1222 3338 1246 3389 R
1263 3336 1292 3390 in

147 3421 237 3488 gloria
249 3422 373 3490 corporis
387 3421 489 3480 Christi
503 3423 517 3471 t
570 3424 587 3475 5
600 3421 724 3490 Explicit
735 3422 857 3490 psalmus
871 3422 949 3475 XIIII
967 3422 1066 3490 incipit
1078 3424 1203 3490 psalmus
1213 3407 1252 3476 U
1270 3424 1294 3476 I'

148 3508 224 3561 Finit
242 3508 364 3576 psalmus
382 3509 460 3562 XIIII
489 3509 588 3576 incipit
615 3509 651 3562 LI
670 3511 696 3563 R
749 3508 850 3576 Incipit
868 3509 979 3561 tractat'
1004 3509 1077 3563 beati
1106 3509 1208 3577 hylarii
1234 3511 1292 3578 pio·

148 3595 268 3649 tenensis
294 3600 327 3663 ep
350 3596 380 3648 in
402 3594 492 3663 psalm
518 3595 554 3647 LI
580 3596 600 3648 P
625 3595 699 3659 (odd.
719 3615 750 3648 nr.
774 3614 840 3648 arser.
867 3596 956 3657 XII?)
980 3599 997 3650 6
1022 3596 1050 3648 in
1072 3595 1155 3650 sunem
1175 3624 1209 3634 -
1228 3597 1293 3652 nbi-

147 3682 254 3735 melech
277 3700 325 3734 om.
345 3683 370 3734 R
424 3685 440 3733 7
464 3682 593 3735 Idumeus
618 3684 666 3735 VP
718 3682 781 3735 Saul
808 3683 831 3733 I'
853 3681 929 3735 Sauli
947 3683 973 3733 P
1023 3685 1040 3736 8
1065 3682 1244 3736 Aolrimelech
1271 3685 1295 3737 V

147 3771 193 3823 sed
215 3771 243 3822 ia
265 3779 373 3838 scopet
399 3771 439 3821 tic
465 3772 520 3825 cod.
546 3788 645 3840 scarrper
663 3769 834 3836 Abimelech‚
852 3771 1018 3838 <plantatur
1036 3769 1074 3832 ΙΙ,
1093 3769 1149 3832 1οἆ
1203 3771 1293 3825 sini·

148 3856 255 3922 quitata
269 3856 317 3909 VR
335 3857 380 3907 sed
397 3855 429 3916 cf.
447 3857 521 3921 iufra
531 3875 588 3926 cup.
600 3857 619 3909 5
632 3867 655 3909 et
669 3858 731 3909 Alta.
748 3857 798 3919 IV,
818 3856 850 3908 77
906 3858 938 3908 10
947 3855 1111 3910 iniustitiam
1122 3856 1294 3925 cogitabitR

149 3945 182 3996 12
208 3943 406 4011 superscribtio
439 3943 465 3998 V
514 3943 684 4011 expetendae
712 3963 741 3996 es
768 3942 953 4011 expectandae
982 3943 1008 3996 R
1063 3946 1094 3995 14
1121 3959 1165 3996 res
1194 3961 1243 3997 om.
1272 3943 1296 3994 P

152 4031 182 4083 15
209 4029 345 4083 contineri
373 4031 399 4082 P
451 4032 484 4084 16
510 4039 553 4083 est
580 4048 628 4083 orn.
660 4031 683 4081 Ρ
735 4030 768 4084 18
795 4047 877 4098 quem
905 4030 1109 4084 concluduntur
1135 4030 1163 4084 P
1213 4031 1292 4087 cuius

148 4115 282 4169 clausaV
333 4118 366 4171 19
384 4116 419 4169 ad
437 4133 507 4184 quae
526 4115 871 4170 uniuersacresrerumP
920 4120 951 4170 21
968 4116 1003 4170 de
1016 4117 1177 4195 quaomnia
1190 4120 1294 4173 suntid

147 4205 181 4256 ‘23
199 4203 359 4256 historiali
413 4203 535 4257 ostendit
558 4204 637 4257 VI'E.
