2790 4844
179 247 220 313 68
518 251 636 304 sancti
660 251 798 305 Hilarii
822 251 986 319 episcopi

177 440 265 520 ipse
287 439 390 505 fecit
412 459 481 505 uas
505 439 617 506 aliud
639 443 857 507 secundum
882 441 986 524 quod
1008 441 1218 521 placuitin
1235 461 1321 505 con·

177 549 321 624 spectu
344 544 439 620 eiua,
464 544 633 628 significari
656 545 845 630 intellegitur
868 545 961 616 etiam
980 544 1040 620 illa,
1064 565 1132 627 quae
1148 547 1320 610 secundum

178 648 228 712 dei
249 646 438 726 uoluntatem
469 651 697 733 resurgentium
728 669 889 730 corporum
921 651 1099 714 instauratio
1130 658 1177 714 est
1208 649 1320 714 sutura.

176 762 265 832 prout
287 751 314 816 ei
338 753 422 816 enim
452 752 555 836 placet
584 759 614 818 et
643 755 674 818 in
706 760 872 834 conspectu
902 755 967 819 eius
999 754 1129 838 dignum
1161 759 1216 831 est,
1248 754 1346 818 con·'

139 882 151 918 a
178 854 276 920 fracta
298 856 459 939 reparabit,
482 876 542 921 nou
566 878 603 923 ex
625 857 685 922 alia
707 857 818 941 aliqua,
850 860 905 922 scd
936 878 974 922 ex
995 864 1101 923 uetere
1131 864 1224 941 atque
1252 859 1341 938 ipsa·

176 960 306 1043 originis
329 979 392 1025 suae
415 962 544 1026 materie
567 963 705 1043 speciem
727 961 788 1026 illis
811 960 974 1043 conplaciti
997 961 1056 1027 sibi
1080 962 1201 1027 decoris
1217 961 1320 1042 inper-

176 1064 272 1129 tiens:
308 1074 339 1128 at
376 1064 621 1146 corruptibilium
658 1085 820 1147 corporum
855 1066 885 1129 in
919 1066 1154 1148 incorruptionis
1187 1064 1319 1150 gloriam

175 1168 439 1233 resurrectionen
463 1169 589 1234 interitu
611 1178 751 1234 naturam
775 1169 917 1251 perimat,
940 1169 996 1235 sed
1027 1169 1182 1253 qualitatis
1212 1169 1319 1234 condi·

175 1272 263 1337 cione
301 1273 447 1338 demutet.
494 1292 555 1337 non
589 1274 670 1339 enim
709 1273 793 1337 aliud
827 1293 944 1354 corpus,
983 1274 1125 1357 quamuis
1167 1273 1197 1336 in
1235 1273 1318 1338 aliud

124 1402 149 1438 n>
175 1383 327 1460 resurget,
351 1376 488 1457 apostolo
513 1377 649 1442 dicente:
681 1380 910 1444 seminatur
931 1379 970 1442 in
993 1376 1239 1458 corruptela,
1262 1398 1318 1443 re·

175 1482 311 1564 surgit
333 1482 373 1545 in
395 1482 721 1563 incorruptione;
753 1482 981 1547 seminatur
1010 1482 1049 1545 in
1079 1482 1318 1566 ignominia,

174 1586 410 1668 resurgitin
427 1584 575 1668 gloria;
600 1587 827 1651 seminatur
850 1586 887 1649 in
910 1585 1319 1662 infirmitateresur·

175 1689 235 1772 git
264 1689 302 1752 in
325 1690 498 1767 uirtute;
529 1691 757 1754 seminatur
787 1709 933 1770 corpus
964 1687 1151 1770 animale,
1182 1689 1319 1774 surgit

174 1812 320 1873 corpus
358 1792 562 1873 spiritale.
607 1793 643 1858 fit
676 1813 751 1879 ergo
785 1794 961 1870 demutatio,
994 1793 1050 1858 sed
1083 1812 1144 1857 non
1179 1792 1318 1857 adfertur

123 1921 147 1957 u
174 1895 305 1962 abolitio.
351 1906 382 1962 et
397 1917 468 1962 cum
490 1897 530 1974 id,
551 1898 633 1981 quod
648 1897 714 1976 suit,
739 1898 827 1974 inid,
851 1897 933 1982 quod
949 1917 1009 1961 non
1033 1896 1099 1974 suit,
1123 1897 1231 1980 surgit,
1253 1916 1316 1960 non

173 2001 277 2065 amisit
300 2001 461 2084 originem,
484 2002 540 2067 sed
563 2000 693 2082 profecit
715 2002 755 2066 ad
771 2001 928 2066 honorem.
952 2001 1106 2084 confringi
1128 2001 1232 2083 itaque
1248 2020 1315 2077 nos,

174 2110 333 2187 tamquam
356 2125 411 2170 uas
434 2104 530 2191 figuli,
554 2105 603 2171 uel
627 2125 716 2183 nune,
741 2103 791 2171 uel
814 2112 885 2169 tunc
900 2105 1107 2190 gaudeamus:
1131 2108 1211 2169 utet
1226 2124 1319 2182 nunc,

173 2208 265 2273 modo
287 2207 373 2294 figuli
397 2210 488 2287 uasis,
512 2210 682 2275 conmortui
705 2215 736 2275 et
757 2208 928 2291 consepulti
944 2210 1067 2273 domino
1082 2209 1114 2272 in
1129 2209 1317 2288 baptismate

174 2313 205 2376 in
228 2313 362 2378 nouitate
396 2315 467 2378 uitae
500 2313 694 2380 ambulemus
729 2320 761 2379 et
792 2314 825 2378 in
857 2333 971 2377 nouum
1006 2311 1121 2377 Christi
1156 2311 1317 2377 hominem

120 2437 145 2476 ao
173 2417 312 2498 deposito
334 2425 438 2483 uetere
460 2438 669 2496 renascamur,
693 2424 724 2483 et
746 2424 818 2482 tunc
843 2437 897 2498 per
926 2415 1007 2481 hunc
1035 2436 1122 2481 nouae
1145 2415 1316 2481 natiuitatis

172 2521 346 2602 protectum
368 2523 401 2586 in
424 2522 547 2587 beatam
577 2521 661 2586 illam
691 2541 727 2587 ac
758 2523 815 2587 deo
845 2520 1019 2603 placentem
1053 2521 1170 2585 iteratae
1192 2539 1318 2602 repara-

173 2624 263 2689 tionis
286 2631 398 2691 nostrae
421 2626 559 2707 speciem
583 2626 795 2691 reformemur.

108 2827 112 2836 Ι
216 2747 267 2812 42.
291 2744 384 2812 Cuius
406 2747 477 2812 boni
501 2768 560 2812 non
591 2748 716 2832 ignarus
746 2745 898 2828 propheta
928 2751 997 2830 post
1026 2746 1094 2810 haec
1123 2744 1264 2811 hortatur
1286 2752 1319 2810 et

172 2850 264 2915 dicit:
289 2859 326 2914 et
348 2871 451 2916 nunc
475 2871 595 2937 reges
617 2849 867 2935 intellegite,
884 2849 1107 2915 erudimini
1126 2849 1193 2933 qui
1216 2848 1318 2913 iudi·

121 2979 146 3016 ω
174 2954 279 3019 catis
309 2965 467 3021 terram.
514 2957 672 3020 sernite
705 2955 864 3020 domino
894 2955 932 3018 in
964 2955 1109 3018 timore
1140 2957 1178 3018 et
1211 2954 1319 3018 exul·

172 3064 254 3124 tate
286 3079 371 3125 cum
403 3067 585 3125 tremore.
630 3057 928 3140 adprehendite
959 3056 1240 3138 disciplinam,
1270 3076 1318 3124 ne

172 3163 280 3229 forte
303 3164 509 3229 irascatur
532 3163 725 3240 dominus,
757 3170 796 3227 et
825 3163 1007 3244 pereatis
1038 3163 1085 3226 de
1114 3160 1179 3225 uia
1200 3161 1317 3226 iusta

217 3305 249 3357 ιο
267 3304 279 3355 1
300 3303 360 3356 nor.
379 3302 438 3370 xv,
457 3306 501 3357 aa.

216 3511 335 3564 2etiam
352 3510 521 3576 intelligitur
539 3510 588 3563 illa
607 3511 634 3562 Ε
685 3514 802 3578 4prout
821 3508 844 3563 dt
863 3509 935 3560 euim
955 3509 980 3560 n
1003 3509 1088 3575 prout
1114 3505 1190 3559 enim
1217 3507 1244 3560 ei
1269 3508 1321 3561 ΥΕ

172 3597 201 3650 in
220 3614 269 3649 one.
287 3597 312 3650 V
362 3600 430 3651 dex
449 3597 538 3651 ueteri
553 3598 580 3650 E
630 3596 797 3650 6muteriae
810 3596 836 3648 R
889 3591 1040 3662 tcorporu
1059 3592 1280 3662 incorruptionis
1299 3596 1323 3647 V

174 3686 201 3736 ll
232 3683 262 3736 in
288 3683 496 3752 incorruptione
516 3704 545 3737 eu
563 3684 592 3738 in
620 3684 847 3752 corruptionem.
868 3684 888 3734 2
912 3682 936 3734 V
1003 3683 1036 3734 12
1067 3679 1190 3748 resurgit
1218 3698 1336 3752 seraper·

174 3772 280 3838 restitui,
300 3772 359 3840 puin
377 3773 431 3823 cod.
457 3772 482 3824 V
497 3773 562 3825 lunc
578 3772 702 3839 formam,
721 3787 786 3834 qaae
806 3771 884 3823 terrui
893 3785 988 3838 praeco
1001 3778 1023 3819 ct
1036 3768 1147 3835 untionis
1159 3768 1331 3822 audendus

173 3856 271 3910 Italicis
289 3859 424 3928 respondet
443 3857 577 3922 (Subnticr
592 3858 645 3920 III,
666 3856 739 3922 718),
756 3859 842 3926 primo
861 3858 915 3908 loro
934 3865 1034 3923 excepto
1053 3863 1200 3907 constanter
1217 3858 1325 3924 reperit.

171 3948 298 4012 resurget
310 3943 365 3997 RE
417 3947 449 3998 13
467 3949 593 4014 resurget
606 3943 730 4053 spiritale
744 3941 801 4008 (nm.
815 3941 925 4011 corpus)
940 3942 993 3994 ΠΕ
1045 3944 1077 3995 16
1096 3939 1251 4009 confringit
1268 3942 1318 3995 VR

173 4066 205 4118 19
232 4064 307 4118 uitae
333 4082 381 4118 orn.
410 4067 435 4118 R
493 4068 528 4121 20
554 4073 648 4120 uetere
676 4067 701 4118 R
747 4081 924 4118 renascamur
950 4082 980 4116 ea·
1006 4079 1152 4116 nascamur
1180 4081 1213 4115 m.
1241 4062 1262 4117 2
1294 4061 1316 4114 V

170 4151 204 4204 23
232 4151 344 4220 ignarus
371 4170 401 4205 cu
427 4152 538 4221 ignoras
565 4172 598 4207 nr.
625 4152 645 4205 2
669 4153 692 4206 V
742 4154 777 4206 25
795 4157 823 4205 et
841 4152 963 4204 exultate
982 4150 1007 4205 ei
1025 4166 1088 4203 cum
1107 4149 1162 4201 RE
1213 4151 1249 4205 26
1267 4151 1307 4204 ad·

170 4237 351 4305 praehendite
375 4240 430 4292 VR.
