2790 4844
149 271 190 337 78
488 273 605 325 sancti
631 272 764 326 Hilarii
790 272 952 340 episcopi

148 462 331 527 clarificatos
354 469 386 526 et
408 460 627 525 inmortalitate
651 469 810 542 coopertos
834 467 865 525 et
887 462 917 525 in
943 462 1079 542 corporis
1096 462 1142 526 sui
1159 460 1292 545 gloriam

148 568 355 631 conformatos
385 566 417 629 in
448 584 580 649 reguum
609 567 707 646 patris
738 566 872 642 inducat,
907 566 966 630 iam
999 564 1207 631 cohereditate
1238 585 1293 631 sue

149 671 275 754 dignos,
308 669 370 733 iam
409 670 440 732 in
480 668 630 733 familiam
669 669 764 749 patris
803 671 1001 750 adsumptae,
1043 671 1105 734 iam
1142 669 1292 734 bonorum

149 773 214 838 eius
240 771 409 857 gloriaeque
440 774 613 857 participes,
644 781 677 837 ut
701 774 778 854 patri
809 779 980 856 conregnet
1009 773 1040 837 in
1070 773 1160 838 nobis
1190 774 1293 858 sitque

109 909 121 944 a
149 879 224 942 daus
248 878 352 942 omnia
366 877 396 941 iu
414 877 562 952 omnibus,
587 897 655 941 cum
679 877 868 942 subiectione
891 878 1086 943 oboedientiae
1108 878 1139 942 in
1156 878 1293 942 diuinam

149 989 290 1045 naturam
314 980 457 1045 humanae
486 981 713 1065 adsumptionis
736 981 936 1046 absorbeatur
958 980 1131 1046 iufirmitas
1178 988 1293 1047 aeterua

149 1084 216 1149 lraec
237 1086 331 1168 igitur
355 1084 527 1166 partilium
552 1084 617 1148 laus
641 1085 720 1166 patri
744 1086 802 1150 deo
826 1086 932 1149 debita
955 1092 1011 1162 est,
1044 1086 1199 1151 suscitatis
1229 1105 1296 1149 om·

149 1188 247 1266 uibua,
270 1189 322 1272 qui
339 1189 378 1253 ab
392 1189 496 1253 Adam
518 1208 617 1272 usque
640 1190 679 1253 ad
703 1189 793 1273 regni
814 1197 936 1272 tempus
955 1209 1011 1272 per
1032 1188 1129 1255 fidem
1151 1190 1294 1268 uiuerint,

149 1298 180 1357 et
203 1291 317 1357 caelesti
341 1291 448 1358 habitu
472 1314 489 1356 a
514 1312 640 1373 corpore
664 1293 898 1377 transfiguratis,
923 1299 953 1358 et
975 1294 1136 1376 iniquitate
1168 1293 1294 1359 malitiae

96 1427 121 1462 ιο
149 1398 249 1460 omnis
273 1395 384 1473 ablata,
409 1406 440 1461 et
462 1396 583 1461 diabolo
606 1397 636 1460 iu
661 1417 784 1478 poenam
808 1398 915 1462 aetemi
939 1398 1021 1481 ignis
1044 1397 1176 1470 addicto,
1200 1405 1231 1461 et
1255 1399 1294 1463 de

149 1504 299 1565 memoria
321 1501 481 1566 homiuum
514 1502 639 1565 nomine
663 1502 728 1566 eius
752 1510 912 1583 exempto:
945 1501 1013 1566 haec
1036 1503 1066 1565 iu
1094 1500 1212 1582 psalmo
1244 1521 1294 1566 oc·

150 1604 230 1669 culta
263 1611 432 1681 cantantur,
468 1605 535 1669 haec
566 1613 779 1670 consummato
811 1605 873 1670 fine
909 1605 1110 1671 celebrantur.
1156 1611 1187 1670 et
1221 1606 1294 1688 quia

150 1706 229 1773 filius
253 1709 423 1772 futurorum
448 1711 586 1773 omnium
610 1710 749 1774 conscius
773 1717 827 1786 est,
859 1709 928 1774 lraec
958 1717 1114 1792 tamquam
1140 1709 1199 1773 iam
1224 1729 1296 1789 per-

150 1811 229 1875 lecta
256 1812 429 1891 laudantur,
461 1814 533 1896 quia
562 1815 594 1878 iu
618 1834 654 1879 eo
685 1821 716 1878 et
738 1814 819 1895 opud
850 1833 920 1878 eum
951 1821 982 1878 et
1010 1834 1065 1894 per
1096 1832 1167 1877 eum
1189 1814 1297 1877 omnia

97 1945 122 1982 ra
151 1927 234 1979 sunt:
258 1917 317 1997 ipsi
341 1916 494 2000 gloriam
518 1917 630 1982 saecula
653 1917 842 1983 saeculorum.
889 1938 988 1983 amen.

573 2087 759 2172 l'SllllllS
785 2088 864 2171 lllll.

208 2210 319 2275 Dixit
349 2213 555 2292 iusipiens
586 2214 625 2276 iu
655 2214 775 2277 corde
807 2233 891 2277 suo:
924 2232 998 2276 uon
1030 2222 1089 2276 est
1115 2212 1213 2277 deus

626 2317 808 2401 mmmm

195 2419 223 2482 1.
247 2417 282 2482 ln
299 2417 405 2483 multis
427 2439 483 2484 nos
507 2420 651 2485 erudiens
666 2420 821 2501 apostolus
837 2421 975 2486 etiamid
991 2422 1105 2499 edocet,
1121 2439 1192 2484 cum
1210 2422 1299 2487 omui

96 2548 124 2588 cc
150 2524 323 2587 reuerentia
346 2523 477 2588 uerbum
501 2524 550 2587 dei
581 2544 650 2589 esse
681 2526 883 2601 tractandum,
914 2525 1036 2590 dicens:
1069 2525 1135 2608 qui
1166 2521 1299 2607 loqui·

151 2633 219 2702 tur,
244 2631 444 2710 tamquam
469 2627 631 2711 eloquia
655 2629 727 2693 dei.
772 2648 833 2692 non
858 2629 941 2693 enim
958 2628 1127 2693 secuudum
1140 2630 1300 2694 sermonis

149 2729 245 2794 nostri
275 2750 363 2793 usum
393 2732 602 2811 promiscuam
634 2734 664 2796 in
689 2731 738 2796 his
763 2753 830 2798 esse
861 2738 982 2814 oportet
1012 2731 1208 2807 facilitatem
1240 2734 1298 2797 sed

149 2833 344 2916 loquentibus
368 2835 456 2900 nobis
480 2856 523 2914 ea,
555 2856 624 2920 quae
649 2836 813 2901 didicimus
837 2843 867 2901 et
890 2836 1032 2920 legimuS,
1061 2855 1117 2917 per
1148 2835 1298 2901 sollieitu-

149 2937 252 3002 dinem
277 2939 502 3005 sermocinandi
527 2939 624 3006 honor
647 2948 694 3005 est
709 2940 885 3006 reddendus
901 2941 1025 3005 auctori.
1071 2946 1101 3005 et
1116 2939 1297 3021 exemplum

94 3070 122 3106 a
149 3040 237 3104 nobis
261 3039 394 3106 caelestis
418 3044 564 3108 doctrinae
587 3051 713 3125 praestet
743 3043 871 3109 humaui
902 3044 996 3108 oflicii
1025 3044 1223 3109 consuetudo.
1269 3046 1296 3109 si

149 3144 233 3208 euim
257 3145 326 3227 quis
350 3147 445 3211 uerba
466 3147 552 3230 regis
574 3147 780 3228 interpretans
810 3159 840 3212 et
871 3155 1026 3228 praecepta
1060 3147 1125 3213 eius
1147 3147 1181 3212 in
1204 3167 1295 3214 aures

192 3252 226 3304 20
244 3251 256 3302 1
274 3250 348 3303 Patr.
366 3253 391 3316 4,
412 3253 451 3304 ll.

194 3390 255 3440 let
267 3387 549 3444 inmortalitatcecet
563 3392 591 3442 et
603 3391 805 3445 inmortalitate
818 3391 920 3445 m..‘.)V
969 3392 1104 3460 gloriari
1157 3390 1249 3445 iliam
1264 3390 1290 3443 iu

148 3472 281 3526 familiam
291 3475 358 3527 exin
368 3474 502 3529 familiam
512 3476 574 3530 m.2
589 3477 613 3531 V
652 3480 668 3531 ὅ
681 3478 851 3532 subiectione
861 3480 954 3548 scripsi
966 3478 1166 3533 subiectionem
1182 3477 1234 3532 Vri
1244 3493 1291 3546 pet

149 3559 347 3614 subiectionem
363 3564 427 3615 coni.
443 3563 538 3616 Bened.
552 3566 578 3616 in
592 3567 652 3617 cdo.
667 3593 701 3602 -
712 3564 750 3628 cs.
762 3568 794 3618 de
807 3567 880 3618 Trio.
894 3565 944 3630 XI,
957 3563 1005 3632 32,
1022 3567 1095 3618 δεταί.
1112 3563 1185 3618 1889
1192 3582 1222 3636 p.
1234 3561 1291 3616 320

149 3648 164 3696 7
192 3647 331 3700 suscitatis
359 3648 387 3700 iu
419 3649 546 3713 pmuibus
574 3671 589 3702 r
644 3654 675 3705 13
701 3651 770 3705 haec
797 3669 827 3705 ex
854 3651 918 3706 ham
945 3671 978 3705 m.
998 3650 1018 3704 2
1040 3651 1066 3705 V
1117 3652 1150 3705 tc
1168 3649 1291 3720 Explicit

149 3732 270 3801 psalmus
283 3733 361 3787 VIlll
380 3734 480 3803 incipit
497 3738 618 3804 psalmus
632 3739 698 3791 x111
715 3737 835 3792 feliciter
856 3739 882 3792 V
896 3738 1021 3807 Explicit
1039 3738 1072 3792 dc
1091 3738 1176 3792 titulo
1194 3737 1292 3807 psalmi

149 3819 215 3872 noni
232 3820 332 3886 incipit
351 3821 472 3889 psalmus
487 3824 645 3893 XIILLege
664 3823 783 3878 feliciter
801 3847 816 3878 a·
834 3854 867 3863 —
887 3829 913 3879 ia
931 3829 985 3878 cccl.
1002 3827 1035 3890 R,
1055 3827 1099 3895 qui
1116 3827 1209 3878 omisso
1227 3841 1292 3878 ncnc

148 3908 214 3958 tunc
228 3909 359 3976 psalmum
382 3912 491 3962 secando
516 3913 626 3964 adnectit
649 3909 715 3976 (uid.
740 3913 844 3982 supro),
866 3924 926 3982 pcct
950 3916 1077 3982 inlepram
1102 3914 1182 3982 ipsius
1198 3912 1296 3981 psalmi

149 4003 242 4046 textum
254 3996 344 4048 decant
356 3997 407 4048 duc
421 3998 515 4066 pricrc
535 4007 658 4051 tractatus
670 4001 757 4068 capita
774 3999 803 4052 in
822 3999 917 4053 multia
936 4017 986 4052 nos
1005 3998 1177 4053 crudienc—
1187 3997 1295 4054 exultet

148 4080 261 4133 Israhel.
317 4083 348 4135 17
378 4082 510 4151 insipiens
540 4103 570 4136 ex
599 4084 735 4153 incipiens
766 4105 797 4138 m.
829 4085 848 4138 2
883 4088 908 4140 V
960 4089 992 4140 19
1021 4086 1051 4138 iu
1080 4085 1177 4139 multis
1208 4103 1240 4139 cx
1264 4085 1294 4140 in

149 4167 274 4222 mulmtis
293 4169 361 4221 ml
384 4169 409 4223 V
458 4171 542 4224 etiam
560 4170 625 4224 iude
644 4172 725 4225 docet
743 4193 756 4225 r
809 4176 840 4226 21
862 4172 972 4241 eloquia
989 4191 1019 4226 ex
1036 4171 1158 4241 eloquiis
1174 4189 1211 4224 m.
1230 4170 1249 4225 2
1272 4173 1297 4227 t·

145 4255 183 4307 26
201 4253 404 4323 interpraetans
428 4257 452 4310 V
502 4257 532 4310 in
550 4274 644 4311 aurem
662 4260 700 4313 rb.
1303 4260 1306 4265 ‘
