2790 4844
364 277 543 326 tractatus
562 272 597 325 in
615 274 786 341 psalmum
806 273 911 327 CXLII.
1143 274 1205 339 811

61 461 192 526 bonus
216 463 685 527 deducetmeinterram
709 469 1044 544 rectampropter
1067 485 1208 530 nomen

62 573 180 642 tuum,
206 567 375 631 domine.

112 669 159 735 12.
184 669 364 736 Consonane
386 670 514 752 apostoli
538 671 691 736 confessio
715 673 823 737 estad
847 672 888 750 id,
913 673 995 755 quod
1020 673 1077 738 ait:
1109 675 1207 738 doce

62 794 121 838 me
144 777 284 840 lacere
307 775 560 840 uoluntatem
585 782 700 853 tuam,
723 774 808 842 illud.
830 777 1068 859 quodpereum
1093 777 1206 842 dictum

62 885 127 943 est:
151 885 188 943 et
211 879 279 962 qui
302 885 417 960 putat
440 899 481 946 se
505 880 624 960 seire,
648 881 819 944 nondum
844 880 932 956 scit,
956 882 1207 963 quemadmo-

63 983 153 1046 dum
176 993 366 1063 oporteat
388 1004 428 1048 se
451 985 568 1049 seire.
614 985 746 1067 quodsi
771 1004 921 1049 neorare
951 986 1078 1068 quidem
1108 985 1209 1050 adhuc

62 1087 179 1152 scimus
203 1086 339 1171 alloqui
363 1088 520 1153 desideria
553 1095 658 1153 nostre
692 1108 753 1152 non
786 1089 930 1153 nouimus
965 1088 1073 1169 spiritu
1107 1089 1209 1169 potius

60 1210 119 1272 pro
153 1191 243 1256 nobis
277 1192 536 1258 inenarrabilibus
570 1193 738 1277 gemitibus
767 1192 942 1273 postulante
973 1198 1004 1257 et
1031 1193 1208 1273 inperitiam
1316 1280 1319 1289 Ι

63 1300 201 1360 nostram
235 1315 357 1360 arcanae
403 1297 538 1362 scientiae
576 1295 685 1361 affeetu
723 1303 906 1377 repensante
943 1299 1112 1362 seeundum
1150 1296 1209 1363 boc

63 1399 194 1478 apostoli
211 1400 341 1464 dictum:
366 1401 461 1483 quid
485 1402 587 1465 enirn
613 1421 772 1465 oremus
796 1401 1014 1466 secundum
1038 1401 1208 1485 id‚quod

63 1510 263 1583 oporteat,
292 1505 512 1582 nescimus;
551 1506 619 1570 sed
657 1506 745 1584 ipse
784 1504 957 1586 spiritus
992 1525 1061 1585 pro
1091 1491 1209 1570 nobis

63 1607 249 1687 postulat
286 1608 511 1692 gemitibus
550 1608 917 1686 inenarrabilibus,
955 1629 1015 1673 non
1053 1610 1209 1674 incondite

62 1711 218 1791 propbeta
240 1712 377 1777 creditur
406 1733 501 1784 orare,
532 1720 565 1777 ut
587 1713 778 1778 uoluntatem
813 1714 862 1778 dei
898 1715 1044 1779 doceatur
1079 1713 1209 1795 explere.

12 1821 15 1827 '
63 1824 96 1880 et
118 1823 289 1897 conpetens
323 1815 375 1880 illa
408 1817 552 1882 humanae
575 1818 771 1882 uerecundiae
803 1817 955 1897 professio
983 1826 1038 1896 est,
1061 1825 1102 1895 ut
1126 1818 1208 1901 quod

62 1940 120 2000 per
155 1920 297 2000 spiritum
333 1920 384 1985 dei
417 1921 448 1985 in
482 1929 595 1986 terrem
629 1929 747 1988 rectam
782 1922 981 1987 deducendus
1013 1923 1060 1998 sit,
1094 1922 1125 1986 id
1149 1942 1208 1986 non

62 2023 165 2088 mariti
201 2043 270 2088 esse
293 2024 341 2090 sui
364 2032 488 2110 arroget
509 2045 611 2108 neque
634 2047 691 2107 per
714 2025 957 2091 satisfactionem
981 2026 1096 2107 proprii
1120 2027 1210 2091 obse·

62 2127 129 2211 quii
153 2128 185 2193 id
208 2128 268 2193 sibi
292 2129 432 2208 postulet,
455 2132 511 2195 sed
534 2137 629 2195 totum
653 2131 713 2196 hoc
736 2131 777 2195 ad
800 2129 1032 2196 clarIficandum
1055 2130 1086 2194 in
1111 2131 1210 2196 sedai

63 2250 178 2296 nomen
203 2239 351 2312 expectet,
374 2241 407 2298 ut
430 2241 553 2315 propter
576 2233 727 2300 honorem
751 2235 800 2299 dei
825 2234 959 2298 nominis
980 2235 1011 2298 in
1028 2243 1110 2299 terra
1125 2241 1210 2299 recte

63 2356 135 2402 csse
159 2341 319 2401 statuatur.

110 2441 160 2506 13.
185 2439 226 2505 Et
259 2441 331 2524 quia
365 2441 446 2506 banc
480 2448 595 2507 terram
630 2449 744 2507 rectam
781 2443 1004 2508 scitsibinon
1029 2443 1211 2524 incorpore

63 2544 176 2609 mortis
199 2543 290 2610 huius
323 2566 414 2626 posse
449 2546 582 2623 concedi,
617 2547 689 2630 quia
723 2545 808 2611 labes
842 2547 944 2612 carole
978 2545 1122 2611 bumanae
1156 2565 1212 2625 per

63 2648 234 2712 admixtam
259 2650 289 2712 iu
313 2669 347 2714 se
378 2649 523 2714 uitiorum
557 2651 811 2716 cousuetudinem
846 2649 961 2714 aboleri
997 2649 1117 2730 penitus
1152 2650 1210 2714 nisi

64 2772 136 2816 cum
161 2758 278 2817 naturae
301 2754 510 2818 demutatione
533 2774 594 2818 non
611 2755 715 2834 possit,
738 2753 888 2819 uiuificari
904 2774 946 2832 se,
972 2754 1058 2838 quael
1074 2755 1210 2818 noudum

64 2857 162 2932 uiuat,
196 2856 368 2936 expostulat
403 2858 524 2922 dicens:
563 2858 806 2923 uiuificabis
840 2878 897 2923 me
936 2861 974 2922 ln
1020 2858 1211 2941 aequitate

66 2966 142 3024 tua.
189 2960 338 3025 educes
373 2962 417 3025 de
452 2962 724 3026 tribulatione
759 2963 929 3026 animam
963 2981 1089 3026 meam
1113 2961 1210 3026 etin
1240 2983 1244 2995 ·

67 3064 362 3130 mIsericcrdia
384 3076 449 3129 tua
473 3066 688 3146 disperdes
712 3066 901 3131 inimicos
926 3086 1040 3130 meos.
1070 3072 1106 3130 et
1129 3085 1212 3147 per·

68 3168 139 3233 des
162 3188 307 3245 omnes
332 3170 396 3251 qui
422 3169 623 3235 tribulant
646 3171 817 3235 animam
849 3191 988 3234 meam:
1024 3169 1212 3252 quoniam

69 3292 214 3337 seruus
250 3280 339 3337 tuus
373 3294 445 3357 ego
479 3294 571 3338 sum.
617 3273 883 3358 habuitquidem,
918 3281 950 3339 ut
980 3274 1120 3348 diximus,
1152 3273 1213 3338 hoc

69 3375 184 3441 iustitia
207 3378 410 3456 uerecundia,
434 3383 475 3455 ut,
499 3378 653 3462 quidquid
675 3377 750 3442 illud
784 3379 842 3443 sibi
877 3378 1076 3444 beatitudinis
1100 3386 1213 3459 sperat,

112 3567 161 3621 51
180 3566 240 3620 Cor.
259 3570 284 3635 8,
302 3569 327 3621 2.
364 3572 398 3623 10
416 3569 493 3623 Rom.
513 3568 586 3637 VIII,
604 3572 646 3623 26.

112 3743 129 3793 2
143 3751 204 3810 poet
222 3741 369 3795 domineR
381 3745 457 3796 cdd:
475 3741 630 3796 uiuificabis
643 3759 687 3795 me
706 3743 734 3795 in
753 3742 892 3811 aequitate
911 3747 959 3795 tua
1012 3746 1028 3796 ὅ
1047 3760 1075 3795 ee
1091 3743 1162 3795 scire
1175 3743 1214 3795 Re

69 3845 127 3882 eece
146 3827 217 3881 scire
231 3829 269 3899 pb
321 3831 407 3883 tinec
425 3847 456 3883 ex
470 3846 506 3883 ne
518 3848 550 3882 m.
560 3829 615 3884 313
628 3847 679 3883 nec
694 3830 744 3900 pE
794 3832 944 3884 bercanae
958 3828 1009 3883 1³¹2
1027 3829 1162 3883 archanae
1176 3826 1213 3882 a·

70 3914 190 3968 archano
199 3913 275 3986 p(A)
288 3917 413 3969 arcanob
466 3917 598 3970 scientiae
607 3918 647 3970 Ile
665 3916 849 3970 conscientiae
860 3915 949 3986 p(A)b
1006 3919 1036 3969 13
1054 3916 1185 3970 credetur
1193 3934 1213 3986 p

70 4002 103 4056 lll
120 4018 177 4055 non
205 4019 254 4056 om.
281 4002 307 4056 R
371 4006 402 4056 16
420 4003 527 4072 proprii
551 4000 643 4075 p(A)b
670 4004 709 4072 pii
738 4004 777 4058 Re
840 4005 872 4057 18
891 4009 995 4057 rectam
1021 4022 1093 4074 supr.
1119 4021 1168 4057 scr.
1194 4022 1214 4073 p

68 4091 102 4143 28
120 4093 238 4142 naturae
265 4107 295 4142 ex
318 4096 419 4143 natura
438 4090 463 4142 R
515 4092 549 4143 27
568 4108 662 4144 omnes
690 4091 737 4158 qui
764 4091 901 4146 tribulant
919 4091 945 4143 a
962 4107 1059 4144 omncs
1086 4091 1212 4144 inimicos

69 4175 116 4244 qui
134 4181 354 4246 persecunturp
407 4178 442 4230 28
460 4194 510 4245 ego
529 4178 629 4230 sumR
646 4195 706 4231 sum
725 4194 777 4246 ego
789 4176 1045 4248 penetrate
1098 4176 1212 4231 aaillud

68 4263 95 4316 R
111 4261 190 4316 uliud
208 4280 229 4328 e,
248 4279 297 4315 om.
312 4261 396 4334 plo).
