2790 4844
152 244 215 311 226
495 243 613 297 uncti
631 243 766 297 Hilarii
785 243 946 312 episcopi

195 434 224 499 3.
248 434 412 501 Tenendus
436 432 530 518 igitur
554 434 663 497 modus
686 438 788 498 estet
811 431 974 517 diligenter
1004 453 1038 496 ac
1070 440 1157 496 caute
1181 431 1297 496 consti-

152 540 298 605 tuendum
321 546 378 615 est,
402 535 477 622 qnid
500 540 539 603 de
562 537 731 602 diuinitatis
753 556 816 601 suae
832 536 999 614 optimate,
1023 556 1091 619 quen
1114 538 1143 600 ei
1166 543 1299 616 epatre

151 649 206 720 est,
230 643 322 708 suerit
343 642 569 724 prophetatum,
594 643 718 726 quando
741 641 806 706 eins
828 639 972 717 hominis,
996 660 1090 723 quem
1113 641 1298 721 adsumpsit,

150 766 284 828 persona
307 753 460 822 tractetur,
483 747 535 811 ubi
558 746 702 826 operatio,
726 746 828 825 passio
853 749 885 810 et
907 745 1298 825 resurrectiopraediootur.

112 881 124 915 e
151 853 226 936 quid
251 871 324 916 uero
346 851 509 935 unicuique
540 850 671 931 tempori
693 855 857 934 congruat,
888 851 1014 932 quando
1043 848 1121 914 fides
1151 851 1299 933 gentium

151 957 317 1032 nuntietur,
342 958 465 1039 quando
488 960 615 1036 peccata
636 954 798 1019 anterioris
827 953 932 1034 populi
966 961 1145 1037 arguantur,
1170 956 1299 1036 quando

151 1061 291 1125 doctrina
313 1060 432 1124 timoris
456 1058 505 1123 dei
529 1063 559 1123 et
573 1058 775 1123 consessionis
791 1059 920 1123 eruditio
937 1078 975 1123 er
986 1056 1143 1140 propheta
1159 1059 1299 1123 oratione

150 1169 323 1244 praestetur.
367 1165 398 1228 in
422 1162 472 1228 his
494 1163 578 1227 enim
613 1161 782 1243 prophetiae
802 1161 948 1243 spiritalis
970 1164 1045 1226 ordo
1068 1162 1219 1226 consistit.
1267 1171 1301 1227 et

150 1269 178 1333 si
200 1269 344 1333 dominns
366 1269 560 1350 praedicatur,
584 1266 737 1348 proiectos
761 1266 898 1332 scientim
921 1265 1014 1331 huius
1037 1267 1076 1330 ad
1099 1264 1192 1332 fidem
1213 1265 1300 1331 utilis

100 1399 124 1433 ιο
151 1377 207 1437 est.
252 1373 279 1438 si
309 1374 347 1437 ad
379 1373 523 1438 timorem
555 1379 585 1437 et
614 1371 840 1436 consessionem
872 1372 938 1436 eius
976 1372 1131 1448 docemur,
1170 1372 1301 1436 domino

152 1475 329 1554 formamur,
371 1474 558 1557 proficimus,
601 1476 802 1558 adquirimur‚
848 1480 882 1539 ut
920 1495 975 1555 per
1012 1475 1187 1555 pensionem
1231 1477 1300 1539 eius

151 1579 310 1662 redempti,
332 1581 376 1645 ita
398 1582 501 1646 eidem
524 1600 580 1660 per
603 1581 750 1645 doctrine
774 1599 838 1644 suro
862 1581 1001 1645 instituta
1023 1578 1174 1660 placituri.

194 1684 223 1748 4.
247 1684 327 1750 Esse
350 1690 453 1749 antem
476 1684 507 1748 in
531 1684 676 1765 praesenti
708 1682 827 1764 psalmo
862 1683 1004 1766 quadarn
1038 1682 1196 1766 intellego,
1227 1703 1300 1768 quun

151 1789 180 1853 ei
203 1787 328 1867 homini,
352 1805 446 1872 quem
470 1790 615 1853 dominus
649 1788 834 1869 adsumpsit,
870 1787 968 1868 aptari
1004 1807 1094 1868 posse
1123 1787 1301 1865 uideantur,

101 1915 124 1954 1⁵
150 1892 202 1957 ubi
226 1893 350 1958 dicitur:
376 1893 626 1975 perscrutati
649 1896 741 1956 sunt
771 1892 1031 1976 iniquitates.
1054 1891 1301 1957 deiecerunt

151 2003 387 2062 scrutantes
414 1998 627 2062 scrutinio.
673 1995 844 2081 significari
867 1996 952 2062 enirn
974 1996 1052 2061 forte
1075 1996 1105 2059 in
1131 2017 1166 2062 eo
1191 1998 1299 2062 existi·

107 2092 109 2096 ’
151 2100 285 2165 mabitur
309 2100 483 2167 ludaeorum
511 2102 706 2182 conspiratio,
741 2121 810 2165 cum
846 2101 1029 2178 testimonia,
1063 2099 1177 2184 quibus
1207 2102 1299 2187 argui

150 2214 262 2286 posset,
284 2212 464 2289 quaeruntur
485 2225 542 2271 nec
561 2206 763 2287 reperiuntur,
788 2212 817 2269 et
832 2206 937 2270 omnia
951 2206 1153 2270 scrutantium
1170 2205 1299 2289 ingenia

151 2308 312 2386 deficiunt3
346 2308 461 2381 dehinc
495 2310 577 2392 qnod
611 2310 733 2393 sagittis
768 2308 972 2389 paruulorum,
1006 2309 1038 2373 id
1068 2315 1116 2373 est
1146 2310 1299 2375 doctrinis

99 2435 123 2471 2⁰
150 2412 354 2494 apostolomm
379 2413 584 2490 numerentur,
608 2415 772 2478 aduersum
797 2433 873 2497 quos
904 2411 1021 2478 nullam
1051 2432 1177 2479 cansam
1208 2413 1298 2479 instra

150 2516 370 2598 persecutionis
393 2517 575 2594 inuenerint,
606 2524 637 2582 et
660 2518 728 2582 ideo
751 2516 922 2582 defecerint
945 2524 1050 2582 contra
1073 2517 1157 2597 ipsos
1181 2516 1297 2601 lingua

150 2640 265 2686 eorum.
311 2621 378 2686 lraec
401 2622 527 2704 quidem
552 2641 611 2687 non
628 2627 786 2705 tamquam
803 2621 1007 2702 inprobabilia
1021 2621 1298 2702 praetermittimns,

150 2727 205 2791 sed
229 2727 370 2809 qnaedam
400 2726 458 2790 alia
488 2725 520 2790 in
550 2727 669 2807 psalmo
700 2733 780 2804 sunt,
812 2746 880 2810 qum
911 2726 1053 2791 ordinem
1075 2723 1296 2811 intellegentias

150 2828 241 2894 huius
264 2831 441 2911 impediant.
487 2850 547 2894 non
569 2828 662 2914 longe
686 2840 791 2896 tamen
815 2830 854 2895 ab
878 2828 928 2894 his
959 2849 1060 2895 sermo
1095 2831 1294 2910 expositionis

98 2953 123 2991 ss
151 2941 262 2998 nostres
286 2936 457 3000 dissentiet.

195 3141 223 3205 5.
247 3141 468 3207 Existimamns
510 3143 592 3206 enim
636 3163 694 3207 non
729 3145 821 3208 modo
855 3141 1070 3224 apostolorum,
1110 3142 1164 3224 qui
1203 3143 1293 3223 primi

150 3247 281 3318 inerunt,
316 3247 371 3312 sed
395 3247 541 3330 cuiusque
564 3247 663 3312 sancti
685 3247 717 3312 in
741 3247 865 3312 domino
888 3246 1042 3328 sperantis
1065 3245 1295 3313 confessionem

195 3361 358 3457 ltansndus
373 3422 439 3457 corr.
456 3423 487 3456 m.
507 3403 557 3457 IR
609 3403 769 3472 diligitsrR
822 3403 1009 3458 contuendum
1018 3404 1096 3457 estT
1148 3403 1293 3472 2quid÷

672 3500 685 3528 ο

149 3542 184 3596 de
203 3543 229 3595 R
282 3543 307 3596 ei
326 3544 353 3595 in
378 3561 432 3596 rae.
461 3562 492 3595 m.
515 3540 580 3596 3R
632 3543 685 3596 ou
703 3543 898 3611 unicuiquaR
950 3542 1077 3611 gentium
1105 3559 1136 3595 en
1163 3544 1296 3597 nuntium

149 3648 182 3682 m.
202 3629 263 3682 112
315 3630 501 3698 'iprophetse
520 3647 550 3682 es
567 3629 747 3698 prophetali
800 3630 926 3684 oratione
953 3648 983 3683 en
1010 3628 1153 3683 curatione
1176 3647 1212 3683 m.
1231 3627 1251 3684 3
1270 3632 1296 3684 R

148 3770 165 3821 8
189 3773 329 3837 prestetur
356 3770 382 3823 R
455 3769 545 3823 insistit
572 3767 656 3835 (sistit
686 3789 718 3821 m.
746 3767 766 3822 3
792 3772 819 3822 in
846 3768 913 3834 ros.)
943 3770 969 3822 R
1043 3772 1074 3823 ll
1094 3714 1242 3838 adqlimur
1274 3772 1299 3824 li

149 3856 183 3909 18
201 3856 288 3909 salmo
307 3857 333 3908 R
388 3859 420 3910 14
437 3854 462 3910 ei
482 3858 508 3909 in
527 3875 580 3909 ruo.
599 3857 625 3909 R
678 3861 731 3924 que
753 3855 782 3922 (a
801 3859 827 3909 in
846 3855 953 3916 ruelii
1007 3858 1039 3910 15
1057 3854 1175 3910 scrutati
1194 3858 1218 3910 Ιι.
1233 3858 1250 3910 1.
1267 3858 1300 3920 V,

147 3944 194 3995 red
210 3943 284 4013 infra
302 3953 325 3996 et
342 3943 398 4013 ipse
415 3944 582 4012 perscrutati
637 3944 666 3996 in
694 3944 855 4012 iniquitates
875 3944 900 3995 P
952 3945 984 3997 16
1003 3940 1139 3997 scrutinii
1164 3960 1198 3996 cx
1216 3961 1299 3999 soru-

149 4029 218 4082 tinio
237 4047 270 4082 m.
289 4028 353 4082 21³
405 4032 437 4084 18
449 4032 581 4098 possetis
593 4048 646 4084 ros.
660 4031 686 4082 P
735 4037 855 4099 uruntur
868 4032 894 4083 R
909 4031 1078 4112 quaerentur
1092 4030 1117 4082 P
1132 4033 1164 4084 19
1183 4032 1301 4103 sagittis

148 4151 179 4187 ec
196 4134 312 4202 sagittas
326 4134 351 4185 T
401 4135 436 4186 20
454 4134 561 4188 insteR
613 4135 688 4190 sein
702 4136 825 4189 salmoR
877 4137 911 4189 24
930 4128 1042 4189 ab⁸isR
1094 4136 1129 4187 26
1145 4135 1302 4194 dissentiet

149 4238 179 4271 ca
197 4219 362 4275 dissentiant
381 4222 411 4274 T.
