2790 4844
352 267 532 317 tractatus
551 264 586 316 in
604 264 770 332 psalmum
790 252 908 317 cxuluss
1136 260 1200 327 825

81 462 94 517 t
118 452 251 534 gladii
275 452 337 517 bis
359 451 468 517 acuti
492 451 529 515 in
553 450 1199 516 manibuseorumadfaoiendam

72 556 281 622 ,indictam
305 555 344 620 in
366 556 615 629 nationibus,
638 556 951 637 increpationes
973 556 1011 620 in
1029 555 1200 637 populis,

80 661 101 724 d
137 660 375 744 alligandos
408 680 529 745 reges
563 680 698 725 eorum
732 661 770 725 in
806 661 977 726 manicis
1001 668 1200 743 etconpe-

72 766 176 830 „ibus
211 772 248 829 et
281 765 442 829 nobiles
481 785 619 830 eorum
663 766 701 829 in
736 765 915 830 uinculis
953 765 1123 843 ferreis3
1162 773 1200 829 ut

75 869 216 935 acient
245 870 284 934 in
314 868 378 934 his
412 869 608 934 iudicium
643 871 929 952 conscriptum,
960 869 1094 954 gloria
1117 868 1198 933 haee
1239 895 1251 930 a

81 981 118 1039 st
142 974 328 1039 omnibus
351 974 511 1038 sanctis
535 974 629 1039 eius.
675 973 733 1039 boc
755 973 910 1039 canticum
932 993 1046 1038 nouum
1069 981 1124 1051 est,
1149 974 1199 1039 dci

72 1084 182 1143 auctos
194 1077 299 1142 iudicii
310 1077 417 1143 aetarni
430 1097 555 1143 sumere
567 1084 760 1159 potestatem.
784 1077 917 1143 sancti
933 1078 1015 1142 enim
1028 1078 1199 1143 secundum

72 1181 229 1263 postolum
253 1183 439 1246 mundum
464 1183 713 1248 iudicabunt.
758 1181 816 1247 hoo
827 1182 922 1267 igitur
933 1203 1047 1247 nouum
1060 1188 1201 1246 cantatur

88 1286 187 1363 nobis,
205 1287 277 1351 ultio
292 1287 323 1350 iu
340 1286 491 1365 nationes,
506 1286 637 1370 arguitio
652 1287 684 1350 in
702 1286 837 1369 populos,
853 1286 984 1351 manica
1000 1293 1029 1351 et
1044 1286 1199 1366 conpedes

71 1409 169 1474 egum
192 1400 224 1454 et
247 1390 395 1455 nobilium
426 1391 549 1455 uincula
579 1391 681 1456 ferrea
704 1397 735 1455 et
757 1390 921 1473 conscripti
950 1390 982 1454 in
1016 1410 1069 1456 eos
1092 1390 1197 1455 iudicii
1226 1411 1250 1447 ιο

72 1495 216 1560 autentia.
1161 1482 1164 1488 ’

99 1598 151 1663 20.
176 1597 265 1678 Quod
288 1599 381 1663 etiam
404 1599 436 1662 in
462 1599 551 1668 huius
567 1598 678 1680 psalmi
696 1618 775 1663 nouo
790 1599 910 1663 cantico
925 1598 1026 1663 simile
1041 1604 1197 1663 cantatur:

72 1721 162 1777 reue,
186 1702 421 1768 cantionem
445 1723 585 1767 nouam
617 1703 790 1767 cantabo
820 1703 905 1775 tibi.
935 1702 974 1767 in
997 1698 1197 1783 psalterio

72 1807 316 1871 [ecaohordo
339 1806 511 1887 psallam
537 1807 622 1882 tibi,
642 1807 707 1890 qui
731 1808 802 1871 das
826 1806 997 1872 salutem
1021 1806 1197 1891 regibus.

72 1931 87 1974 u
118 1909 312 1975 decachordo
342 1913 435 1996 igitur
465 1911 617 1992 psalterio,
647 1911 678 1975 id
702 1918 757 1987 est,
787 1911 836 1977 uel
867 1913 951 1995 quod
974 1912 1083 1976 docem
1107 1910 1197 1976 chor·
1224 1931 1247 1966 1⁵

72 2022 167 2079 larum
190 2014 265 2080 illud
290 2014 469 2096 psalterium
500 2016 548 2093 sit,
579 2014 629 2080 uel
653 2016 736 2099 quod
759 2016 866 2080 decem
891 2015 1056 2081 uerborum
1080 2034 1197 2099 organo

74 2131 149 2203 tque
172 2119 269 2203 gestis
293 2119 394 2184 cantio
416 2140 498 2184 noua
527 2121 587 2184 ista
619 2127 768 2196 cantatur,
802 2118 852 2183 uel
886 2121 969 2202 quod
1003 2117 1097 2183 homo
1132 2119 1198 2199 ipse

72 2242 166 2288 ocem
191 2223 377 2306 quibusdam
407 2222 541 2302 chordis,
565 2223 708 2289 manibus
731 2244 767 2288 ac
790 2223 918 2304 pedibus
948 2228 1099 2299 extentus,
1130 2242 1199 2301 per·

72 2334 157 2393 actus
191 2327 375 2407 spiritalium
412 2348 542 2408 operum
576 2347 701 2392 suorum
731 2335 822 2412 gestu
845 2335 987 2410 motuque
1011 2327 1056 2391 sic
1078 2325 1198 2407 psallat,

72 2439 88 2496 .t
110 2431 286 2496 cantionem
309 2430 390 2496 hano
413 2451 526 2496 nouam
549 2437 660 2497 cantat.
706 2431 773 2513 qui
804 2432 873 2496 das
896 2430 1067 2495 salutem
1089 2430 1193 2514 regi·
1223 2451 1249 2488 20

72 2556 145 2614 ·us;
169 2536 303 2620 regibus,
319 2536 431 2618 quibus
446 2537 562 2601 dictum
578 2542 638 2600 est:
662 2536 808 2613 uenite,
832 2534 1043 2600 benedicti
1065 2535 1197 2616 patris

72 2641 141 2716 nei,
166 2641 377 2724 possidete
400 2648 672 2723 praeparatum
695 2639 812 2703 uobis
835 2639 1199 2723 reguumaeonsti·

72 2745 213 2809 utione
245 2745 388 2817 mundi,
430 2745 483 2827 qui
507 2743 626 2809 nobiles
649 2743 799 2828 ligabunt,
824 2743 877 2828 qui
900 2763 991 2827 reges
1014 2741 1144 2807 manicis
1167 2752 1198 2807 et

72 2848 244 2930 onpadibus
267 2848 490 2932 constringent,
521 2849 575 2931 qui
604 2848 791 2922 iudicabunt,
824 2853 964 2931 arguant,
987 2847 1197 2912 uindicabunt.

95 2953 148 3016 21.
175 2952 215 3016 ut
238 2953 391 3035 quomodo
415 2952 499 3018 salus
521 2952 649 3036 regibus
673 2953 770 3029 detur,
804 2952 954 3017 ostendit:
984 2952 1060 3034 qui,
1091 2950 1199 3040 inquit,
1225 2968 1250 3005 aa

72 3059 210 3123 iberas
246 3057 375 3122 Dauid
410 3077 571 3122 seruum
605 3062 728 3120 tuum:
763 3076 833 3121 euru
869 3074 982 3135 nempe
1017 3055 1124 3132 Dauid,
1159 3056 1197 3119 de

74 3184 115 3228 uo
140 3161 191 3226 hic
214 3160 297 3226 idem
329 3160 407 3226 liber
438 3181 474 3225 ex
508 3180 640 3241 persona
675 3160 724 3224 dei
757 3161 853 3240 patris
887 3158 946 3223 ulio
975 3159 1096 3240 psalmo
1125 3179 1197 3243 pro-

74 3267 176 3331 hetat:
201 3265 317 3347 posui
344 3265 593 3350 adiutorium
622 3284 744 3347 super
770 3269 984 3344 potantem,
1016 3262 1196 3328 exaltani

76 3371 230 3436 lectum
270 3370 316 3435 de
361 3369 481 3453 plebe
525 3388 618 3433 mea.
675 3368 815 3433 inueni
861 3367 990 3432 Dauid
1035 3387 1196 3432 seruum

72 3494 188 3545 acum.
223 3473 311 3538 oleo
346 3480 488 3538 sancto
523 3492 605 3537 mco
639 3472 732 3537 unxi
772 3491 866 3536 cum.
920 3490 1057 3535 manus
1091 3472 1196 3536 enim
1224 3485 1250 3525 ⁸0

72 3599 139 3643 rea
170 3577 443 3642 auxiliabitur
479 3575 554 3641 illi.
601 3576 689 3656 ipse
727 3576 937 3640 inuocauit
974 3594 1047 3640 me:
1082 3581 1198 3655 pater

96 3752 224 3807 creor.
244 3754 269 3821 6,
287 3754 311 3805 2.
349 3754 380 3804 al
403 3750 501 3804 Matth.
521 3750 603 3817 XXV,
621 3752 664 3804 34.
700 3751 734 3802 28
754 3750 796 3803 Ps.
814 3749 990 3814 Lxxxvm,
1011 3750 1046 3803 20
1063 3766 1103 3817 sq.

96 3894 129 3946 la
148 3892 178 3945 in
196 3890 329 3959 psalterio
348 3909 378 3943 aa
395 3890 425 3943 in
444 3890 577 3959 psalteria
589 3887 685 3942 m.3ll
739 3891 771 3942 15
790 3888 818 3940 in
837 3885 990 3941 decacorde
1008 3886 1197 3953 (animaelli

72 3980 246 4033 ordarumR
300 3981 333 4031 18
352 3982 480 4031 extantus
500 3975 659 4041 (exieras.
678 3973 705 4042 Il
725 3976 750 4028 lt
802 3974 942 4043 perlectus
961 3973 1003 4039 (ec
1021 3976 1049 4026 in
1067 3993 1119 4029 rac.
1133 3975 1198 4041 1)R

72 4066 207 4136 Dpaallet
225 4066 251 4117 R
303 4065 338 4119 20
355 4063 427 4117 hanc
455 4080 557 4117 nonam
582 4063 608 4116 R
631 4079 730 4117 nouam
758 4061 829 4115 hanc
848 4062 875 4112 E
926 4063 960 4114 28
978 4061 1100 4115 exaltaui
1118 4063 1144 4116 R
1161 4065 1196 4132 cs.

72 4153 132 4206 XX
149 4155 188 4207 ed.
209 4153 383 4221 Tiscbendorf
404 4152 443 4214 ΙΙ,
469 4151 504 4203 81
532 4148 818 4211 eructaturum
838 4153 866 4202 et
884 4147 1005 4202 exaltaui
1024 4149 1052 4200 Ia'
1102 4152 1134 4203 31
1154 4150 1197 4204 illi

72 4240 122 4294 ter
142 4240 171 4292 E
222 4238 363 4292 inuocauit
381 4255 425 4291 me
445 4238 470 4290 R
488 4236 629 4290 inuocabit
648 4234 706 4301 (ora.
725 4238 780 4296 mel
800 4236 832 4288 E.
