2790 4844
158 249 195 311 12
501 252 617 306 sancti
636 251 771 305 Hilarii
790 253 953 320 episcopi

153 448 184 503 et
205 440 405 504 obseruantia
427 440 601 518 constituta,
624 448 728 506 tamen
752 460 808 505 nos
831 440 863 505 in
886 446 995 506 octaua
1015 441 1073 520 die,
1097 461 1166 524 quae
1183 442 1297 523 etipsa

156 543 255 621 prima
277 553 332 621 est,
355 544 483 624 perfecti
506 544 627 610 sabbati
650 545 813 610 festiuitate
837 544 986 610 laetamur.

199 645 248 711 13.
271 646 312 712 m
342 649 473 732 dignum
507 643 565 714 est
587 648 669 713 hanc
703 648 854 733 ogdoadis
888 649 1059 729 perfectam
1092 651 1296 715 sacramentis

154 750 328 817 caelestibus
353 753 495 818 uirtutem
519 754 548 817 iu
581 753 701 834 psalmo
732 773 777 829 eo,
808 753 860 836 qui
894 760 1002 818 octauo
1024 753 1055 817 in
1078 774 1207 820 numero
1232 755 1296 820 dis·

153 854 351 933 postumat,
375 859 523 935 contueri,
547 860 595 922 cui
620 877 690 938 pro
714 857 997 923 torcularibus
1028 857 1131 922 titulus
1154 858 1296 924 adiectus

153 966 208 1032 ost,
231 959 366 1025 uasculis
389 962 420 1025 in
444 982 541 1027 nouos
565 962 681 1026 fructus
705 962 887 1042 praeparatis
909 969 941 1026 et
962 964 1003 1026 ad
1027 961 1174 1026 feruentis
1202 964 1294 1028 musti

152 1062 287 1128 calorem
311 1065 530 1130 continendum
552 1066 717 1130 innouatis.
764 1073 794 1130 et
816 1085 964 1130 uumerus
986 1065 1044 1130 iste
1065 1068 1104 1131 ad
1120 1068 1295 1148 percipien-

153 1167 209 1233 dos
231 1168 348 1234 fructus
371 1169 576 1253 euangelicos
610 1170 737 1234 caducis
760 1169 809 1235 his
832 1189 995 1251 corporum
1017 1177 1192 1236 nostrorum
1223 1191 1294 1237 uas·

153 1270 230 1336 culis
252 1272 438 1348 reformatis.
462 1275 632 1339 secundum
656 1276 829 1359 ogdoadem
855 1281 902 1340 est
924 1274 1139 1358 euangelicam
1159 1275 1295 1340 destina·

153 1380 208 1439 tus.
254 1384 285 1441 et
307 1376 366 1440 hoc
390 1376 502 1457 psalmi
525 1378 613 1442 istius
635 1384 735 1443 tortus
765 1385 797 1444 et
827 1399 929 1443 sermo
960 1385 1095 1444 testatur.
1141 1380 1295 1463 ogdoadis

153 1499 276 1563 quoque
299 1481 387 1545 istius
411 1481 506 1545 uirtus
529 1489 689 1565 tamquam
713 1483 745 1546 in
768 1482 880 1547 uirtute
896 1483 973 1546 sexti
991 1481 1102 1562 psalmi
1118 1489 1148 1547 et
1162 1485 1294 1561 numeri,

154 1604 214 1667 quo
238 1605 306 1664 pro
330 1594 473 1650 octauo
497 1586 593 1651 oratio
618 1594 674 1664 est,
698 1587 885 1651 continetur:
918 1594 948 1651 et
978 1586 1038 1651 boo
1073 1587 1191 1651 numeri
1214 1589 1293 1651 ratio

151 1689 287 1767 perfecit.
311 1704 344 1753 ut
367 1700 397 1754 et
420 1691 451 1753 in
475 1697 561 1754 sexto
585 1711 640 1771 pro
674 1699 781 1756 octauo
816 1698 898 1756 esset
932 1691 1028 1755 oratio
1063 1699 1093 1757 et
1125 1691 1155 1754 in
1186 1700 1295 1757 octauo

152 1792 255 1857 titulus
279 1815 347 1873 pro
371 1793 653 1859 torcularibus
673 1795 848 1860 adderetur.
874 1795 971 1859 tribus
988 1801 1089 1860 autem
1107 1795 1136 1859 in
1154 1797 1296 1861 numeris

116 1932 124 1954 ‚
152 1897 220 1962 haec
254 1897 453 1963 torcularium
488 1900 706 1980 superscriptio
740 1900 902 1980 reperitur.
948 1920 1021 1964 nam
1056 1906 1086 1965 et
1115 1909 1242 1964 octauus
1265 1907 1297 1965 et

151 2002 360 2086 octogesimus
383 2008 414 2068 et
436 2004 643 2086 octogesimus
659 2004 766 2069 tertius
783 2004 919 2084 psalmus
936 2003 1017 2068 hunc
1034 2003 1148 2068 habent
1164 2003 1296 2082 titulum,

150 2107 237 2170 utin
260 2107 399 2172 numeris
422 2107 567 2187 perfectis
585 2108 735 2188 perfectae
758 2107 849 2172 huius
873 2108 1072 2173 beatitudinis
1095 2108 1169 2172 ordo
1193 2109 1295 2173 consi-

150 2210 1295 2295 steret;itatameuutsimplioemogdoademetogdoadisdecademsacra-

151 2321 289 2378 mentum
306 2315 423 2392 triadis,
447 2335 515 2398 quse
531 2315 646 2381 nostris
662 2315 797 2380 Trinitas
813 2322 860 2380 est
876 2322 1059 2396 nuncupata,
1084 2315 1293 2383 concluderet.

99 2440 103 2456 ¹
195 2417 245 2482 14.
270 2417 310 2482 Et-
332 2419 413 2483 hauc
436 2419 562 2503 quidem
596 2420 747 2503 ogdoadis
782 2419 1004 2500 perfectionem
1037 2420 1130 2485 etiam
1164 2420 1196 2483 in
1220 2441 1294 2485 cen·

151 2522 260 2586 tesimo
294 2529 386 2606 atque
425 2529 535 2588 octauo
574 2523 693 2589 decimo
732 2523 853 2604 psalmo
890 2543 1080 2607 cognoscere
1117 2543 1295 2603 possumus.

149 2647 285 2710 namque
308 2627 339 2690 iu
370 2633 512 2692 octonum
543 2648 707 2692 numerum
737 2649 793 2709 per
823 2635 949 2693 octonos
978 2647 1088 2692 uersus
1118 2630 1296 2693 secundum

151 2729 300 2795 Hebraeos
323 2730 517 2814 singularum
540 2731 710 2796 litterarum
733 2731 819 2796 initia
841 2731 969 2797 collecta
991 2738 1077 2810 suut;
1101 2731 1157 2796 sed
1177 2733 1296 2813 etipsa

150 2835 246 2900 abtas
281 2834 393 2915 psalmi
427 2843 656 2901 sacramentum
689 2836 840 2920 ogdoadis
871 2837 985 2900 edocet.
1032 2843 1103 2900 suut
1132 2843 1236 2900 autem
1259 2837 1294 2901 in

149 2959 185 3003 eo
208 2939 366 3022 ogdoades
390 2939 500 3023 uiginti
524 2940 601 3004 duae.
647 2960 721 3003 nam
744 2939 846 3004 octoni
868 2959 978 3004 uersus
1000 2939 1193 3024 singularum
1210 2940 1294 3007 litte·

149 3063 253 3107 rarum
276 3042 371 3108 initiis
394 3044 594 3123 deputantur:
626 3050 655 3108 et
685 3042 743 3107 hoc
775 3063 811 3107 ea
841 3043 959 3106 rationo
983 3043 1121 3119 efficitur,
1151 3053 1193 3119 ut,
1219 3046 1296 3128 quia

148 3146 287 3228 psalmus
311 3149 368 3213 iste
390 3150 560 3228 perfectum
583 3147 684 3211 uirum
700 3148 872 3212 secundum
888 3148 1059 3212 doctrinam
1076 3148 1293 3232 euangelicam

149 3260 354 3330 consummat,
385 3273 441 3332 per
463 3272 572 3316 omnes
595 3251 706 3334 uiginti
737 3258 767 3315 et
796 3251 873 3315 duas
904 3250 1028 3315 Hebraei
1060 3252 1212 3317 sermonis
1243 3252 1293 3318 lit-

148 3363 231 3421 teras
254 3358 310 3422 sub
334 3363 529 3421 sacramento
553 3354 704 3439 ogdoadis
728 3355 928 3421 erudiremur.

191 3513 355 3567 docdoadis
380 3513 403 3566 V
452 3514 517 3566 4in
544 3512 652 3580 psalmo
670 3529 703 3565 eo
730 3508 774 3565 d¹e
800 3512 828 3565 in
847 3513 953 3581 psalmo
981 3520 1009 3566 et
1041 3514 1066 3567 l'
1089 3515 1118 3566 in
1144 3516 1252 3583 psalmo
1277 3536 1293 3569 r

147 3602 164 3654 5
183 3602 307 3655 contueri
326 3602 378 3654 Vn
394 3600 530 3653 contineri
550 3620 563 3650 r
616 3601 632 3650 6
651 3600 735 3652 musti
754 3599 890 3666 liquorem
903 3597 947 3652 d¹e
1000 3604 1016 3654 9
1034 3600 1183 3655 ocdoadem
1204 3601 1242 3667 (et
1254 3605 1292 3656 ric

147 3687 259 3759 seraper)
286 3688 309 3741 V
360 3689 390 3741 ll
411 3694 552 3754 tamquam
580 3686 607 3738 in
633 3686 737 3739 uirtute
764 3686 798 3738 Vr
816 3686 899 3739 etiam
926 3685 955 3738 in
982 3687 1088 3740 uirtute
1108 3688 1135 3738 E
1188 3690 1221 3740 12
1238 3707 1291 3757 pro

147 3777 170 3827 b.
189 3777 204 3826 l.
225 3793 273 3827 om.
298 3774 334 3827 Vr
363 3774 422 3832 (sed
447 3773 479 3834 cf.
505 3775 549 3824 lia.
573 3791 622 3842 seq.
648 3774 691 3824 ubi
713 3774 739 3823 fri
763 3791 859 3842 oririque
884 3775 938 3825 cod.
961 3791 1013 3841 pro
1031 3778 1129 3826 octauo
1151 3775 1289 3844 praebent)

147 3869 176 3914 st
192 3860 242 3914 hos
267 3862 291 3913 V
342 3863 374 3914 13
393 3860 511 3928 perfecit
535 3860 571 3913 l'r
588 3857 699 3928 perficit
719 3860 746 3910 Ε
798 3860 830 3911 15
849 3860 1006 3927 repperitur·
1026 3860 1061 3912 Vr
1117 3863 1148 3914 16
1167 3866 1196 3914 et
1214 3868 1291 3916 octo·

147 3948 286 4016 genuimus
305 3948 404 4002 tertius
429 3947 454 4001 V
477 3952 506 4000 et
524 3946 689 4000 centesimus
708 3946 807 3999 tertius
826 3966 840 3997 r
895 3948 927 3998 19
946 3963 1016 4013 quae
1034 3947 1137 4000 nostris
1162 3949 1199 4000 Vr
1218 3967 1290 4017 quae

147 4035 282 4088 anostris
302 4036 329 4086 E
379 4038 414 4089 20
432 4033 460 4087 in
485 4034 636 4087 centesimo
663 4031 752 4100 adque
780 4039 877 4085 octauo
904 4030 1012 4085 decimo
1038 4033 1060 4084 l'
1081 4034 1110 4085 in
1138 4037 1291 4090 centesimo

146 4126 230 4190 atque
256 4122 364 4175 decimo
390 4128 487 4175 octauo
515 4121 558 4173 rE
620 4121 654 4173 26
682 4119 816 4172 ocdoades
846 4119 923 4172 xxrl
956 4120 980 4170 l'
1007 4119 1138 4188 ogdoadis
1168 4121 1249 4177 XXII
1277 4146 1292 4177 r

147 4210 181 4260 98
198 4208 299 4278 uiginti
318 4209 384 4262 duas
403 4215 465 4262 etr
517 4207 611 4261 hebrei
631 4226 660 4259 ea
678 4206 787 4260 hebreis
806 4206 878 4258 aad
902 4206 930 4258 V.
