2790 4844
145 220 209 287 858
490 225 608 278 sancti
626 223 760 278 Hilarii
778 222 942 293 episcopi

146 412 294 481 subicitur
326 433 384 479 nec
417 415 521 479 auditu
557 416 675 497 capitur
708 433 766 479 uec
798 424 904 482 mente
938 419 1119 499 percipitur,
1151 420 1291 503 quicquid

146 516 222 582 illud
246 517 344 582 beatis
367 520 491 584 atomis
515 521 647 584 beatum·
663 525 876 604 aeternumque
891 523 1092 605 promittitur.
1140 522 1292 588 soluentur

146 621 240 704 igitur
262 620 330 687 haec
353 624 457 688 omnia
486 624 575 702 niuis,
610 625 726 706 pruinae
749 629 781 689 et
815 624 951 710 crystalli
983 618 1106 712 ‘frigora
1136 636 1289 712 tamquam

147 725 219 790 flatu
251 728 367 810 tepenti
399 734 471 805 tum,
501 749 573 793 cum
607 734 676 810 post
698 729 854 795 saecnlaris
877 730 975 794 noctis
998 731 1121 815 rigores
1156 740 1289 813 tempora

109 864 121 900 ⁶
146 829 199 894 illa
221 831 311 915 regni
334 833 440 897 aetemi
471 833 503 897 in
526 852 620 897 unam
643 837 736 918 atque
758 833 1014 900 indemutabilem
1038 834 1288 919 tranquillitatem

148 935 197 999 dei
220 935 346 1016 spiritus
370 937 562 1017 temperabit.

192 1039 220 1103 t.
245 1041 349 1124 Atque
373 1046 406 1105 ut
428 1041 486 1106 sub
510 1042 590 1106 niuis
614 1049 645 1106 et
664 1042 782 1107 nebnlae
799 1049 830 1108 et
849 1042 985 1128 crystalli
1010 1042 1130 1128 frigore
1152 1043 1286 1109 intulere

149 1143 210 1221 bili,
234 1145 258 1208 si
293 1152 441 1223 maneret,
477 1147 526 1211 dei
561 1151 665 1211 tamen
700 1147 808 1227 spiritu
842 1147 874 1211 iu
909 1147 1080 1231 deliquium
1111 1148 1285 1213 resoluendo

148 1248 343 1332 significasse
365 1249 451 1314 illam
473 1251 581 1314 aeterni
603 1251 694 1335 regni
709 1258 824 1316 aetemo
840 1251 950 1332 populo
966 1251 1093 1316 beatam
1110 1253 1283 1336 temperiem

97 1381 121 1418 to
149 1373 352 1430 nosceremus,
376 1354 531 1436 psalmum
554 1354 706 1436 propheta
729 1355 780 1419 tali
804 1355 996 1421 consessione
1013 1355 1179 1421 conclusit:
1202 1364 1283 1419 anto

149 1459 295 1524 faciem
320 1458 494 1543 frigoris
525 1460 611 1524 eins
642 1460 733 1543 quis
764 1459 987 1525 subsistit?
1033 1461 1280 1526 emittituer-

149 1563 239 1628 bum
264 1584 383 1637 suum,
419 1570 457 1628 et
486 1562 735 1646 liquefaciet
757 1583 818 1642 ea3
854 1563 976 1629 flanit
998 1563 1176 1645 spiritus
1198 1564 1278 1635 eius

149 1673 188 1733 et
225 1668 359 1733 fluent
400 1687 519 1752 equae.
576 1668 850 1748 pronuntians
895 1670 1061 1735 uerbum
1108 1669 1276 1735 suumin

149 1772 278 1848 Iacob,
302 1772 490 1837 iustitias
514 1773 732 1838 etiurlicia
754 1792 826 1837 sua
848 1774 886 1838 in
903 1772 1076 1838 Israhel.
1102 1772 1275 1838 nonfacit

99 1913 123 1949 rs
151 1877 295 1942 taliter
317 1877 422 1942 omni
446 1877 614 1955 nationi,
631 1884 670 1942 et
688 1877 842 1942 indicia
865 1897 935 1942 sna
957 1897 1032 1942 non
1056 1877 1274 1942 manifesto·

148 1981 207 2045 uit
230 1982 297 2046 eis.
343 1981 507 2063 peculiaris
530 1981 598 2046 hac
621 1983 652 2046 in
677 1981 770 2047 laoob
794 1987 825 2046 et
848 1980 967 2047 Israhel
991 1982 1041 2047 dei
1064 1982 1203 2047 uoluntas
1224 1989 1271 2045 est:

150 2106 209 2150 non
232 2087 264 2151 in
288 2107 360 2151 eum
384 2086 504 2151 Israhel
538 2106 638 2170 neque
672 2087 704 2150 in
739 2105 809 2150 eum
845 2085 947 2163 Iacob,
982 2087 1035 2170 qni
1069 2085 1129 2152 hoo
1157 2083 1271 2165 corperis

150 2210 263 2256 nomen
287 2192 325 2255 ad
350 2191 493 2256 solatium
527 2191 621 2256 ueluti
655 2209 815 2275 generosa
838 2190 870 2254 in
894 2210 927 2255 se
950 2190 1056 2271 stirpis
1091 2189 1269 2270 amplectitur,

150 2297 206 2361 sed
230 2316 300 2361 eum
324 2295 425 2373 laceb,
449 2296 502 2380 qni
526 2295 733 2376 subplantauit
758 2295 898 2376 priorem,
933 2296 988 2378 qni
1008 2294 1210 2378 primogenitu
1228 2309 1268 2370 spe

98 2431 122 2468 eo
150 2401 331 2466 aeternitatis
355 2401 438 2477 emit,
461 2401 510 2465 cni
533 2398 655 2465 Israhel
679 2399 770 2464 deum
793 2400 927 2465 ridendo
949 2418 1126 2484 cognomen
1155 2404 1205 2470 est
1230 2393 1267 2476 qui

150 2504 217 2585 ipse
248 2504 442 2570 Hiemsalem
479 2514 510 2568 et
542 2505 628 2587 pacis
666 2510 713 2568 est
750 2503 867 2578 ciuitas,
905 2505 958 2587 qui
995 2502 1164 2569 aedificatus
1197 2515 1268 2580 super

151 2615 272 2690 petram
288 2607 362 2673 fidei
378 2608 567 2674 confirmatis
591 2614 750 2688 portarum
767 2608 844 2674 seris
860 2607 1002 2672 fortiores
1017 2616 1123 2688 portas
1138 2611 1266 2690 portamn

150 2711 241 2778 inferi
264 2713 422 2789 obtinebit,
447 2713 499 2796 qui
522 2714 552 2777 in
575 2713 671 2777 uerbo
706 2713 754 2777 dei
786 2717 1002 2796 congregatur,
1034 2712 1087 2795 qui
1110 2730 1167 2775 non
1188 2705 1265 2786 inopia

151 2827 230 2901 eget,
265 2837 325 2881 non
360 2816 515 2882 saecularis
550 2817 663 2901 rigoris
697 2817 813 2899 frigore
847 2817 1000 2893 aduretur,
1035 2817 1090 2881 sed
1121 2808 1264 2898 liquefactis

99 2951 124 2989 aa
151 2922 295 2987 omnibns
318 2928 349 2986 et
372 2922 420 2986 dei
451 2922 561 3002 spiritu
595 2920 743 2986 absolutis
777 2921 929 3002 temperie
962 2927 1086 2985 aeternae
1120 2911 1263 2985 serenitatis

151 3032 260 3091 utetur.
312 3025 384 3091 huic
418 3027 630 3106 pronuntiatur
668 3025 726 3089 boc
762 3025 901 3101 uerbum,
940 3024 992 3090 hic
1028 3044 1085 3105 per
1121 3017 1262 3104 spiritalem

150 3130 395 3215 intellegentiam
430 3129 487 3196 has
521 3131 571 3194 dei
605 3130 736 3195 iustitias
770 3136 800 3194 et
830 3129 942 3194 iudicia
973 3134 1122 3210 expectat.
1165 3135 1261 3192 consors

194 3288 376 3343 2solunntm·
394 3289 438 3341 Ra
491 3287 728 3342 sacristaniis
746 3304 777 3337 es
796 3286 977 3354 chrystalliG
1029 3288 1127 3355 4post
1144 3273 1260 3338 moelcol

154 3376 178 3429 G
196 3381 259 3442 poet
276 3375 326 3429 bos
346 3375 479 3429 secularis
500 3372 560 3439 (bos
579 3393 609 3427 ea
627 3372 667 3440 os)
687 3375 712 3426 R
765 3375 781 3425 7
799 3372 972 3427 intolerabili
990 3371 1013 3425 si
1032 3373 1062 3424 E
1077 3364 1260 3426 attolerabiliw

153 3463 178 3516 G
195 3462 380 3517 intolerabilis
399 3463 425 3515 R
479 3464 510 3516 11
530 3461 656 3515 subsistit
680 3461 706 3514 R
729 3459 877 3515 sustinebit
895 3459 922 3511 Ε
974 3459 1079 3513 emittit
1098 3441 1261 3512 Remittat

154 3551 185 3603 12
202 3550 282 3604 flauit
300 3550 325 3601 R
344 3549 422 3603 flebit
440 3550 468 3601 E
484 3549 519 3616 cf.
544 3549 663 3602 Sabaticr
687 3548 726 3613 II,
746 3546 802 3600 284
856 3550 889 3601 13
907 3564 943 3615 eq
960 3548 987 3599 R
1039 3545 1210 3615 pronuntient
1226 3529 1260 3585 GR

152 3638 202 3705 qua
218 3636 365 3690 annunciat
384 3637 412 3687 n
462 3636 492 3688 ru
509 3634 589 3689 iacob
616 3635 641 3686 o
659 3634 738 3688 aas
756 3635 812 3688 na
864 3635 897 3688 14
914 3633 943 3686 in
961 3632 1078 3686 scarane
1099 3633 1124 3684 e
1141 3625 1211 3684 aaa
1226 3612 1262 3672 11

153 3724 297 3803 lbotaliter
324 3741 354 3776 aa
380 3723 463 3776 aliter
490 3741 522 3775 re.
550 3722 566 3774 1
592 3723 617 3775 R
644 3721 770 3776 aliterG
823 3719 1013 3774 manifestabit
1032 3721 1057 3772 R
1111 3721 1143 3774 16
1159 3703 1260 3769 „aab

151 3810 255 3864 Israhel
274 3837 307 3846 -
326 3825 416 3876 neque
443 3809 472 3861 in
490 3826 553 3862 eum
571 3809 662 3875 Iacob,
681 3826 746 3878 quoe
764 3818 849 3861 extant
867 3809 895 3859 ie
916 3806 949 3874 G,
967 3824 1016 3860 om.
1034 3808 1060 3859 R
1114 3808 1146 3860 18
1162 3795 1259 3857 soletitm

154 3898 179 3949 G
197 3897 330 3951 solacium
349 3897 374 3948 R
429 3899 461 3950 19
479 3896 527 3949 sed
554 3912 617 3950 eum
644 3895 723 3949 iacob
742 3895 782 3948 Re
809 3893 857 3949 sed
884 3893 912 3947 in
941 3911 1004 3947 eum
1032 3893 1142 3947 iacobb
1188 3877 1260 3969 pedm

152 3982 272 4036 uidendo
291 3984 315 4035 R
333 3982 367 4035 de
387 3983 438 4036 deo
457 3982 576 4036 uidendo
590 3983 618 4034 E
668 3985 699 4036 21
721 3998 773 4049 sup
787 3982 812 4033 R
848 3980 973 4049 eupraE
1023 3974 1260 4033 asserionem

153 4121 270 4175 Rserris
282 4123 307 4173 G
360 4126 454 4191 portas
467 4128 610 4190 portarum
622 4123 674 4174 GR
685 4125 828 4190 portarum
841 4124 936 4188 portes
950 4120 976 4171 E
1028 4120 1063 4173 23
1081 4060 1227 4204 congresstll
1236 4097 1259 4159 G,

151 4209 190 4260 lic
208 4209 286 4260 desen.
307 4208 340 4260 G.
766 4212 768 4216 ⁴
1179 4206 1181 4212 ·
