2790 4844
147 231 210 296 416
486 234 603 288 sancti
627 234 761 287 Hilarii
786 234 948 303 episcopi

146 423 228 507 quod
250 425 352 504 ipsum
376 423 532 504 apostolus
555 425 644 489 docet
667 425 790 490 dicens:
815 424 853 488 in
877 425 1062 490 omnibus
1087 426 1296 504 tribulati,

147 528 214 592 sed
250 547 324 591 non
360 529 632 612 coangustati.
677 529 760 593 nouit
798 527 878 593 hanc
916 529 1016 609 ipsam
1054 528 1295 610 amplitudinem

147 632 248 697 cordis
278 632 317 697 de
347 651 382 697 se
411 629 497 696 idem
528 632 682 712 apostolus
706 631 838 716 gloriari,
873 651 944 698 cum
967 633 1006 696 ad
1031 631 1215 698 Corinthios
1237 634 1292 698 ait:

146 756 221 800 non
255 736 534 820 angustamini
570 737 609 800 in
649 736 775 813 nobis,
821 736 892 801 sed
928 736 1217 820 angustamini
1254 738 1291 801 in

108 841 270 905 euobis.
316 847 401 920 patet
434 840 529 906 etiam
564 839 615 905 hic
649 860 770 924 qnoque
803 839 955 921 propheta
988 840 1104 905 dicenti
1143 840 1222 906 deo:
1256 848 1291 906 et

147 943 344 1008 habitabo
367 945 405 1008 in
429 942 493 1009 his
516 952 554 1009 et
584 943 797 1009 ambulabo
820 945 859 1008 iu
883 944 996 1024 ipsis.
1040 950 1177 1029 angusta
1198 945 1289 1029 igitur

147 1055 218 1114 sunt
251 1048 444 1128 poenantium
480 1049 580 1126 corda,
615 1055 646 1113 ct
679 1046 812 1128 hospitio
847 1050 939 1113 deum
971 1067 1059 1113 mens
1090 1047 1210 1128 polluta
1231 1069 1286 1113 non

146 1153 265 1232 recipit.
309 1151 446 1232 patulum
481 1153 564 1217 enim
587 1151 777 1218 domicilium
800 1151 1026 1233 inconceptibili
1052 1153 1110 1217 deo
1133 1172 1213 1234 opus
1234 1160 1284 1228 eat,

148 1256 314 1322 etidcirco
338 1257 369 1320 iu
392 1255 595 1336 amplitudine
617 1255 769 1336 propheta
791 1255 939 1336 ambulat,
970 1256 1042 1338 quia
1070 1256 1102 1320 in
1126 1276 1163 1322 eo
1187 1257 1236 1322 dei
1256 1256 1283 1319 in

96 1388 121 1423 ιο
148 1380 182 1425 εθ
206 1360 358 1443 loquentis
382 1360 529 1424 habitatio
553 1366 610 1425 est.
656 1379 781 1425 eausam
803 1379 876 1425 uero
892 1358 1104 1441 amplitudinis
1120 1380 1186 1425 suae
1201 1359 1282 1425 docet

148 1465 270 1529 dicens:
302 1465 396 1547 quia
425 1465 615 1528 mandata
645 1475 710 1529 tua
739 1464 981 1548 perquiaini.
1026 1470 1146 1529 natura
1177 1472 1282 1529 nostra

147 1568 401 1634 consuetudinem
430 1569 637 1645 recordamur,
661 1568 864 1652 quotiensque
887 1567 1010 1634 lectioni
1032 1575 1181 1633 necantes
1204 1586 1280 1632 man·

149 1675 220 1738 data
254 1673 303 1738 dei
338 1680 369 1738 et
403 1679 557 1753 praecepta
591 1679 768 1749 scmtamnr‚
798 1672 833 1736 ‘in
868 1679 1015 1756 quantam
1053 1671 1281 1753 amplitudinem

147 1775 367 1861 intellegentiae
400 1777 551 1841 mentium
575 1783 748 1841 nostrarum
773 1775 938 1841 dilatantur
960 1776 1120 1862 armantia,
1144 1782 1279 1860 atquem

97 1905 122 1941 a
151 1879 269 1960 patulus
292 1890 404 1946 nostrae
428 1879 609 1945 humilitatis
631 1882 663 1945 in
687 1880 842 1946 desideria
873 1881 977 1946 diuina
1006 1879 1042 1945 fit
1071 1898 1191 1945 sensns.
1233 1896 1283 1960 per

149 1992 343 2066 peccatorum
367 1992 470 2050 autem
489 1993 664 2049 nostrorum
680 1986 901 2049 conscientiam
918 1991 1070 2050 coartatur
1084 1983 1174 2048 nohis
1189 1983 1281 2047 omnis

148 2089 243 2153 animi
267 2089 444 2167 amplitudo,
468 2109 503 2154 ac
524 2087 665 2153 difficilia
688 2089 791 2153 omnia
810 2096 842 2154 et
856 2096 988 2172 angusta
1003 2094 1084 2165 sunt,
1108 2105 1179 2153 cum
1195 2084 1281 2153 diuini

148 2193 235 2258 uerbi
259 2191 447 2258 habitatione
469 2212 575 2257 sumus
598 2191 729 2276 indigni.

195 2296 242 2361 10.
268 2296 330 2362 Sed
360 2296 521 2362 ambulans
552 2297 582 2361 in
613 2296 775 2362 latitudine
805 2295 957 2376 propheta
985 2295 1104 2360 uersari
1135 2293 1281 2360 incilicia

97 2422 121 2460 so
149 2402 244 2485 digno
266 2400 386 2482 adeptae
408 2401 619 2481 amplitudinis
643 2401 750 2465 debet:
785 2407 816 2465 ct
837 2405 977 2465 uersatur
1007 2399 1106 2481 plane.
1152 2398 1282 2482 sequitur
1297 2411 1320 2426 ·

149 2505 247 2571 enim:
272 2512 309 2570 et
332 2504 527 2588 loquebar
550 2506 588 2568 in
611 2504 867 2570 testimoniis
899 2504 980 2568 tuis
1002 2504 1042 2567 in
1065 2508 1320 2583 conspectu

149 2629 288 2693 regum
313 2616 351 2674 et
373 2629 448 2673 non
472 2609 763 2674 confundebar.
808 2607 868 2673 hoc
891 2606 1026 2673 officium
1050 2605 1170 2671 dilatati
1189 2604 1320 2672 condiat

149 2723 205 2787 eat,
229 2719 262 2778 ut
285 2733 322 2778 ex
346 2732 381 2777 eo
404 2713 435 2776 in
458 2712 644 2777 abundantia
674 2712 785 2776 diuinae
816 2711 964 2777 doctrinae
997 2711 1095 2776 uerba
1116 2709 1320 2790 procedant:

148 2816 283 2900 loquitur
315 2816 398 2881 enim
432 2815 584 2897 propheta
617 2824 795 2880 constanter
827 2816 976 2881 aduersus
1009 2813 1167 2895 principes
1199 2818 1320 2878 arrae-

97 2942 122 2981 θ
150 2921 243 2987 deum
265 2920 446 3001 praedicans.
492 2921 672 3003 etquidem
706 2918 818 3000 duplex
848 2917 1032 3005 significatio
1063 2936 1173 2983 sensus
1200 2914 1320 2981 huin:

150 3035 206 3097 est.
230 3025 301 3108 quia
317 3024 489 3090 secundum
505 3025 658 3090 dominica
674 3031 828 3105 praecepta
843 3029 982 3104 oporteat
996 3043 1015 3087 a
1030 3023 1121 3087 uobis
1133 3019 1320 3087 Christan-

195 3207 207 3255 1
228 3204 253 3257 11
273 3204 333 3256 εον.
352 3207 376 3270 4,
395 3205 420 3256 e.
456 3203 517 3256 411
536 3202 596 3256 eor.
616 3206 640 3270 a,
660 3204 700 3256 12.
736 3202 840 3256 ansa.
863 3204 906 3268 1e;
925 3201 960 3255 or.
977 3200 1045 3254 nav.
1062 3199 1161 3267 naar,
1181 3199 1218 3253 ra.

195 3346 207 3396 l
229 3359 283 3409 quo
301 3342 329 3395 id
353 3342 444 3410 ipsum
468 3342 493 3393 V
542 3339 717 3409 2angustati
736 3338 760 3389 C'
776 3339 928 3409 angustiati
945 3339 1019 3410 RpE
1044 3339 1079 3408 cs.
1098 3338 1215 3392 Sabatia
1231 3326 1320 3385 111

151 3427 206 3482 ato
258 3428 311 3482 hac
338 3428 397 3497 ipsa
424 3427 607 3496 amplitudine
637 3426 705 3496 opu
754 3424 985 3496 dangustiamini
1011 3425 1109 3496 RCpE
1159 3422 1233 3478 nohis
1248 3435 1320 3456 -‘

149 3515 336 3586 angustamini
349 3515 378 3567 in
391 3532 438 3567 (rm.
458 3512 505 3566 VC
554 3512 752 3581 angustiamini
761 3512 811 3583 pE
862 3514 1064 3581 dquoquaonc
1079 3510 1132 3581 Ope
1182 3501 1320 3579 prete*

155 3601 349 3671 apapreat
376 3601 401 3653 a
454 3600 564 3653 aroenae
591 3599 687 3670 nepe
714 3599 747 3662 cf.
772 3617 800 3668 p.
828 3597 894 3667 425,
922 3598 955 3650 17
1017 3596 1218 3652 caesaraea
1238 3611 1271 3663 p
1284 3577 1320 3636 1

150 3686 384 3758 9deiom.p(d)e
438 3688 468 3740 ll
488 3686 653 3754 exquisiuib
707 3687 741 3740 12
759 3686 1003 3754 quotienscumque
1014 3683 1083 3754 CpE
1130 3686 1163 3739 16
1179 3676 1320 3736 nsaw*

150 3775 191 3842 (n)
210 3794 257 3828 cim.
284 3775 356 3827 Vno
407 3770 486 3826 sito
534 3784 592 3842 post
611 3790 705 3826 sensns
725 3771 798 3825 1-2
816 3775 862 3826 tar.
882 3789 948 3826 eres.
967 3770 993 3824 R
1048 3774 1081 3825 le
1098 3769 1253 3825 murman
1272 3741 1320 3802 a

151 3868 308 3916 coartamur
332 3861 356 3914 l'
405 3859 484 3913 nebia
503 3859 595 3914 onaV
645 3862 677 3913 17
696 3858 781 3912 animi
799 3878 830 3913 ex
847 3859 954 3912 animae
971 3876 1005 3911 m.
1023 3857 1041 3910 l
1059 3857 1207 3912 Vanimse
1224 3832 1311 3925 epb'

150 3949 185 4002 aa
203 3947 328 4002 ormesta
351 3948 376 4000 V
427 3964 490 4000 eum
517 3948 577 3999 aaa.
605 3965 638 3999 a.
666 3945 733 3999 au
783 3947 818 4001 ao
835 3945 913 4000 caea
932 3946 948 3998 a
965 3961 1019 3998 raa.
1037 3942 1058 3997 a
1076 3944 1102 3998 a
1157 3931 1293 3998 aaut*

150 4035 232 4104 plane
251 4034 288 4099 (d
307 4040 322 4087 a
341 4037 367 4086 in
386 4051 452 4087 aare.
472 4035 566 4086 ineunt.
586 4035 646 4086 redd.
665 4051 697 4085 m.
715 4030 767 4098 aa)
780 4034 805 4085 R
823 4037 851 4086 ct
869 4030 993 4085 ambulat
1010 4030 1092 4100 plane
1108 4030 1158 4086 VC
1206 4031 1238 4085 al
1253 4023 1287 4081 (1⁰

151 4121 316 4175 testimoniis
331 4121 404 4190 CpE,
417 4120 451 4187 cf.
460 4138 488 4189 p.
502 4119 562 4186 m,
576 4119 611 4171 11
664 4118 841 4173 eadhaeth
892 4119 926 4173 28
944 4117 973 4170 in
996 4116 1192 4172 habundantia
1209 4117 1233 4171 ll
1248 4114 1280 4168 in·

150 4209 304 4263 habitantia
328 4207 414 4278 VCpe.
