2790 4844
384 238 566 288 tractatus
591 234 625 288 iu
651 235 820 303 psalmum
846 236 880 288 11.
1164 236 1201 300 61

97 422 149 486 32.
174 421 210 485 ln
236 443 272 487 oo
295 431 409 488 autem.
433 424 515 507 quod
546 423 718 488 subiectum
749 431 811 488 est:
836 431 873 489 et
896 427 1204 505 possessionem

48 539 162 591 tuam
185 528 386 592 terminos
411 536 536 606 terrae,
568 549 626 592 non
656 536 703 592 est
726 530 975 607 existimandum,
999 531 1079 613 quod
1103 531 1135 594 id
1158 533 1203 612 ip-

49 652 122 696 sum
147 633 296 712 repetitus
319 652 421 697 sermo
444 631 607 717 significet,
632 640 793 716 tamquam
809 634 851 697 illi
868 633 934 698 sola
948 636 1089 717 gentium
1106 642 1203 700 terras

49 736 293 802 inhabitantium
319 736 432 800 donata
454 738 608 818 possessio
632 739 679 801 sit.
724 738 885 803 nonenim
903 739 960 802 ait:
985 744 1022 802 et
1046 759 1202 818 posses·

50 843 213 905 sionem
248 849 354 904 tuam
388 861 486 924 usque
520 842 560 906 ad
595 843 743 907 terminos
777 849 874 917 terra,
908 845 964 908 sed
1005 845 1201 909 terminos
1242 870 1254 904 e

51 953 184 1009 terra.
229 946 269 1010 ab
304 966 340 1010 oo
374 952 487 1023 autem,
511 948 593 1030 quod
632 947 823 1024 terminatur,
863 948 903 1023 id,
942 947 1023 1030 quod
1049 949 1201 1026 terminat,

51 1047 166 1113 differt.
210 1069 312 1132 neque
334 1040 366 1115 id
389 1051 491 1131 ipsum
515 1057 563 1115 est
585 1050 708 1115 finitum
733 1058 827 1133 atque
847 1051 945 1115 finire.
991 1071 1091 1134 neque
1106 1072 1201 1116 uuum

52 1163 102 1217 est
135 1153 262 1217 modum
297 1174 420 1218 sumere
454 1161 547 1238 atque
582 1156 752 1218 moderari:
788 1175 920 1238 quorum
956 1155 1039 1219 aliud
1073 1156 1201 1219 interius

52 1258 181 1320 modum
205 1259 323 1338 aooipit,
346 1257 429 1322 atiud
453 1260 584 1323 exterius
615 1262 751 1341 quodam
782 1259 903 1323 ambitu
934 1279 988 1323 suo
1019 1259 1201 1342 obiectuque
1229 1280 1231 1287 ⁴

54 1363 239 1425 moderatur.
285 1382 346 1425 non
370 1364 454 1428 euim
477 1364 519 1427 ita
542 1364 573 1427 in
597 1363 783 1443 profundum
807 1362 953 1427 demersa
976 1371 1056 1427 terra
1078 1370 1126 1427 est
1148 1370 1200 1427 aut
1229 1387 1251 1422 ιο

56 1465 87 1527 in
110 1464 302 1531 latitudinem
326 1474 453 1531 extensa
475 1474 526 1531 aut
547 1467 666 1547 prolata
688 1455 720 1531 in
743 1466 840 1531 altrum
857 1473 914 1543 est,
938 1474 972 1530 ut
988 1487 1049 1530 non
1063 1467 1201 1550 undique

58 1588 144 1634 secus
167 1576 218 1633 aut
241 1570 436 1635 circumfusae
471 1578 523 1635 aut
553 1571 740 1636 subiacentis
771 1571 831 1636 sibi
861 1578 977 1635 natura
1008 1572 1200 1636 contineatur

60 1672 185 1738 obiectu.
230 1673 311 1740 hano
340 1676 424 1739 euim
453 1676 581 1740 infernae
611 1676 808 1741 mestitudinis
836 1677 982 1739 demersa
1004 1681 1035 1739 et
1057 1676 1201 1740 inmensa

64 1777 185 1858 iatiyssus
218 1784 378 1851 sustentat,
417 1778 500 1844 hane
533 1780 711 1845 oireumsusi
745 1786 776 1845 et
809 1780 937 1859 superni
970 1780 1040 1843 aeris
1074 1780 1199 1860 spiritus

66 1880 209 1947 inumbrat
231 1889 325 1966 atque
347 1884 455 1948 ambit.
501 1885 584 1967 quod
606 1892 709 1949 autern
734 1883 872 1948 subiecta
904 1884 962 1948 sibi
997 1884 1109 1966 abysso
1133 1903 1199 1947 sus·
1228 1907 1252 1942 u

68 2003 154 2061 pensa
175 1987 221 2063 sit,
245 1986 396 2067 propheta
419 1994 548 2053 testatur
564 1989 686 2053 dicens:
710 1989 798 2068 ipse
821 2007 945 2067 super
968 1987 1094 2050 maria
1118 1986 1198 2050 fun-

73 2087 169 2153 dauit
197 2111 280 2156 eam
320 2098 358 2155 et
400 2112 521 2173 super
550 2092 722 2156 flumina
752 2092 1001 2172 praeparouit
1031 2111 1122 2155 eam.
1169 2099 1200 2155 et

74 2209 191 2258 rursum
225 2196 290 2279 qui
325 2197 514 2260 firmauit
549 2203 698 2261 terram
733 2215 853 2276 super
888 2215 1021 2278 aquas.
1068 2203 1098 2258 et
1121 2194 1200 2258 hano

76 2293 227 2363 inmensam
250 2307 344 2383 atque
364 2300 516 2365 infinitam
541 2302 715 2366 uastitatem
747 2300 896 2383 abyssum
927 2300 1078 2379 seriptum
1108 2297 1200 2363 solita

78 2408 117 2459 est
134 2420 308 2484 nuncupare,
331 2424 409 2469 oum
424 2402 500 2469 Iona
530 2407 611 2469 intra
634 2411 737 2469 oetum
760 2412 826 2468 orat
849 2409 880 2468 et
903 2404 992 2467 dicit:
1028 2404 1198 2486 abyssus
1226 2423 1252 2460 ao

81 2503 181 2570 muita
201 2509 471 2574 oiroumsudit
492 2530 560 2574 me.
605 2516 697 2592 atque
721 2508 787 2573 haeo
804 2508 930 2590 quidem
947 2506 1199 2571 infinitaiomeu·

82 2604 145 2683 *itta
165 2630 228 2694 quae
251 2615 422 2678 seeundum
456 2614 541 2678 uerbi
572 2614 793 2694 proprietatem
826 2613 857 2676 iu
888 2612 1000 2695 abysso
1031 2609 1199 2694 significari

83 2705 248 2799 intellegitur.
264 2716 393 2798 spiritali
416 2718 528 2782 diuiuae
544 2718 723 2782 substantiae
755 2723 802 2781 est
830 2715 1065 2795 circumscripta
1087 2715 1199 2778 uirtute

85 2820 222 2884 seeundum
246 2820 322 2886 illud
346 2822 490 2901 apostoli:
514 2822 701 2904 quoniam
725 2821 859 2884 omnia
889 2820 927 2883 in
959 2820 1047 2899 ipso
1071 2823 1108 2882 et
1131 2837 1200 2897 per

119 2955 142 3006 11
155 2958 192 3013 Pr.
204 2961 304 3029 xxm,
317 2963 341 3014 2.
379 2964 412 3015 18
430 2961 473 3014 Pa.
488 2959 619 3027 CXXXV,
638 2963 663 3013 6.
699 2962 733 3013 20
751 2961 809 3013 Ion.
827 2960 862 3021 11,
881 2963 906 3012 6.
941 2957 1072 3011 a4R01n.
1092 2958 1138 3024 XI,
1156 2959 1198 3010 36.

119 3163 222 3222 lautam
240 3169 332 3222 0an
382 3169 521 3222 adiectum
540 3174 582 3222 ast
600 3169 635 3222 Va
687 3167 853 3237 areptitui
873 3167 911 3227 (ta
927 3185 957 3219 ex
975 3176 1052 3235 porte
1073 3165 1154 3231 eros.)
1173 3166 1198 3217 R

89 3279 121 3331 ‘⁴¹¹¹¹
138 3286 155 3336 R
170 3290 224 3343 eolo
249 3291 273 3344 V
331 3250 414 3344 terrra.
426 3291 452 3343 R
512 3291 596 3342 4eat
614 3290 638 3344 V
688 3295 717 3343 et
743 3291 769 3342 in
788 3306 840 3340 ras.
861 3288 886 3340 R
956 3286 1039 3339 need
1063 3287 1197 3339 terminos

89 3372 151 3424 'true
174 3396 218 3430 ona
253 3378 277 3431 V
345 3380 361 3431 7
397 3376 494 3429 finium
527 3377 552 3428 V
574 3375 685 3429 finitum
720 3392 782 3429 esse
809 3395 821 3425 e
892 3374 982 3442 adque
1023 3373 1071 3426 VR
1107 3384 1130 3425 et
1161 3375 1198 3425 sic

85 3447 125 3505 ‚rire
143 3478 232 3532 temper
284 3466 302 3517 9
328 3465 398 3532 cipit
416 3491 449 3499 -
468 3463 633 3530 obiectuque
662 3482 709 3513 orn
743 3463 768 3514 V
816 3461 915 3515 habitu
933 3462 959 3513 R
1013 3462 1046 3513 10
1073 3461 1198 3513 demersa

89 3550 118 3589 2⁵²
136 3552 198 3601 terra
226 3551 252 3602 Ε
305 3553 335 3604 11
365 3550 513 3603 latituuem
544 3549 570 3602 V
620 3551 653 3601 12
680 3550 854 3602 subiacentes
879 3547 904 3600 V
955 3549 988 3599 13
1012 3547 1151 3599 obiectum
1177 3546 1200 3598 V

779 3628 791 3657 Ι

89 3656 183 3721 danem
205 3677 233 3723 et
260 3673 379 3725 inmersa
399 3672 424 3723 R
478 3673 510 3724 14
528 3671 629 3724 abusus
654 3672 679 3724 V
728 3671 785 3723 aeri
828 3670 851 3722 V
903 3671 936 3721 16
959 3668 1067 3736 profeta
1100 3667 1148 3720 VR
1175 3677 1197 3720 et

89 3746 114 3793 ”ff
132 3760 245 3809 saeua
297 3763 416 3812 testatur
443 3776 473 3811 ea·
498 3762 635 3811 taestatur
662 3776 693 3810 m.
722 3757 742 3809 2
774 3757 799 3809 V
848 3756 965 3808 mariam
994 3755 1019 3807 V
1068 3753 1198 3806 fundauit

88 3830 184 3892 illumi}
231 3847 262 3898 17
288 3845 466 3914 praeparauit
492 3844 569 3898 illam
597 3845 651 3897 RE
701 3850 729 3898 et
755 3845 858 3950 itergrm
887 3843 912 3895 V
964 3843 995 3895 19
1014 3840 1152 3893 scribtura
1176 3839 1200 3891 V

87 3952 115 4003 ²⁰
134 3959 165 4010 πὶ
191 3962 255 4027 Vos.
274 3984 338 4036 quoe
356 3968 410 4018 ubi
435 3967 498 4019 Aru.
517 3965 568 4032 IV,
594 3966 633 4019 58
657 3982 721 4019 oum
738 3965 806 4018 Iona
841 3965 916 4017 intra
934 3968 1043 4016 coetum
1061 3962 1197 4014 oranti2

85 4036 174 4095 dieitur
195 4048 216 4101 R
242 4067 303 4106 oum
330 4053 397 4107 Iona
423 4054 498 4107 intra
524 4058 617 4107 cetum
646 4056 743 4106 orante
773 4052 876 4104 dieitur
910 4051 937 4102 Ε
1004 4049 1140 4116 habysaus
1171 4049 1197 4100 R

84 4125 116 4175 Q
130 4134 215 4194 (1111
257 4141 291 4194 23
307 4140 428 4210 spiritali
447 4146 474 4193 et
491 4140 603 4193 diuinae
627 4138 663 4192 Vb
681 4137 834 4208 spiritualia
853 4145 881 4189 et
899 4136 1011 4190 diuinae
1036 4136 1087 4188 Eu.
1114 4134 1194 4187 Baeti.

82 4210 257 4276 ''1’⁰'·¹‹579
305 4229 340 4281 24
357 4228 450 4281 omnia
467 4227 497 4280 in
517 4228 608 4296 ipsum
631 4226 657 4279 V
671 4229 718 4279 sed
734 4225 768 4283 cf.
787 4226 832 4277 I’s.
854 4223 974 4276 CXXIX
989 4240 1046 4293 cap.
1066 4222 1090 4274 1.
