2790 4844
433 266 615 315 tractetur
640 263 675 314 in
694 263 867 330 psalmum
892 264 926 316 ll.
1209 265 1249 330 69

95 473 184 518 eum
210 453 416 517 exarserit
439 453 477 515 in
508 451 623 517 breui
654 454 713 517 ira
744 453 838 531 eine,
871 454 978 518 beati
1014 475 1158 533 omnen,
1183 457 1250 539 qui

96 559 321 622 considunt
350 557 389 620 in
422 577 514 621 eum.
561 557 708 621 doetrinae
740 555 791 622 hio
821 559 897 622 ordo
927 557 1108 623 utilissimus
1139 566 1193 634 est,
1216 568 1249 625 ut

98 680 216 737 eorum,
239 661 269 724 in
294 681 362 743 quta
386 680 442 724 nos
465 660 652 736 adhortetur,
676 661 899 727 beatitudinem
931 663 1085 746 eognitam
1107 669 1247 742 praestem

98 766 174 847 quia
197 763 323 829 difficile
347 764 388 828 sit
410 765 549 829 animum
565 785 600 828 aa
616 784 704 844 spem
720 766 912 849 adiguoreta
926 767 1118 846 protendere.
1141 767 1247 832 nolens

98 869 195 953 igitur
224 867 372 950 propheta
396 870 436 933 ed
460 888 563 933 eorum
589 888 653 942 uos,
688 890 757 952 quta
781 870 919 950 superius
943 879 1246 950 tommemoraueret
1287 894 1299 929 t

101 973 345 1057 intellegentiam
381 972 534 1038 cohortari
558 972 777 1057 intellegentiae
800 975 896 1053 ipsius
916 972 1066 1038 honorem
1089 982 1160 1038 ante
1183 994 1246 1041 mo·

102 1078 241 1153 morauit
264 1077 387 1142 dicens:
419 1086 456 1142 et
486 1095 587 1141 nuno
618 1096 737 1160 reges
768 1076 1018 1160 intellegit-e,
1042 1097 1094 1142 eos
1124 1078 1246 1156 seilicet,

101 1182 155 1262 qui
178 1180 359 1245 intellecturi
383 1188 496 1257 essent,
520 1200 612 1263 reges
636 1201 703 1245 esse
723 1183 948 1245 demonstrans.
972 1181 1029 1245 sed
1045 1183 1246 1263 quaerendum

104 1298 158 1362 est,
181 1305 256 1367 quos
279 1304 371 1369 reges
395 1285 435 1348 ed
458 1283 704 1368 intellegentiam
720 1284 908 1367 propheticae
920 1284 1012 1348 huius
1025 1285 1246 1350 adhortationis

107 1388 273 1467 admoneat
304 1408 343 1452 ne
367 1388 445 1453 sorte
468 1388 633 1471 quisquam
657 1407 709 1452 eos
728 1387 903 1472 ¹significari
919 1388 1089 1471 intellegat,
1115 1409 1245 1472 quonum
1274 1411 1299 1448 10

110 1510 186 1556 nuno
206 1492 236 1556 in
259 1492 394 1555 humana
418 1512 545 1572 torpore
569 1507 598 1556 et
623 1492 651 1555 in
677 1491 826 1556 bellorum
852 1492 1065 1558 ministerioet
1084 1493 1244 1558 inmotum

113 1596 241 1676 gentium
263 1616 396 1680 regnum
421 1604 476 1661 eet.
522 1615 582 1659 nou
607 1602 803 1660 enatantem
827 1593 859 1659 hi
875 1598 982 1660 aeterni
1006 1605 1036 1660 et
1061 1596 1140 1662 boati
1163 1600 1244 1676 apud

115 1696 196 1762 deum
224 1720 322 1784 reges,
354 1700 468 1784 quippe
499 1720 568 1764 oum
600 1701 658 1781 ipsi
689 1700 751 1764 iam
783 1700 936 1764 mandatis
968 1701 1018 1765 dei
1049 1701 1192 1765 excidant
1215 1708 1245 1765 et

119 1799 221 1867 diabolo
242 1805 273 1868 in
296 1823 432 1888 regnum
454 1804 517 1868 sint
539 1804 686 1884 deputati,
711 1804 831 1869 dicente
855 1805 973 1881 eodem,
998 1824 1068 1869 eum
1085 1804 1242 1868 dominum

123 1908 279 1986 temptaret:
304 1914 340 1973 et
365 1909 479 1972 duxit
501 1907 614 1972 illum
647 1907 835 1972 diabolus
866 1909 904 1971 in
935 1918 1107 1973 montem
1132 1909 1241 1973 altis·
1271 1928 1295 1965 1⁶

125 2008 242 2076 tinum
266 2024 304 2076 et
327 2013 512 2077 ostendit
535 2011 598 2077 illi
622 2013 754 2076 omnia
777 2032 903 2096 regna
926 2013 1038 2077 orbis
1062 2018 1180 2077 terrae
1204 2014 1241 2076 in

126 2123 298 2180 momento
340 2118 561 2197 temporis3¹
598 2118 654 2181 ait
687 2117 734 2180 ad
768 2116 883 2180 illurn
926 2115 1129 2181 diabolus:
1164 2116 1242 2182 tibi

128 2211 203 2283 dabo
221 2227 468 2304 potestatem
491 2219 592 2284 hano
616 2230 653 2285 et
672 2220 848 2304 gloriam
871 2222 1120 2304 eorumquie.
1144 2221 1242 2285 mihi

128 2322 250 2389 tradita
273 2333 376 2390 sunt.
410 2324 486 2390 alios
509 2333 612 2390 autem
636 2326 724 2390 nobis
740 2344 832 2408 reges
848 2324 1241 2409 euangeliodemonstrent

130 2421 216 2492 anteo
236 2430 265 2493 in
289 2449 368 2512 quos
389 2429 646 2512 adpropinquanit
668 2429 718 2493 dei
742 2448 875 2512 regnum
899 2436 928 2493 et
951 2449 1012 2502 eos,
1029 2431 1082 2512 qui
1105 2449 1241 2513 regnans
1269 2448 1294 2486 2⁰

131 2520 153 2585 it
169 2546 194 2594 se
212 2544 370 2612 peceatum
394 2532 571 2610 dediderint,
607 2534 658 2616 qui
683 2534 730 2597 sui
761 2532 856 2614 ipsius
887 2535 1023 2614 eorporis
1046 2553 1137 2618 reges
1161 2541 1240 2610 sunt,

131 2623 264 2702 dominatui
288 2658 343 2701 suo
366 2638 508 2702 uniuersa
529 2638 673 2701 uitiorum
696 2637 852 2701 inuentiua
871 2637 1054 2702 subdentes:
1078 2635 1136 2701 hoe
1158 2637 1240 2701 enim

131 2727 153 2791 in
169 2739 240 2804 nobis
262 2749 309 2807 est
334 2742 383 2805 dei
405 2760 545 2824 regnum.
590 2743 635 2805 tio
659 2742 770 2805 iterum
787 2738 927 2805 Christus
952 2747 1063 2825 regnat
1086 2743 1115 2805 in
1140 2741 1240 2818 nebia,

131 2849 181 2901 l⁰111
198 2863 246 2921 ner
267 2864 338 2909 eum
361 2846 420 2925 ipsi
444 2846 637 2908 dominorum
662 2846 693 2908 in
718 2864 773 2909 nos
795 2846 861 2909 iure
884 2864 1052 2929 regnamus
1069 2847 1240 2910 seeundum

132 2943 310 3016 ttoddicmm
335 2957 398 3014 est:
422 2968 496 3012 non
520 2950 633 3014 uenit
655 2968 823 3032 regnum
848 2949 912 3030 dei
936 2970 1021 3013 aunt
1052 2951 1240 3015 obserua-
1269 2966 1294 3005 π

133 3039 218 3128 tione
246 3054 544 3136 nequedioent:
569 3052 754 3131 eeeehie,
778 3073 871 3118 ecee
895 3052 995 3118 illio.
1020 3073 1114 3119 eece
1137 3055 1239 3119 enim

133 3159 261 3230 regnum
285 3157 348 3221 dei
373 3157 481 3220 intra
503 3177 571 3221 nos
609 3162 680 3221 est.
727 3156 816 3221 huius
840 3158 927 3242 regni
952 3157 1058 3223 beatus
1086 3158 1240 3239 apostolus

135 3255 241 3323 meminit
276 3259 444 3325 Corinthiis
475 3261 631 3326 scribens:
662 3261 739 3324 iam
770 3261 857 3326 sine
887 3261 1005 3327 nobis
1036 3262 1238 3345 regnatis;

165 3441 189 3492 ¹5
201 3445 257 3503 huo.
277 3451 321 3519 1t'‚
340 3454 357 3506 5
376 3469 416 3519 eq.
452 3453 487 3506 25
506 3452 573 3506 Luo.
594 3451 678 3519 XVII,
698 3455 733 3507 20
751 3470 790 3519 eq·
827 3453 892 3505 281
912 3452 972 3506 Cor.
991 3455 1016 3521 4,
1034 3455 1059 3507 8.

164 3664 306 3741 dinqugss
358 3676 523 3731 adhortetur
536 3696 566 3730 er
583 3676 748 3730 adhortetur
761 3676 865 3730 111311
917 3681 984 3731 dae
1004 3679 1051 3746 spe
1071 3696 1100 3731 ea
1118 3695 1134 3730 a
1153 3695 1201 3747 epe
1214 3679 1241 3733 R

133 3744 403 3832 linhlegentiaipsiur
416 3763 441 3817 V
460 3763 946 3833 Beedquaerendumeot-obeequii
957 3769 1080 3834 metuap.
1089 3763 1131 3833 72,
1139 3764 1158 3819 6
1166 3783 1240 3819 om.a

135 3831 161 3885 ¹⁰
182 3849 361 3919 nequisquam
385 3850 457 3904 forte
481 3870 493 3901 e
565 3853 594 3904 ll
621 3851 650 3914 in
676 3867 791 3919 corpma
816 3850 936 3904 humane
960 3851 993 3903 l'e
1065 3852 1098 3904 12
1122 3856 1190 3920 aput
1218 3852 1244 3906 V

135 3917 162 3969 ¹³
176 3920 266 3988 inor
312 3938 366 3991 tam
394 3954 410 3990 t
436 3937 575 3992 maneant
592 3937 619 4002 (a
637 3940 713 3990 nter.
731 3956 764 3988 m.
786 3934 816 4003 3)
836 3935 912 4002 nte)
966 3931 996 3990 ut
1015 3955 1044 3991 ex
1071 3937 1106 3991 ut
1123 3936 1195 3992 aa
1218 3939 1244 3994 t*

134 4008 234 4064 “MV
276 4024 468 4079 ildiobuloV
513 4021 914 4094 liduit(&.mpr.acr.)ll(b)
970 4024 1176 4094 l9euuangelia
1191 4027 1239 4080 VR

660 4102 689 4132 111

133 4121 293 4202 ”5³qu
340 4163 457 4216 regnum
475 4146 551 4200 deit
603 4163 694 4216 regne
714 4148 739 4200 R
774 4151 808 4202 23
826 4153 868 4202 eet
886 4165 934 4200 om.
959 4149 984 4201 V
1033 4166 1151 4218 regnum
1169 4148 1239 4203 deit

134 4221 253 4276 ’ΨΜ
267 4233 480 4303 regnantem?
503 4235 527 4286 V
577 4236 611 4289 26
628 4239 659 4288 et
676 4219 741 4289 eoae
759 4235 819 4288 illie
837 4254 857 4288 ε.
