2790 4844
149 227 213 292 426
421 241 432 261 r
498 225 614 279 sancti
633 226 767 280 Hilarii
787 225 950 294 episcopi

149 419 337 482 caducorum
368 437 557 498 respuamus,
589 417 614 480 si
644 417 784 480 uiuentes
808 418 847 480 dc
871 415 981 480 saeculo
1016 435 1172 481 exeamus.
1218 414 1280 499 quid

148 523 232 586 enim
255 523 369 586 mercis
392 527 447 593 est,
479 521 625 584 emortuis
655 521 834 601 corporibus
857 527 886 585 et
913 528 1041 584 exeunte
1065 520 1170 584 anima
1195 519 1281 585 disse

148 625 219 690 lutis
253 625 398 690 sarculum
429 623 615 708 reliquisse?
648 625 813 689 carendum
845 630 892 689 est
922 644 959 688 eo
990 643 1044 703 per
1078 630 1281 703 contemptum

149 731 224 795 eius.
271 730 471 794 nesciendum
488 735 535 793 est
549 729 741 811 ignoratione
763 727 952 809 uoluptatum
977 748 1112 792 suarum.
1159 729 1284 793 morien-

110 861 122 897 s
149 836 222 899 dum
254 834 342 898 nobis
371 834 403 898 in
434 854 469 897 eo
500 840 554 909 est
589 834 661 897 dum
685 853 743 896 non
767 833 795 897 ei
818 833 960 896 uiuimus
1005 833 1062 897 scit
1085 831 1202 897 Paulus
1232 832 1284 896 iam

148 959 208 1002 non
225 958 258 1002 se
274 939 332 1002 sibi
353 939 457 1002 uiuere
481 937 602 1001 dicens:
639 937 741 1019 quod
764 938 868 1000 enim
891 936 992 1012 uiuo,
1016 937 1093 1000 iam
1119 957 1195 1000 non
1220 956 1285 1020 ego

148 1042 249 1116 uiuo,
272 1043 377 1106 uiuit
401 1049 532 1106 autem
557 1041 588 1104 in
613 1061 667 1105 mc
692 1040 892 1105 Christus.

193 1163 220 1227 6.
246 1163 401 1244 Propheta
424 1166 526 1245 itaque
554 1162 722 1226 secundnm
748 1161 920 1242 apostolum
952 1182 1012 1226 non
1043 1160 1155 1227 saeculo
1184 1162 1287 1226 niueos

149 1274 327 1332 constanter
343 1275 372 1332 et
395 1267 490 1332 iibere
514 1267 571 1330 ait:
596 1267 728 1346 portio
753 1286 838 1331 mea
865 1267 1060 1330 dominus.
1085 1266 1185 1332 tenuit
1201 1265 1287 1341 hunc,

97 1401 122 1436 ιο
150 1392 243 1455 quem
266 1373 298 1436 in
322 1372 529 1453 superioribus
552 1372 687 1449 modum,
718 1390 787 1435 cum
811 1391 845 1436 sc
869 1371 1089 1435 custoditurum
1114 1370 1219 1454 legem
1242 1369 1288 1434 dei

149 1476 320 1557 spopondit.
367 1497 426 1540 non
458 1476 542 1540 enim
573 1477 612 1541 de
642 1496 689 1552 sa,
721 1496 815 1560 quam
838 1473 1037 1556 corporaliter
1060 1474 1185 1559 agebat,
1210 1472 1288 1557 ioqui

148 1580 346 1664 intellegitur,
371 1600 441 1644 oum
466 1579 590 1663 quando
621 1581 843 1645 custoditurum
868 1599 901 1644 se
924 1579 1033 1659 potius
1064 1599 1159 1661 quam
1192 1584 1289 1643 custo

149 1685 215 1749 dire
239 1684 377 1748 fateatur.

193 1806 222 1869 7.
247 1805 390 1889 Sequitur
412 1807 540 1871 deinde:
565 1808 810 1887 deprecatus
834 1825 916 1869 sum
941 1804 1085 1868 sociem
1116 1809 1224 1868 tuam
1252 1803 1289 1866 in

98 1934 123 1972 ir
150 1917 232 1975 toto
256 1911 499 1975 eordemoo:
523 1911 819 1975 misereremei
843 1906 1289 1990 secundumeloquium

150 2022 265 2080 tunm.
296 2014 427 2099 Moysen
451 2016 650 2094 deprecatum
675 2034 742 2080 esse
766 2014 972 2091 meminimus,
995 2017 1030 2076 ut
1051 2013 1146 2076 deum
1163 2012 1289 2076 uideret

149 2127 181 2183 et
202 2120 280 2183 t'orte
303 2127 436 2200 cognata
459 2120 540 2199 preci
566 2119 629 2183 eius
653 2117 812 2199 prophetae
835 2117 925 2182 huius
941 2115 1036 2181 oratio
1055 2116 1289 2180 existimabitur.

149 2223 205 2288 sed
242 2223 357 2288 dictum
397 2223 538 2288 meminit
572 2243 589 2286 a
624 2224 695 2288 deo:
735 2243 847 2287 nemo
885 2220 1089 2285 hominum
1126 2218 1291 2284 uidebit

149 2326 296 2393 faciem
321 2347 445 2391 meam
470 2333 506 2392 et
527 2327 647 2392 uiuet.
694 2346 768 2410 ergo
792 2326 872 2410 quod
895 2333 1045 2408 negatum
1063 2322 1166 2408 Moysi
1182 2322 1290 2388 memi-

98 2453 122 2490 πο
149 2432 238 2508 nerii,
263 2433 293 2495 id
317 2432 443 2496 concedi
467 2431 526 2496 sibi
550 2431 704 2512 postulat?
750 2431 806 2496 sed
828 2449 960 2506 rursum,
989 2428 1062 2493 licet
1089 2428 1174 2492 dicto
1197 2445 1288 2492 euan-

150 2537 249 2620 gelico
283 2536 416 2600 anterior
451 2537 498 2605 sit.
533 2536 674 2601 meminit
706 2544 810 2600 tamon
844 2533 925 2598 hanc
959 2532 1031 2598 fidoi
1063 2531 1287 2596 beatitudinem

149 2641 311 2715 reseruari,
342 2642 414 2722 quia
445 2640 572 2704 dicitur:
608 2640 719 2704 beati
755 2639 898 2704 mundo
932 2639 1062 2711 corde,
1097 2635 1286 2720 quoniam
1315 2675 1329 2696 i

149 2745 229 2825 ipsi
264 2745 374 2808 deum
412 2744 618 2809 uidebunt.
663 2744 768 2825 itaque
799 2763 869 2808 cum
900 2742 931 2805 in
963 2741 1033 2825 legs
1063 2741 1142 2804 sciat
1165 2740 1317 2813 mcum„

149 2850 232 2931 quiid
255 2869 346 2912 nemo
369 2848 482 2912 faciem
507 2849 557 2912 dei
579 2849 683 2913 uideat
705 2856 737 2911 et
759 2848 849 2922 uiuat,
876 2852 906 2911 ot
929 2865 964 2910 ex
988 2843 1171 2928 euangelica
1193 2841 1326 2908 boati-

98 2972 123 3009 2⁶
150 2953 255 3018 tudine
285 2972 345 3016 non
376 2953 515 3036 ambigat
544 2971 651 3017 onmes
682 2954 796 3015 mundo
826 2950 919 3016 eorde
950 2950 1042 3015 deum
1066 2968 1137 3013 esse
1159 2948 1329 3012 uisuros&

149 3057 294 3139 perfectae
318 3057 476 3121 modestia
500 3065 741 3137 temperamento
765 3056 962 3137 cupiditatem
986 3052 1134 3119 desiderii
1158 3052 1204 3118 sui
1227 3049 1329 3114 elo(

149 3168 237 3226 cutus
254 3168 302 3227 est
318 3162 437 3226 dicens:
463 3162 708 3242 deprecatus
732 3181 815 3225 sum
838 3158 986 3224 faciem
1011 3166 1118 3223 tuam
1143 3157 1181 3221 in
1205 3162 1289 3220 tot·
1327 3203 1329 3208 .

149 3268 268 3332 corde
292 3286 384 3331 meo.
430 3265 488 3330 scit
510 3286 590 3329 nunc
615 3264 792 3345 inpossibile
815 3264 873 3329 sibi
898 3283 978 3343 essa
999 3264 1082 3347 quod
1103 3281 1162 3326 nec
1184 3256 1329 3325 oculuu:

193 3457 286 3511 oGal.
306 3458 339 3521 11,
358 3459 399 3511 20.
439 3458 470 3510 18
488 3455 575 3509 Exod.
595 3455 720 3521 XXXIII,
738 3457 780 3510 20.
816 3454 967 3509 romaum.
986 3453 1018 3522 V,
1036 3457 1061 3508 8.

194 3636 298 3701 lquee
316 3635 390 3686 enim
410 3635 437 3685 Ji
487 3637 627 3687 2msrces
655 3639 698 3687 est
725 3635 779 3687 RE
803 3633 938 3687 mercedis
963 3636 977 3685 ἔ
999 3651 1020 3701 p
1047 3631 1081 3699 cs.
1101 3631 1184 3683 Acad.
1209 3647 1234 3698 p.
1252 3614 1325 3677 m?

149 3720 213 3775 5id
233 3737 264 3773 eo
283 3725 326 3773 est
348 3721 373 3772 1⁷
388 3723 421 3790 rs.
442 3723 522 3773 .·iccd.
540 3741 566 3790 p.
586 3719 626 3772 22
679 3721 779 3774 7nino
793 3730 853 3790 post
871 3735 923 3789 ego
946 3719 1043 3788 curtio
1096 3714 1239 3771 Bsaeculo
1255 3720 1305 3764 a

150 3806 261 3860 saeculo
288 3808 311 3858 H
338 3807 477 3862 saeculnm
502 3808 525 3861 V
575 3810 676 3860 9iater
703 3807 830 3860 dominns
857 3817 880 3860 et
906 3804 998 3860 tenuit
1021 3805 1057 3874 ptr
1075 3806 1153 3857 cdd.-
1177 3801 1234 3856 dixi
1255 3794 1294 3852 ui

150 3945 303 3999 custodiam
313 3947 403 4014 legem
413 3951 489 3999 tuem
544 3949 577 4000 10
587 3963 650 4000 cum
663 3947 772 4014 quando
782 3948 834 4000 seb
888 3901 1078 4013 llspopiiditR
1134 3945 1168 3997 12
1183 3939 1280 4012 qnando

150 4050 198 4084 orn.
228 4033 294 4102 (¹pE
355 4033 387 4085 lo
406 4033 600 4101 depraecatum
628 4052 658 4087 es
685 4035 864 4103 depraecetur
893 4051 925 4086 ra.
954 4032 973 4084 2
1004 4030 1028 4084 i'
1086 4046 1149 4084 csse
1176 4048 1225 4082 om.
1253 4027 1282 4097 Cp

151 4121 182 4171 17
193 4119 286 4187 praeci
302 4120 350 4173 VR
402 4121 585 4173 oratioomV
638 4122 668 4174 18
684 4120 811 4174 meminit
825 4137 841 4174 a
857 4119 908 4173 deo
924 4119 1029 4173 dictum
1041 4117 1150 4171 t'adco
1166 4113 1285 4171 meminit

149 4205 254 4258 dictum
262 4225 282 4274 p
335 4207 370 4260 20
387 4205 453 4259 licet
466 4224 575 4260 rursum
586 4208 621 4276 pb
673 4209 707 4261 22
727 4224 780 4275 qua
798 4207 901 4260 dicitur
925 4206 1015 4276 Vrpn'
1066 4204 1101 4259 26
1120 4205 1247 4274 perfecto
1266 4204 1286 4256 (ἶ
