2790 4844
343 107 525 158 tractatus
545 103 578 155 in
599 105 769 171 psalmum
788 105 959 159 ciminium.
1163 105 1224 171 761

67 313 196 375 nempe
212 294 273 371 ille,
290 295 342 377 qui
356 295 448 359 dixit:
468 295 689 359 amendico
713 294 798 368 tibi,
823 293 945 358 hodie
969 315 1121 360 mecum
1144 297 1227 361 eris

67 398 109 461 in
138 400 345 478 paradiso.
390 398 534 462 meminit
564 406 595 461 et
625 396 699 461 alibi
730 397 846 473 dicens,
881 418 953 462 cum
976 400 1015 463 de
1038 398 1225 479 spiritalium

70 503 243 568 indefessa
277 504 338 567 iam
373 503 544 566 eternitate
579 509 737 566 tractaret:
774 503 1099 585 pinnigerabunt
1133 511 1225 568 tam·

67 627 199 690 quam
230 607 384 690 aquila,
419 612 560 669 naturam
585 605 726 669 euolandi
749 607 780 669 in
804 605 912 671 calum
936 607 966 670 in
991 608 1224 673 resurrectionis

66 711 293 776 demutatione
327 711 488 790 sumpturi.
534 711 589 774 scd
624 708 676 773 hic
709 710 820 789 pinnas
851 712 946 774 sumit
977 710 1132 776 uolaturus
1163 732 1222 776 non
1263 746 1275 783 a

66 814 207 888 alienas,
239 835 300 879 nou
322 835 428 884 nouas,
460 815 514 878 scd
538 814 735 894 proprietatis
769 815 966 893 usurpatione
1001 822 1222 899 praesumptas:

68 919 152 1002 quia
188 929 260 1000 post
296 919 448 999 passionis
484 917 666 982 uoluntariae
704 925 929 982 sacramentum
969 929 1001 983 ct
1038 924 1153 983 neturae
1192 936 1223 984 et

64 1024 242 1102 potcstatis
265 1024 375 1104 pinnas
400 1024 439 1086 ad
463 1021 573 1086 osclum
596 1041 631 1085 se
655 1021 798 1086 habuerit·
820 1021 977 1087 efferendi.

116 1128 172 1191 25.
197 1127 344 1211 Sequitur
378 1128 470 1191 etiam
504 1127 588 1190 idem
623 1127 698 1190 ordo
737 1127 889 1191 dictomm
924 1135 955 1191 et
988 1149 1025 1191 ex
1062 1128 1221 1210 utriusque

66 1239 194 1296 naturae
219 1231 438 1314 intellegentia,
462 1230 597 1294 hominis
614 1229 733 1294 scilicet
756 1236 787 1293 et
803 1231 860 1307 dei,
876 1251 978 1295 sermo
995 1232 1149 1301 decurrit.⁴
1178 1232 1221 1296 cit
1248 1266 1272 1301 ιο

66 1336 177 1400 enim:
209 1341 248 1400 et
271 1335 369 1399 dixi:
401 1335 578 1399 forsitan
604 1334 782 1397 tenebrae
818 1333 1120 1399 conculcabunt
1153 1355 1218 1400 me.

68 1460 134 1504 nox
159 1441 221 1503 istc
243 1438 378 1503 hominis
401 1459 471 1503 esse
494 1439 695 1513 existimatur,
719 1439 791 1520 quia
815 1438 936 1502 uidetur
958 1440 1143 1521 quibusdam
1168 1446 1220 1503 aut

69 1542 266 1626 inreligiosis
288 1550 341 1607 aut
363 1542 502 1622 inperitis
526 1542 583 1606 sub
607 1541 659 1605 illa
682 1543 835 1621 passionis
859 1543 1024 1608 timiditate
1047 1543 1218 1623 trepidare:

69 1648 164 1730 quasi
189 1668 262 1711 uero
284 1666 365 1710 nunc
388 1666 491 1711 sermo
508 1647 567 1710 iste
583 1647 704 1710 timoris
720 1645 846 1710 alicuius
863 1645 977 1712 habeat
991 1647 1216 1726 professionem

71 1758 103 1815 ct
126 1770 190 1814 non
214 1752 316 1834 magis
340 1756 491 1829 susceptae
522 1751 631 1814 mortis
662 1749 887 1832 significauerit
917 1750 1106 1815 uoluntatem
1134 1750 1217 1815 nullo
1246 1785 1270 1821 n

71 1855 141 1919 eins
165 1861 251 1919 metu
275 1874 312 1919 ao
336 1859 454 1919 terrore
477 1853 612 1934 praelato.
657 1873 719 1917 non
743 1854 826 1918 enim
850 1855 906 1918 ait:
935 1855 1072 1918 tenebrae
1095 1854 1217 1920 concul-

71 1959 189 2022 cabunt
211 1979 278 2033 me;
309 1958 365 2022 sed
399 1959 456 2022 ait:
491 1959 671 2022 forsitan
701 1958 880 2022 tenebrae
914 1957 1218 2023 conculcabunt

71 2083 140 2127 me.
179 2065 262 2145 quod
285 2061 459 2126 fortuitu
483 2063 603 2135 adiecit,
620 2063 770 2126 incertum
789 2061 932 2126 humanas
949 2064 988 2126 de
1004 2082 1037 2126 se
1053 2063 1216 2142 opinionis,

71 2185 135 2249 qua
158 2166 269 2230 timere
292 2165 409 2230 inferos
440 2165 573 2230 creditus
604 2172 659 2241 est,
689 2165 790 2230 inrisit
819 2184 964 2230 errorem.
1011 2185 1103 2230 nemo
1132 2167 1213 2230 enim

69 2268 250 2334 conculcari
273 2289 307 2334 se
330 2275 433 2334 certus
449 2271 534 2333 idem
558 2290 690 2346 rursum,
713 2290 751 2333 an
776 2269 978 2345 conculcetur,
1000 2271 1136 2334 incertus
1160 2277 1215 2334 est.
1242 2302 1268 2339 20

113 2373 165 2437 26.
189 2373 233 2438 Ut
255 2381 358 2437 autem
375 2373 443 2447 ltoc,
460 2375 541 2457 quod
565 2374 622 2437 ait:
647 2373 827 2438 forsitan
851 2375 1031 2438 tenebrae
1055 2373 1214 2438 concul-

68 2478 221 2543 cabunt
250 2497 317 2552 me,
347 2499 408 2542 non
443 2477 482 2542 ad
506 2485 623 2542 naturae
648 2498 710 2542 suae
735 2479 974 2557 trepidationem
998 2485 1102 2558 posset
1124 2476 1214 2542 intel-

67 2580 142 2665 legi,
165 2582 222 2645 sed
244 2582 336 2661 inpiae
360 2584 399 2647 de
422 2603 456 2646 se
479 2580 701 2664 intellegentias
725 2582 917 2664 signiticaret
946 2583 1108 2659 incertum,
1142 2602 1213 2646 con·

66 2685 154 2749 tinuo
176 2685 320 2750 subiecit:
356 2693 394 2750 et
424 2705 497 2750 nox
528 2685 793 2750 inluminatio
828 2686 865 2749 in
901 2684 1070 2750 deliciis
1104 2686 1214 2752 meis.

67 2790 226 2872 quomodo
249 2791 332 2854 enirn
356 2789 554 2854 conculcatur
576 2810 594 2852 a
616 2790 762 2866 tenebris,
785 2789 832 2854 cui
857 2810 940 2854 mors
963 2789 1157 2854 inluminatio
1181 2790 1212 2854 in
1240 2820 1265 2857 a

67 2892 190 2958 deliciis
224 2894 264 2959 sit
297 2894 423 2958 futura?
468 2893 592 2957 domino
628 2895 732 2976 itaque
767 2893 869 2973 passio
902 2895 960 2957 ista
982 2893 1103 2958 delicia
1131 2899 1211 2970 sunt,

65 2997 141 3061 dum
166 3007 270 3077 portas
293 3017 390 3062 aereas
413 2997 589 3080 confringit,
613 2999 686 3062 dum
709 3005 815 3061 uectos
839 2997 957 3062 ferreos
972 2999 1112 3069 conterit,
1137 2999 1211 3062 dum

64 3121 193 3166 omnem
228 3107 413 3181 potestatem
448 3100 608 3181 despoliat,
643 3102 717 3165 dum
752 3101 791 3165 de
827 3100 875 3165 his
905 3102 938 3165 in
968 3122 1002 3165 se
1033 3101 1211 3181 triumphat,

64 3206 142 3270 dum
178 3227 258 3279 eum,
293 3226 385 3288 quem
417 3208 456 3270 ad
490 3206 661 3288 imaginem
696 3225 785 3269 suam
820 3205 944 3276 fecerat,
967 3205 1101 3275 redimit
1135 3207 1210 3270 dum

63 3309 187 3374 deliciis
224 3310 358 3392 paradisi
397 3310 539 3374 restituit.
594 3310 627 3373 in
664 3308 714 3373 ltis
752 3309 846 3391 igitur
882 3309 1037 3391 passionis
1075 3308 1209 3373 oblecta·
1237 3339 1263 3377 so

62 3415 182 3479 mentis
216 3421 309 3497 atque
344 3412 462 3478 deliciis
496 3433 555 3477 nox
590 3413 617 3477 ei
652 3412 843 3477 inluminatio
878 3420 925 3477 est
955 3419 986 3478 et
1015 3412 1209 3477 inluminatio

110 3574 126 3625 1
146 3571 212 3625 Luc.
232 3570 331 3637 xxm,
349 3573 393 3624 43.
428 3569 535 3624 aEsai.
554 3570 611 3636 XL,
630 3571 672 3622 31.

106 3691 244 3761 8pinnss
267 3709 315 3744 om.
333 3691 360 3744 R
414 3693 447 3744 14
465 3691 535 3744 istnc
553 3691 579 3743 R
634 3693 666 3744 16
684 3707 716 3743 sc
743 3696 849 3744 terrore
877 3709 907 3743 ec
933 3690 984 3743 hae
1008 3695 1114 3744 terrore
1133 3691 1159 3743 R
1177 3709 1209 3744 ac

59 3781 166 3835 timore
175 3777 263 3844 (ills)
317 3779 350 3833 18
359 3778 505 3831 fortuitiR
557 3779 592 3831 24
601 3784 629 3830 et
638 3793 703 3830 mox
715 3779 759 3831 Ga
809 3777 953 3831 atcumG
1006 3795 1080 3830 mors
1093 3778 1144 3830 GR
1153 3794 1209 3832 nox

58 3869 130 3921 coni.
147 3867 262 3937 Lipsius,
279 3867 326 3918 scd
341 3864 375 3929 cf.
393 3865 562 3918 ndchncd.
615 3866 649 3917 26
668 3863 762 3931 itaque
780 3865 940 3932 easquoll
992 3866 1027 3918 28
1044 3862 1209 3918 triumfstll

56 4010 95 4062 29
114 4005 230 4059 redimit
247 4003 313 4057 dum
332 4004 387 4056 RE
403 3960 575 4057 redimendin
587 4005 612 4052 G
665 4005 699 4056 30
716 4001 838 4070 paradisi
859 4006 883 4056 (J
902 4002 1032 4071 paradysi
1051 4004 1077 4055 R
1130 4006 1161 4058 31
1182 4004 1208 4056 ei

56 4097 85 4146 in
106 4109 162 4146 ras.
180 4093 214 4145 R.
