2790 4844
406 496 589 547 tractatus
613 493 647 546 in
671 493 843 561 psalmum
867 493 938 548 XIV.
1204 495 1244 559 91

95 683 212 768 dignus
235 701 392 760 aecensus,
416 683 446 747 in
470 684 634 748 uerbomm
658 703 694 749 ac
717 683 831 767 linfflrae
855 684 985 750 ueritate
998 685 1168 750 uiuendum
1190 694 1246 764 est,

96 795 131 851 nt
153 808 210 868 per
232 788 447 867 operationum
470 786 567 852 fidem
597 807 707 854 sensus
737 789 833 854 nostri
863 788 959 855 uerba
988 808 1049 853 non
1073 788 1152 854 falsa
1175 791 1245 855 sint.

144 891 192 957 10.
216 891 278 957 Sed
301 897 401 957 artum
425 890 485 956 hoc
508 898 540 958 et
563 911 620 972 per
642 890 745 957 saculi
768 892 924 975 nequitias
947 911 984 958 ac
1012 893 1087 957 uitia
1118 893 1246 959 difficile

101 1003 154 1060 est.
200 1004 250 1060 est
273 996 356 1060 enim
379 997 589 1061 necessarium
612 995 793 1079 plemmqua
816 995 1021 1066 mendacium.
1045 1010 1076 1061 et
1094 1017 1246 1062 nonnum·

103 1119 192 1181 (lnam
215 1099 335 1165 falsitas
356 1099 440 1165 utilis
463 1106 521 1181 est,
552 1119 623 1166 cum
654 1107 706 1164 aut
736 1100 909 1180 percussori
945 1100 984 1164 de
1018 1099 1131 1166 latente
1158 1121 1245 1166 men·
1285 1130 1298 1169 ι

105 1203 201 1281 timor,
224 1209 277 1269 aut
299 1202 512 1269 testimoninm
534 1224 590 1285 pro
613 1202 808 1284 periclitante
830 1204 1024 1279 frustramur,
1048 1211 1101 1268 ant
1112 1203 1246 1269 fallimus

108 1307 140 1372 de
155 1307 337 1374 difficultate
353 1308 521 1374 curationis
535 1314 705 1390 aegrotum
729 1313 760 1373 et
781 1313 902 1387 oportet
924 1308 1093 1373 seeundum
1117 1310 1246 1388 apostoli

110 1411 272 1477 doctrinam
285 1431 461 1478 sermonem
476 1420 614 1478 nostrum
632 1411 711 1478 sale
727 1432 810 1478 esse
826 1412 1026 1478 conditum.
1038 1412 1153 1478 idcirco
1165 1431 1246 1477 nunc

113 1515 225 1593 spirtus
248 1523 373 1581 sanetus
396 1515 540 1581 falsitatis
563 1517 720 1582 adfectum
744 1517 900 1582 mendacii
920 1516 1150 1582 condicionibus
1169 1521 1246 1581 tem·

116 1621 219 1695 tumuit
241 1620 364 1685 fficcns:
388 1621 456 1703 qui
479 1641 555 1684 non
578 1622 665 1705 egit
687 1619 819 1685 dolum
841 1620 881 1684 in
904 1620 1046 1704 lingua
1074 1639 1144 1685 sua
1173 1639 1245 1685 nec
1273 1649 1297 1686 ιι

119 1720 203 1788 iecit
224 1725 405 1805 proximo
428 1744 498 1789 sno
522 1723 673 1802 malurn,
700 1731 735 1789 ut
757 1724 874 1790 crimen
898 1724 1054 1790 mendacii
1075 1725 1107 1788 in
1130 1723 1245 1789 incom-

122 1827 194 1891 roodo
213 1826 382 1894 haberetur
404 1827 514 1893 alieno.

155 1930 195 1996 ll.
218 1932 281 1998 Sed
295 1932 375 2009 licet,
391 1953 460 2017 qnae
477 1933 616 2013 superius
640 1932 784 2010 diximus,
799 1932 988 2014 expleantur,
1012 1938 1043 1997 et
1054 1932 1246 2016 ingrediatur

126 2029 247 2101 innocens
270 2043 475 2121 opereturque
498 2037 657 2112 iustitiam,
681 2036 844 2101 ueritatem
868 2037 959 2102 corde
982 2035 1188 2117 conplectens,
1212 2057 1246 2102 se

127 2133 202 2213 ipsum
224 2141 253 2205 in
279 2139 337 2217 bis,
360 2160 429 2224 quae
454 2140 570 2206 locutus
602 2141 701 2218 fuerit,
725 2160 784 2205 non
816 2139 934 2215 fallens,
959 2138 1076 2205 malurn
1106 2141 1245 2221 proximo
1273 2170 1297 2205 ιι

128 2243 329 2321 subinferens,
367 2244 521 2326 perfectus
545 2252 648 2310 laruen
671 2245 702 2308 in
727 2243 778 2309 his
802 2264 862 2308 non
887 2244 952 2309 erit.
998 2249 1046 2308 eet
1068 2242 1170 2310 adhuc
1192 2244 1247 2309 ali·

129 2344 182 2422 «inid
199 2348 230 2412 in
252 2348 343 2413 nobis
366 2348 586 2426 edomandum,
610 2349 815 2428 expuendum
841 2349 1075 2428 perimendum:
1099 2354 1138 2425 et,
1170 2350 1245 2433 quid

129 2441 246 2528 diuisit,
269 2453 364 2527 idem,
389 2452 441 2536 qui
464 2472 520 2532 per
551 2453 716 2532 superiora,
748 2451 911 2517 confirmat
940 2450 1093 2532 propbeta
1123 2452 1244 2518 dicens:

129 2556 155 2612 tl
187 2556 443 2637 obprobrium
489 2575 565 2620 non
603 2556 765 2637 accepit
802 2557 1000 2621 aduersus
1038 2556 1245 2636 proximos

128 2669 202 2724 tuoe
245 2659 416 2726 insolentiae
439 2659 555 2726 scilicet
576 2666 609 2726 et
631 2659 751 2725 fidnciae
780 2661 854 2725 uitia
876 2659 1003 2740 depellit
1025 2666 1057 2725 et
1079 2678 1243 2725 commune
1271 2685 1297 2726 ιι

128 2753 181 2824 ilud
199 2765 350 2846 superbiae
373 2764 489 2829 malum
513 2764 600 2829 tollit.
645 2765 720 2847 quid
743 2764 828 2828 enim
851 2770 913 2828 tam
938 2764 1039 2840 inane,
1064 2768 1128 2828 tam
1151 2764 1244 2830 mise·

127 2878 284 2952 tunquam
309 2867 402 2933 homo
425 2867 543 2933 homini
567 2869 757 2950 superbiens,
791 2888 885 2951 quam
910 2869 949 2933 de
971 2887 1006 2932 se
1028 2867 1145 2950 aliquid
1173 2886 1244 2933 con·

128 2961 223 3038 fidens?
255 2992 358 3039 nonne
380 2973 525 3039 uidemus
553 2972 664 3053 plures,
687 2992 742 3052 per
764 2992 858 3052 opum
880 2971 1076 3036 insolentiam
1099 2991 1170 3035 cum
1193 2990 1245 3036 er·

127 3071 298 3145 lrobrassent
335 3076 477 3157 inopibus
514 3082 696 3159 egestatem,
734 3076 859 3140 amissis
896 3075 1040 3140 omnibus
1077 3093 1180 3159 egere,
1213 3082 1245 3139 et

126 3170 228 3244 *librom
268 3181 426 3247 miseriam
465 3181 660 3246 fastidientes
694 3200 816 3245 rursum
854 3180 978 3264 eguisse
1017 3177 1243 3244 miserantum?
1271 3206 1297 3244 ιι

160 3332 281 3391 ΒΟιΙοιιι.
301 3336 347 3404 Ν,
366 3341 391 3391 6.

162 3489 281 3561 ilingnaa
291 3493 459 3562 exlingnaft
505 3494 720 3562 superationem
734 3495 757 3546 l'
801 3493 966 3562 ansquilias
976 3493 1185 3560 eaneqnitaem.
1197 3493 1212 3543 l
1225 3492 1249 3544 V

127 3567 216 3632 difficile
224 3580 276 3634 iler
285 3585 329 3633 eat
338 3581 368 3633 rb
409 3581 599 3649 dplerumque
609 3599 638 3633 en
648 3581 827 3649 plerumquae
838 3600 870 3633 m.
881 3582 901 3632 2
917 3580 939 3632 l'
977 3579 994 3632 5
1004 3578 1080 3631 utilis
1090 3577 1149 3644 (orn.
1157 3576 1209 3644 ert)
1224 3579 1249 3630 V

127 3670 264 3720 maturo
288 3668 303 3719 b
357 3671 374 3722 6
397 3666 588 3720 testimonium
613 3685 643 3720 cx
667 3667 843 3721 estimonium
868 3684 901 3719 m.
926 3666 946 3718 2
975 3666 1000 3718 V
1050 3665 1201 3718 fruebamur
1221 3666 1246 3717 rt

127 3747 288 3827 ⁸ltctrinam
303 3772 329 3824 V
379 3771 537 3851 conditurm
555 3789 623 3825 corr.
643 3790 674 3824 ro.
702 3772 716 3823 1
746 3772 771 3824 V
831 3774 861 3824 ll
887 3769 1062 3824 incommodo
1083 3768 1141 3835 (ιιι.
1160 3767 1200 3836 in)
1224 3769 1249 3821 V

129 3845 156 3896 ¹3
172 3850 347 3924 lugnediatnr
371 3858 393 3909 l'
445 3859 478 3911 lb
501 3856 630 3912 fueratb
686 3860 717 3910 16
741 3857 863 3910 inferens
881 3876 912 3910 en
935 3856 1052 3910 efferens
1071 3855 1112 3921 (ut
1130 3858 1244 3920 uidetur)

128 3947 179 3990 Φῆ.
192 3961 220 3996 ιιι.
239 3945 254 3999 f
271 3946 297 3999 tt
350 3944 441 3998 adhuc
459 3964 490 3997 ec
507 3944 601 3998 allbuc
621 3943 645 3994 lt
707 3949 737 3998 lt
758 3943 949 4013 perimendum
967 3963 1023 4014 cup.
1042 3945 1086 3996 lin.
1105 3961 1121 3995 a
1141 3942 1207 3997 ιιι.2
1224 3942 1249 3996 l'

130 4018 226 4085 lilidem
243 4032 317 4101 qnod
342 4032 365 4084 l
415 4048 465 4101 per
484 4032 627 4100 superiora
645 4051 675 4085 err
693 4050 743 4101 per
761 4031 931 4099 superiorem
950 4050 1018 4084 ιιι..
1005 4033 1022 4070 2
1045 4030 1070 4084 V
1090 4046 1141 4100 per
1164 4047 1245 4098 snpe-

129 4118 237 4172 muli
287 4119 434 4173 confirmat
446 4118 555 4187 profeta
567 4119 685 4173 subiecit
697 4119 834 4174 dicensi
882 4121 915 4173 le
924 4117 1124 4173 adnersrmftb
1169 4118 1246 4172 abet

130 4186 221 4257 fieriu
235 4205 304 4260 uitia
321 4205 438 4275 depellit
453 4224 511 4276 cup.
524 4207 570 4260 tin
583 4225 600 4257 u
613 4225 645 4259 ιιι.
662 4206 723 4259 22
773 4207 806 4260 al
826 4205 1002 4273 superbael'
1052 4206 1087 4259 22
1103 4202 1246 4258 ofidenafl

132 4290 217 4359 ω
247 4277 532 4366 winwlentimeorr
543 4328 575 4363 ιιι.
586 4308 645 4364 22
683 4308 1179 4378 exprobrassenteainprobussentm.
1189 4305 1248 4360 21

131 4378 259 4546 ziza
269 4398 353 4539 Ezecj.
363 4399 427 4464 infr.
435 4416 463 4468 p
472 4396 545 4463 92,-
533 4400 550 4435 ²
584 4402 753 4466 aegestatem
764 4397 790 4449 R
799 4400 923 4464 egestate
933 4414 963 4449 α
972 4395 1000 4448 in
1013 4400 1137 4465 egestate
1146 4412 1179 4447 ιιι.
1189 4396 1209 4446 2
1224 4394 1248 4446 V

228 4498 279 4538 nae
