2790 4844
169 261 174 270 '
269 258 452 306 tractatus
471 254 505 306 in
523 254 698 321 psalmum
718 250 837 305 cxxlv.
1065 245 1127 312 601

10 438 161 503 irenitn
195 441 290 518 eius,
327 451 363 506 et
398 443 583 506 dominus
617 442 656 506 in
691 442 866 506 circuitu
897 439 1035 522 populi
1066 439 1128 504 sui

10 563 25 605 r
62 541 138 608 hoo
176 552 214 609 et
250 564 380 628 nsque
417 546 456 609 in
494 545 691 611 saeeulum.
736 544 795 609 hos
832 544 916 609 enim
954 546 1128 609 seeundum

10 646 138 726 iperiora
176 647 316 731 exemplo
354 656 478 715 montes
527 669 596 714 esse
633 648 879 715 existimabimus
920 647 1128 713 bumilitatem

10 770 70 815 rrae
94 754 289 833 excedentes,
322 752 431 818 firmos
455 761 486 819 et
509 753 648 819 excelsos
672 759 702 818 et
724 750 897 818 inmobiles.
943 772 1014 817 enm
1045 752 1126 816 enim

31 861 172 919 montem
207 857 379 940 significari
402 858 576 932 ecelesiam,
607 858 640 924 id
670 864 718 923 est
746 857 906 922 dominnm
938 856 969 920 in
999 875 1128 937 corpore
1167 877 1179 917 a

10 958 122 1041 gimus,
132 967 162 1024 et
170 959 365 1026 inueniamus
374 968 496 1026 montes
505 961 556 1027 dei
569 961 705 1026 exultare
714 967 808 1044 etque
821 960 918 1025 laeteri
927 997 967 1006 —
977 960 1127 1041 seriptum

10 1062 61 1125 tim
87 1071 149 1128 est:
176 1070 334 1131 montes
357 1065 650 1130 exultauernnt
672 1072 714 1130 ut
736 1065 1126 1146 arietes—‚quomodo

10 1186 145 1232 assumus
180 1181 301 1233 montes
335 1189 395 1234 non
432 1189 485 1235 eos
520 1170 712 1254 significatos
747 1188 815 1235 esse
849 1167 1039 1251 intellegere,
1073 1168 1126 1250 qui

12 1290 73 1349 per
96 1278 250 1337 terrenam
274 1279 418 1338 naturam
441 1273 568 1358 gloriosi
592 1275 656 1338 iam
678 1275 709 1339 in
734 1273 783 1339 dei
806 1272 900 1338 rebus
923 1269 1083 1338 exultant?

21 1392 51 1456 6.
75 1392 185 1458 Anne
219 1392 286 1459 leue
320 1396 499 1475 praesidium
534 1396 565 1459 in
601 1395 757 1476 apostolis,
791 1394 840 1460 uel
874 1393 1059 1476 patriarchis
1089 1414 1125 1459 ne
1152 1415 1177 1452 10

10 1494 148 1576 ’ophetia
171 1496 221 1562 uel
245 1499 344 1579 potins
367 1500 398 1563 in
422 1499 551 1584 angelis,
576 1501 629 1583 qni
653 1498 818 1565 ecelesiam
834 1501 969 1582 quadam
986 1499 1125 1564 custodia

10 1600 238 1684 roumsaepiunt
262 1604 470 1680 crederemus,
505 1604 661 1668 adiectum
697 1609 758 1668 est:
793 1609 832 1668 et
865 1602 1051 1667 dominus
1085 1602 1124 1666 in

10 1701 155 1769 ireuitu
180 1704 318 1786 populi
342 1707 404 1771 sui
429 1727 472 1772 ex
496 1706 570 1772 hoo
594 1727 696 1771 nuno
719 1714 757 1771 et
779 1725 907 1789 usque
937 1707 975 1770 iu
1007 1725 1124 1772 saeeu·

10 1824 66 1870 um.
112 1809 168 1872 sed
192 1810 270 1874 forte
293 1811 502 1890 apostolomm
526 1810 576 1876 uel
599 1809 778 1895 angelorum
802 1810 941 1875 custodia
964 1809 1123 1876 sufficiens

10 1908 179 1977 xistimetnr.
224 1933 331 1977 uerum
356 1915 388 1979 id
412 1915 539 1999 quidem
563 1922 625 1991 est;
656 1916 712 1980 sed
735 1919 765 1978 et
788 1913 919 1997 Moysen
950 1914 1121 1979 audiamus.

11 2030 114 2099 enque
150 2037 220 2082 enm
257 2019 284 2082 ei
315 2018 459 2083 dominus
490 2020 633 2084 dixisset:
669 2038 762 2083 eoae
799 2018 974 2102 angelus
1012 2038 1175 2083 mensu

13 2122 200 2186 nteoedet
224 2127 268 2187 te.
286 2121 664 2203 stilleresponditznisi
689 2130 728 2186 tn
752 2141 903 2187 meeum
926 2122 1122 2198 ambules,

14 2237 28 2280 θ
57 2243 113 2289 me
144 2224 330 2305 expellas
365 2225 469 2291 hino
514 2227 632 2291 bonnm
655 2226 783 2310 quidem
806 2225 986 2306 praesidium
1008 2225 1122 2309 angeli,

10 2321 33 2385 11
68 2328 178 2393 melius
213 2330 339 2394 domini.
384 2329 489 2394 multis
527 2331 631 2395 enimn
667 2337 772 2395 nostra
806 2328 927 2413 laqueis
961 2331 1123 2411 adpetitur,

11 2425 84 2496 ultis
107 2435 258 2498 aduersus
281 2454 337 2497 nos
361 2435 457 2499 armis
487 2435 661 2499 dimicatur.
708 2453 768 2498 uon
801 2441 890 2507 terra,
920 2454 981 2498 non
1015 2434 1122 2511 marie,

10 2547 39 2593 ’Β
66 2556 120 2601 aer
143 2557 160 2600 a
183 2536 256 2601 fidei
280 2543 392 2601 nostrae
416 2537 552 2620 periculo
576 2544 697 2603 uacent.
741 2539 866 2619 rapiunt
880 2537 985 2603 oeulos
1002 2545 1122 2602 nostros
1150 2555 1175 2592 ao

10 2648 57 2700 sae
78 2640 227 2724 incogniti
261 2641 356 2705 maris
386 2661 529 2726 gemmas,
559 2650 690 2725 oeoupat
720 2643 857 2707 animum
889 2650 978 2707 terren
1008 2663 1123 2718 numm,

10 2736 59 2806 lis
87 2765 144 2808 nos
175 2745 283 2810 mortis
314 2754 426 2811 nostrae
457 2746 621 2811 inlecebris
652 2746 806 2827 spiritales
829 2746 975 2829 nequitiae
999 2753 1030 2811 et
1052 2747 1123 2811 aeris

10 2836 70 2911 ius
91 2850 219 2914 uirtutes
242 2848 473 2926 eirounruolant,
503 2870 560 2929 per
589 2851 660 2915 oitae
683 2851 846 2931 praesentis
869 2849 1034 2925 molestias,
1069 2869 1123 2931 per

10 2960 87 3016 bna
116 2953 282 3018 uoluntatis
312 2973 416 3018 mores
450 2961 544 3036 atque
578 2953 738 3019 lasciuiam
776 2955 966 3030 insidiantes,
1000 2963 1034 3019 nt
1063 2955 1122 3019 ira·

10 3064 108 3132 tInar,
122 3064 158 3121 ut
173 3057 338 3133 oderimus,
358 3064 391 3122 ut
414 3077 569 3123 amemus:
594 3059 730 3142 undique
755 3070 953 3139 expectamur
976 3068 1006 3124 et
1029 3060 1122 3140 adpe·
1149 3073 1174 3112 π

10 3165 80 3222 lun.
122 3161 224 3226 solens
247 3181 323 3245 ergo
343 3161 489 3226 dominus
504 3183 566 3226 non
582 3164 731 3227 aduersus
748 3181 875 3227 earnem
892 3170 921 3228 et
937 3163 1121 3246 sanguinem

10 3352 98 3420 ⁷Ps.
118 3367 213 3432 exul,
231 3371 256 3421 4.
295 3369 327 3421 15
347 3368 624 3436 Exou.xxxl1,el.
663 3368 1007 3436 16Ex0u.xtxl11,15.

13 3526 90 3593 2ex
115 3542 168 3595 hoo
194 3543 218 3594 l'
233 3559 267 3596 ex
293 3543 345 3596 lroo
365 3560 437 3597 nune
456 3544 509 3596 121>
577 3543 744 3596 saecundum
765 3544 791 3596 R
860 3543 1077 3597 binueniamus
1097 3544 1122 3595 R

10 3623 132 3682 uenimus
143 3629 196 3681 PE
248 3632 263 3683 7
279 3630 352 3682 enim
370 3636 411 3683 est
429 3630 472 3682 Ra
489 3637 530 3683 est
546 3631 618 3683 enim
637 3630 672 3681 Pe
725 3633 741 3682 ll
758 3628 884 3683 exultant
900 3630 955 3682 RE
965 3629 1125 3682 exaltantP

10 3699 187 3768 'weluen
242 3716 650 3770 lloustodiaezcustodiamll
705 3720 737 3771 12
751 3734 829 3769 scum
840 3717 949 3784 saepia*
965 3717 989 3767 G
1002 3715 1120 3770 oiroum·

10 3795 103 3858 ”nium
117 3803 143 3855 lt
158 3802 373 3870 circumsepiant·
384 3804 436 3856 PE
488 3806 520 3857 13
536 3820 609 3856 nuno
626 3821 674 3855 om.
685 3803 711 3854 P
764 3806 795 3856 16
810 3808 838 3855 et
853 3802 900 3855 ille
919 3802 1024 3854 GRPE
1036 3801 1084 3854 ille
1100 3802 1124 3854 V

10 3886 379 3943 ltmmnmbulmumeonm
387 3890 511 3943 ambules
520 3888 709 3962 ilonimooedg
717 3888 915 3955 Lxxlmecum
929 3889 1120 3942 ambulaturus

10 3964 94 4026 111Ρῆ
107 3975 343 4047 (Pmeoumsnpr.
355 3977 428 4041 odd.)
485 3976 703 4044 lisepellanslr'
748 3979 779 4029 18
797 3975 894 4028 multis
909 3975 1014 4027 GRPE
1024 3976 1120 4028 multis

10 4050 89 4111 sslml'
139 4065 174 4117 20
193 4079 240 4116 aer
258 4080 274 4116 a
292 4063 377 4115 om.P
426 4066 461 4116 ‘22
480 4063 553 4115 notis
574 4068 599 4111 (ι’
617 4063 773 4117 totlsRPE
824 4079 874 4114 nos
892 4061 990 4114 mortis
1010 4068 1120 4114 nostrae

10 4139 51 4197 lib
64 4155 172 4203 nostrae
191 4150 288 4203 mortis
308 4151 333 4202 P
383 4149 518 4218 spiritalis
531 4154 555 4198 (ι’
609 4153 643 4203 26
661 4150 751 4202 sciens
770 4166 837 4218 ergo
856 4148 908 4201 dlis
920 4149 999 4201 (il'll
1017 4150 1040 4201 sl
1054 4165 1120 4217 ergo

10 4232 77 4286 nr.
