2790 4844
395 296 574 343 tractatus
593 291 628 343 in
647 291 815 359 psalmum
833 291 942 345 LXVII.
1174 290 1236 356 305

104 480 286 545 adferent
314 501 433 565 reges
464 478 655 545 munera'
680 480 842 564 distinguit
870 479 1088 564 intellegentia
1117 479 1237 565 signifi·

101 585 258 662 cntionem,
282 605 321 649 ne
346 585 421 669 quid
442 584 607 649 confusum
624 583 867 668 ambiguumque
882 585 1030 669 subrepat
1044 585 1076 648 in
1092 605 1136 662 co,
1153 587 1237 668 quod

101 689 152 753 uit:
175 691 320 755 manda
335 690 431 754 deus
447 689 593 754 uirtuti
610 696 698 766 tuae3
719 689 804 771 quod
817 688 925 772 utique
941 696 1048 754 contra
1063 687 1236 754 humanum

98 813 223 859 sensum
246 800 278 858 et
298 813 390 859 usum
412 792 562 859 naturalis
585 793 817 858 consuetudinis
845 801 891 857 est
914 791 1042 857 loeutus.
1087 795 1236 858 mandere

97 897 177 962 enim
202 897 368 981 quisquam
389 896 496 962 uirtuti
518 917 583 962 suae
606 896 724 980 aliquid
743 913 807 961 non
830 897 961 973 uidetur,
991 896 1065 980 quia
1087 916 1143 978 per
1164 916 1235 961 eam
1276 925 1289 962 a

96 1002 224 1067 interna
254 1002 412 1082 potestatis
441 1001 515 1066 insit
543 1000 686 1080 effectus3
717 1008 747 1067 et
777 1022 846 1066 cum
877 1001 981 1065 omnia
1011 1001 1121 1066 uirtute
1152 1000 1237 1079 fient,

96 1126 155 1169 non
179 1105 373 1171 existimatur
394 1105 500 1171 uirtuti
522 1105 581 1187 ipsi
605 1105 720 1189 aliquid
752 1106 892 1170 mandari
922 1104 1020 1171 solere
1051 1104 1236 1170 faciendum.

96 1210 250 1276 sedenim
266 1211 314 1275 dei
338 1211 436 1274 uirtus
452 1209 565 1292 deique
587 1209 739 1293 sapientia
759 1217 807 1274 est
822 1210 965 1274 dominus
982 1208 1069 1274 Iesus
1085 1206 1236 1281 Christus,

97 1313 146 1397 qui
177 1321 209 1379 et
238 1314 387 1395 ponendae
417 1314 528 1378 animae
559 1333 595 1378 ae
632 1313 826 1379 resumendae
861 1316 1041 1379 mandatum
1071 1313 1189 1394 aceepit
1219 1333 1237 1376 a

96 1426 190 1499 patre.
246 1418 361 1484 idcirco
398 1437 458 1482 non
497 1424 603 1483 eontra
640 1417 858 1502 intellegentiae
896 1417 1069 1483 communis
1110 1438 1236 1483 sensum
1264 1443 1288 1481 ιο

98 1521 212 1588 dictum
244 1522 373 1599 uidetur,
411 1523 494 1606 quod
523 1529 627 1588 tamen
658 1521 845 1603 prophetica
875 1522 1012 1588 soientiae
1050 1523 1236 1603 proprietate

97 1633 302 1691 memoratum
324 1637 378 1705 est,
401 1635 436 1691 ut
457 1626 562 1692 uirtuti
578 1647 643 1692 sua
659 1627 820 1692 mandaret
835 1628 919 1702 deus,
942 1626 1102 1710 unigenito
1118 1625 1237 1691 scilicet

98 1730 161 1809 deo,
184 1731 239 1814 qui
262 1736 293 1797 et
315 1731 365 1795 dei
392 1731 489 1795 uirtus
518 1736 574 1796 est
619 1730 733 1796 dehine
763 1731 836 1814 quia
865 1751 970 1796 rerum
1001 1730 1173 1796 subitarum
1205 1731 1236 1794 in

99 1834 154 1899 deo
182 1855 246 1899 non
276 1836 360 1900 cadit
388 1854 469 1900 noue
498 1855 670 1919 repensque
700 1834 826 1913 molitio,
856 1835 945 1900 cuius
983 1834 1144 1901 seientiam
1176 1853 1235 1899 non

99 1939 324 2023 subterfugiant
345 1958 416 2022 quae
439 1939 576 2022 gerenda
591 1948 672 2015 sunt,
696 1939 769 2023 quia
785 1946 895 2004 natura
910 1938 975 2004 eius
990 1939 1142 2013 misereo,
1166 1958 1237 2023 queo
1264 1961 1290 2000 is

100 2050 193 2121 erunt,
215 2043 340 2108 uirtutis
363 2063 427 2108 sua
451 2048 602 2123 potestate
631 2043 781 2124 conplexa
811 2051 864 2121 est
894 2044 926 2107 id
956 2063 1039 2108 nunc
1060 2042 1236 2108 continuari

101 2146 249 2229 propheta
269 2147 411 2227 postulat,
434 2147 601 2231 quodiam
625 2147 666 2212 sit
687 2148 770 2213 idem
801 2148 877 2213 dens
909 2154 1052 2228 operatus
1083 2147 1114 2211 in
1137 2146 1236 2222 nobis,

103 2253 269 2317 secundum
291 2249 367 2316 illud
390 2251 534 2332 apostoli:
558 2251 801 2316 benedictus
826 2252 924 2317 deus
947 2257 1062 2332 pater
1085 2250 1236 2315 domini

105 2357 227 2421 nostri
266 2355 359 2421 Iesu
389 2353 554 2432 christi,
593 2356 660 2440 qui
698 2356 913 2423 benedixit
954 2376 1024 2421 nos
1061 2355 1237 2419 inomni

106 2459 283 2538 spiritali
321 2459 611 2525 benedictione
648 2460 687 2524 in
725 2460 979 2525 calcatibus:
1017 2461 1055 2524 in
1094 2479 1169 2543 quo
1201 2468 1238 2524 et
1264 2479 1289 2517 no

108 2561 226 2648 elegit
248 2584 318 2628 nos
342 2571 432 2628 ante
455 2563 591 2628 mundi
614 2565 1037 2636 constitutionem,uti
1055 2582 1236 2629 essemus

109 2669 228 2733 sancti
260 2676 299 2733 et
329 2667 569 2733 inmaculati
599 2667 637 2732 in
668 2669 764 2748 ipso.
811 2669 888 2734 deus
912 2669 1022 2753 itaque,
1047 2668 1098 2752 qui
1123 2686 1236 2733 secun·

108 2765 168 2837 dum
184 2770 371 2854 prophetam
386 2772 467 2851 fecit,
491 2792 559 2856 queo
575 2782 705 2837 uentura
727 2780 807 2851 sunt,
830 2793 876 2850 ea,
899 2793 969 2857 quae
993 2774 1053 2838 iem
1076 2778 1147 2838 ante
1163 2792 1237 2837 con·

107 2872 287 2941 stitutionem
318 2876 424 2941 mundi
454 2898 510 2957 per
540 2875 746 2942 definitionem
785 2878 992 2961 gerendorum
1030 2883 1170 2958 operatus
1206 2877 1235 2939 in

106 2978 186 3044 nobis
208 2987 263 3055 est.
288 2980 483 3046 confirmauit
504 2981 534 3044 in
559 2981 693 3044 domino.
1263 2999 1289 3036 π

149 3189 179 3241 18
193 3188 292 3257 Ephes.
311 3189 332 3251 1,
351 3191 367 3242 3
386 3206 425 3256 sq.

151 3359 292 3416 lederent
318 3381 348 3415 ex
374 3361 494 3416 offerunt
522 3363 546 3414 R
598 3362 759 3430 2subripat
784 3363 808 3416 V
858 3362 1023 3431 Gpotestati
1050 3363 1074 3415 H
1126 3367 1237 3416 'iman-

112 3431 171 3496 dare
192 3447 222 3499 V¹
273 3448 411 3502 faciedum
429 3467 460 3503 ca
476 3448 598 3502 faoiddae
618 3469 649 3503 m.
669 3447 689 3500 9
709 3449 732 3500 t'
782 3448 868 3503 seed
888 3449 952 3517 quia
977 3449 1001 3503 Γ
1050 3442 1081 3502 di
1098 3469 1169 3522 supr.
1188 3467 1237 3502 scr.

116 3536 142 3574 ”t
159 3532 204 3585 IV
254 3538 284 3589 ll
305 3535 425 3621 scientia
446 3536 474 3588 in
501 3554 582 3604 marq.
602 3538 661 3589 odd.
681 3536 707 3587 P
756 3537 943 3605 propriaetate
965 3541 1132 3590 memoratus
1151 3540 1193 3589 est
1217 3535 1241 3586 1’

122 3638 351 3746 12ᾶὲιοί11οᾶἶῆ
404 3695 436 3747 13
454 3692 488 3746 ds
504 3690 595 3745 uirtus
614 3696 655 3745 est
680 3692 703 3745 V
752 3692 781 3746 in
801 3692 852 3745 deo
870 3692 968 3745 VRPT
981 3693 1016 3761 cf.
1030 3692 1237 3746 HurtctEunod.

52 3764 56 3859 j
119 3768 199 3843 11173,
209 3779 292 3849 Lucas.
299 3798 327 3849 p.
339 3776 406 3844 364,
416 3779 565 3848 Petschenig]
583 3779 644 3832 Via.
655 3798 683 3849 p.
696 3778 752 3833 159
763 3780 792 3832 in
804 3779 886 3832 deum
901 3779 929 3832 E
971 3779 1005 3832 14
1022 3779 1237 3847 recensqueRT

124 3849 168 3913 (ted
176 3878 189 3915 e
199 3868 223 3918 in
236 3885 287 3920 ros.
300 3867 402 3929 311,ιή
414 3884 497 3935 marp.
509 3883 528 3933 p
540 3867 600 3919 odd.
615 3867 651 3930 Τ)
706 3867 739 3920 15
757 3865 961 3934 supterfugiant
976 3865 1001 3917 V
1052 3868 1085 3919 lo
1103 3866 1237 3934 conplexa

124 3952 172 3999 unt
185 3950 204 4001 1¹
254 3955 287 4007 18
298 3952 365 4008 deus
378 3959 407 4007 et
418 3958 497 4022 peter
511 3954 538 4004 Ε
588 3955 622 4007 20
634 3952 827 4007 benedictione
840 3953 960 4022 spiritali
975 3953 1001 4004 E
1051 3955 1083 4005 21
1104 3953 1238 4005 utRPTd

119 4084 145 4138 23
160 4049 259 4144 tuentnn
272 4092 298 4145 P
348 4108 434 4160 eaque
452 4108 522 4160 quae
542 4093 568 4144 P
617 4091 671 4145 iam
691 4110 738 4144 om.
763 4093 787 4144 i'
837 4097 901 4145 ante
926 4091 1122 4144 constitutione
1142 4092 1238 4144 mundi

122 4174 209 4230 t'aute
234 4178 331 4232 mundi
358 4179 583 4232 constitutionem
612 4181 636 4231 T
662 4184 725 4232 ante
753 4178 980 4232 constitutionem
1008 4175 1068 4242 (om.
1087 4177 1193 4242 mundi)
1215 4181 1240 4231 P

109 4265 140 4320 22
157 4279 202 4331 per
218 4264 404 4319 definitionem
422 4283 471 4318 om.
490 4266 539 4319 PT
557 4265 667 4332 (Bened.
677 4266 757 4335 salso
775 4265 858 4331 oda).

156 4383 223 4425 xm.
237 4384 307 4426 anu.
322 4385 378 4426 uec
393 4395 445 4435 pm
458 4386 477 4426 1.
503 4431 510 4447 ‚
1049 4373 1085 4426 20
