2790 4844
376 257 556 328 tractatus
576 253 608 304 in
626 253 799 320 psalmum
819 252 910 305 CXLI.
1151 251 1214 317 803

66 439 99 503 id
125 446 174 504 est
197 447 311 505 sortem
336 446 366 505 et
389 459 520 523 regnum
538 440 718 506 hereditatis
734 461 806 519 suae,
831 447 869 516 ut,
887 440 958 507 licet
973 441 1087 507 inferos
1104 442 1211 516 adiret,

66 552 173 609 tamen
208 564 263 624 per
297 543 467 625 spiritalem
500 551 683 625 potestatem
717 545 841 610 doceret
875 566 908 610 se
939 567 957 610 a
987 548 1128 627 paradiso
1152 567 1212 611 uon

68 649 191 715 abesse.

115 754 145 816 6.
170 752 260 817 Redit
276 754 388 818 deinde
404 754 443 817 nd
456 752 600 819 orationis
616 773 679 817 suae
696 753 880 818 modestiam
897 755 1019 819 dicens:
1043 754 1210 821 intende

67 858 300 921 orationem
342 877 479 922 meam:
526 857 621 940 quia
666 856 907 922 humiliatus
953 877 1036 922 sum
1081 859 1212 923 nimis.
1253 886 1266 923 a

69 960 249 1027 humiliatus
273 970 321 1026 est
343 962 426 1026 enim
449 961 581 1026 sormam
605 962 687 1026 serui
711 962 866 1041 aonipiens
882 968 913 1026 et
928 962 1086 1028 oboediens
1113 964 1213 1028 faetus

68 1085 170 1148 usque
194 1068 233 1131 ad
258 1074 400 1143 mortem,
423 1073 554 1131 mortem
571 1074 672 1130 antem
696 1065 804 1130 oruois.
851 1065 985 1131 libera
1007 1087 1066 1132 me
1089 1088 1107 1129 a
1130 1087 1213 1147 per-

67 1171 345 1252 sequentibus
379 1191 451 1234 me:
487 1170 583 1254 quia
617 1170 840 1234 oousortati
875 1177 969 1235 sunt
1003 1190 1213 1251 superma.

68 1274 171 1338 edne
205 1275 250 1339 de
285 1294 454 1340 caruere
487 1274 661 1339 animam
695 1294 821 1339 meam
852 1277 897 1339 ad
929 1274 1214 1342 confitendum

68 1379 225 1442 nomini
249 1386 322 1456 tun,
347 1378 517 1443 domine.
562 1398 753 1461 quamquam
777 1379 859 1443 enim
882 1386 1066 1459 potestatem
1083 1378 1214 1444 baberet
1242 1404 1266 1440 ιο

67 1481 205 1563 ponendi
236 1483 372 1547 animam
395 1502 485 1548 suam
509 1490 539 1546 et
561 1483 748 1561 resumendi,
772 1489 876 1548 tomen
901 1503 1025 1564 semper
1047 1503 1102 1564 per
1124 1479 1213 1549 reue·

68 1585 205 1650 rentiam
228 1584 283 1650 filii
306 1585 456 1651 honorem
479 1593 616 1667 paternae
639 1587 795 1652 maiestati
817 1588 994 1664 reseruauit
1025 1608 1096 1653 oum
1130 1571 1225 1652 orati

69 1696 197 1770 pater,
221 1689 417 1757 olarisioa
441 1711 513 1765 me;
537 1711 607 1756 cum
625 1691 808 1772 proclamat:
832 1693 929 1757 dous
952 1712 1071 1767 mens,
1089 1712 1214 1776 quare

69 1815 129 1859 me
153 1793 447 1877 dereliquisti?
493 1795 523 1858 in
559 1794 608 1860 his
643 1796 725 1861 enim
760 1816 821 1859 non
855 1803 903 1861 est
937 1796 1127 1861 infirmitatis
1150 1817 1213 1861 suae

68 1898 232 1976 confessio,
267 1900 324 1964 sed
357 1905 492 1979 paternae
527 1899 648 1964 uirtutis
682 1899 867 1980 pradicatio.
912 1899 1036 1965 liberari
1070 1922 1104 1965 se
1139 1921 1213 1985 ergo
1242 1922 1265 1957 ιο

70 2022 155 2067 nunu
179 2002 321 2068 similiter
336 2023 354 2067 a
369 2003 624 2087 persequentibus
645 2009 720 2081 orat,
745 2004 840 2086 quia
863 2004 1088 2069 confortati
1112 2014 1212 2069 sunt.

69 2106 235 2171 confortati
266 2107 349 2171 enim
380 2115 460 2187 sunt,
491 2128 561 2173 cum
592 2109 631 2172 ad
654 2127 780 2173 erucem
803 2109 884 2184 dant,
915 2129 987 2174 oum
1009 2129 1066 2189 per
1088 2128 1213 2173 earnem

68 2211 165 2275 doum
199 2211 349 2293 nesciunt,
384 2232 455 2276 oum
491 2232 543 2277 eos
577 2211 698 2277 habitus
733 2210 915 2277 humilitatis
946 2219 977 2277 et
1000 2204 1100 2277 foima
1123 2213 1154 2277 in
1178 2233 1213 2278 eo

68 2313 192 2379 sensilis
216 2313 363 2383 hortatur.

113 2419 143 2482 7.
169 2418 289 2484 Deinde
319 2426 416 2505 rogat,
451 2432 486 2484 ut
519 2420 623 2484 anima
656 2440 713 2485 sua
743 2422 890 2485 educat-nr
912 2443 929 2485 e
953 2440 1085 2486 caruere.
1131 2421 1156 2485 si
1180 2421 1210 2484 in
1240 2440 1265 2478 ao

70 2543 198 2588 earcere
221 2523 330 2604 positis
353 2523 446 2589 etiam
473 2532 550 2594 ante
567 2524 635 2589 Noe
658 2532 798 2605 tempora
820 2524 1079 2591 resurrectionem
1103 2545 1212 2590 seeun-

69 2628 145 2692 dnm
169 2630 297 2693 beatum
320 2627 447 2694 Petrum
470 2629 612 2694 dominus
642 2628 828 2710 praedioauit,
859 2649 965 2694 oaroer
995 2635 1043 2693 est
1072 2628 1212 2707 inferia

69 2752 131 2816 quo
154 2753 189 2797 so
213 2733 303 2799 eduoi
336 2739 435 2818 rogat,
469 2739 503 2798 ut
535 2733 568 2797 in
602 2732 697 2798 altero
730 2733 849 2814 psalmo
883 2741 947 2798 erat
977 2740 1134 2813 precatus:
1167 2754 1213 2799 ne

68 2837 282 2902 oontineat
316 2857 436 2918 super
470 2857 527 2901 me
562 2845 706 2918 puteus
740 2858 780 2902 os
814 2858 937 2902 suum.
984 2837 1080 2902 oratio
1112 2837 1214 2903 omnis

69 2943 131 3006 ista
153 2941 196 3005 ad
219 2941 456 3019 confessionem,
489 2948 523 3006 ut
556 2941 698 3015 diximus,
731 2942 853 3006 uirtutis
887 2949 1022 3022 paterna
1057 2951 1112 3007 est.
1158 2942 1213 3007 sed
1241 2958 1267 2996 π

68 3044 187 3110 adiecit
208 3051 240 3110 et
261 3065 399 3124 oausam,
422 3065 477 3112 our
492 3066 526 3111 se
542 3048 580 3111 de
596 3066 720 3112 earcere
736 3054 802 3112 oret
816 3047 920 3112 eduoi:
944 3048 991 3111 ad
1014 3046 1213 3111 confiten-

68 3150 172 3226 dum,
195 3148 304 3232 inquit,
328 3149 577 3214 nominituo.
622 3151 803 3216 resurreetio
827 3150 910 3215 onim
934 3150 999 3215 eius
1022 3157 1157 3231 paternae
1181 3150 1212 3213 in

65 3274 102 3319 se
126 3252 250 3318 uirtutis
272 3252 449 3334 praedicatio
472 3265 528 3330 est,
552 3254 624 3337 quio
645 3261 780 3333 potestas
804 3255 831 3320 ei
854 3253 955 3318 omnis
986 3274 1022 3318 er
1045 3262 1131 3335 patre
1155 3262 1212 3318 ast.

116 3447 149 3498 ra
168 3443 225 3497 ron.
244 3444 329 3512 xvn,
350 3447 373 3498 1.
409 3445 451 3498 ra.
470 3445 543 3512 xm,
561 3448 585 3498 a
610 3445 695 3499 nare.
715 3444 772 3511 xv,
792 3447 833 3498 er.
870 3446 904 3499 aa
922 3445 966 3499 ra.
986 3444 1109 3513 uxum
1129 3448 1170 3499 ro.

116 3617 253 3672 linieros
282 3617 334 3671 GR
360 3618 395 3671 ad
422 3617 524 3672 irrieros
549 3618 576 3670 Ε
627 3620 643 3670 7
670 3622 759 3672 morte
786 3621 878 3672 autem
908 3618 933 3670 G
960 3622 989 3672 et
1015 3623 1134 3672 mortem
1162 3618 1217 3671 RE
1322 3613 1324 3619 ’

66 3707 151 3759 8ms
158 3714 217 3776 post
226 3705 456 3773 persequentibus
469 3706 553 3758 onaR
606 3704 765 3759 santum}
819 3704 982 3774 llponendi
995 3705 1215 3774 exponendaeR

72 3794 106 3846 12
123 3791 177 3846 filii
197 3791 223 3845 θ
239 3790 281 3845 dli
300 3794 324 3845 R
376 3793 456 3845 uerba
473 3797 535 3846 orat
547 3819 581 3830 -
594 3809 637 3846 me
651 3808 714 3845 oum
732 3793 844 3845 moenie
862 3791 1002 3845 uidetan
1057 3794 1089 3846 15
1107 3809 1135 3845 se
1148 3809 1215 3862 ergo

72 3879 126 3934 GR
143 3894 212 3948 ergo
236 3894 266 3933 so
285 3879 313 3931 Ε
365 3880 397 3933 17
424 3878 574 3933 confortati
597 3879 672 3933 enim
696 3883 762 3933 sunt
780 3897 828 3931 om.
849 3879 875 3931 G
945 3879 981 3932 ad
1008 3895 1120 3932 erucem
1147 3878 1215 3933 dant

72 3968 198 4038 amptum
211 3967 247 4036 cs.
263 3966 327 4019 Ati.
343 3966 361 4018 1
364 3965 393 4030 V,
407 3966 442 4019 70
494 3972 587 4021 autem
597 3967 664 4020 dent
673 3964 707 4033 (i)
720 3965 857 4020 Gaudent
867 3966 892 4018 R
901 3964 1065 4034 crucifigere
1074 3965 1177 4020 audent
1189 3966 1218 4019 E

72 4054 104 4108 18
122 4054 203 4108 nemo
221 4053 305 4107 deum
322 4053 452 4108 nesuiunt
468 4070 532 4108 oum
550 4054 663 4107 omium
679 4055 781 4107 uidetur
801 4053 826 4105 G
878 4054 913 4107 28
931 4058 963 4106 ut
980 4070 1029 4105 om.
1050 4053 1075 4105 G
1093 4059 1171 4107 utet
1189 4054 1218 4106 Ε

71 4144 218 4210 praestus
237 4140 291 4194 GR
342 4140 485 4194 neGnon
498 4140 552 4194 RE
602 4142 637 4196 26
654 4140 745 4194 ourG
763 4141 854 4208 qur-R
906 4157 935 4193 se
947 4139 982 4193 de
994 4140 1046 4193 GR
1064 4156 1124 4193 sese
1142 4139 1218 4194 den

68 4231 102 4283 ΕΙ
121 4227 261 4297 inquidG
314 4227 389 4282 enim
406 4227 466 4281 eius
487 4227 512 4281 G
530 4227 654 4282 oiusRE
704 4229 738 4281 28
756 4233 799 4281 est
814 4237 874 4297 post
891 4226 1060 4297 praedicatio
1078 4244 1127 4280 orn.
1148 4227 1180 4280 G.
