2790 4844
331 285 512 335 tractatus
537 281 564 333 in
591 282 763 349 psalmum
788 280 932 335 CXXXIV.
1139 280 1201 346 705

57 473 209 537 atduersus
230 471 479 551 mundipotentes
503 470 613 535 herum
630 471 828 536 tenebrarum
843 473 876 536 in
892 471 1097 537 hereditanda
1113 471 1202 536 nobis

58 575 157 641 salute
180 581 331 640 tueantur.

105 680 155 744 18.
179 679 325 762 Sequitur
359 679 472 743 deinde
502 676 553 743 hic
583 679 657 743 ordo
688 679 857 744 dictorum:
892 680 958 762 qni
992 681 1202 761 percussit

59 783 533 867 primogenitaAegypti
557 783 603 847 ab
621 781 782 847 homine
805 802 931 866 usque
955 784 1141 863 adpecus
1164 789 1202 848 et

58 889 174 952 misit
195 888 315 971 signa
337 893 374 951 et
396 886 588 968 prodigia
617 886 655 950 in
687 886 818 951 medio
842 887 907 964 tui,
931 889 1128 971 Aegypte,
1161 887 1200 951 in
1241 915 1254 950 a

58 990 311 1056 Pharaonem
336 996 375 1055 et
396 991 436 1055 in
458 1009 592 1055 omnes
615 1009 756 1056 seruos
780 991 874 1055 eius.
902 991 968 1074 qui
992 991 1202 1071 percussit

59 1103 208 1181 gentes
224 1094 374 1160 multas
398 1100 438 1158 et
459 1094 615 1159 occidit
637 1114 757 1179 reges
774 1095 919 1159 sortes:
937 1095 1048 1172 Seon,
1064 1114 1201 1178 regem

57 1199 364 1277 Amorraeorum,
389 1204 427 1262 et
449 1196 514 1281 Og,
538 1218 675 1282 regern
699 1199 838 1274 Busan,
862 1206 901 1263 et
923 1199 1055 1263 omnia
1077 1218 1202 1283 regna

59 1303 248 1369 Chanaan
272 1302 443 1368 occidit:
474 1308 512 1367 et
541 1303 656 1367 dedit
688 1308 837 1367 terram
873 1322 1006 1367 eorum
1041 1301 1200 1367 heredi·

61 1415 192 1482 tatem,
224 1405 501 1472 hereditatem
533 1404 695 1471 Israhel
729 1407 877 1486 populo
899 1426 977 1471 suo.
1024 1405 1254 1490 frequentetis

58 1533 162 1578 sermo
185 1512 310 1576 diuinus
332 1530 401 1576 eum
424 1509 668 1594 intellegendum
691 1530 761 1576 esse
791 1513 885 1576 deum
908 1509 974 1576 caeli
997 1519 1089 1594 etque
1112 1515 1202 1576 terra

58 1625 90 1682 et
124 1615 335 1681 uniuersitatis
368 1619 539 1679 creatorem
574 1615 674 1694 docet,
708 1616 761 1698 qui
793 1616 973 1699 Aegyptum
1006 1615 1201 1695 percusserit,

56 1740 147 1785 mare
170 1719 317 1792 diuiserit,
334 1719 507 1802 Aegyptios
531 1719 723 1795 demerserit,
739 1718 884 1802 populum
909 1739 999 1784 suum
1024 1720 1147 1802 magnis
1169 1724 1201 1783 et

56 1823 253 1890 mirabilibus
275 1823 441 1889 uirtutibus
464 1823 612 1900 eduxerit,
636 1823 666 1887 in
691 1844 795 1888 eremo
819 1844 933 1888 manna
955 1823 1072 1901 aluerit,
1094 1823 1200 1888 eiectis

56 1929 207 2015 gentibus
229 1929 260 1992 in
284 1934 399 1992 terram
415 1927 663 2008 repromissionis
685 1928 850 1993 induxerit.
895 1938 926 1993 et
948 1929 1074 2012 quidem
1096 1927 1201 1992 omnia
1228 1950 1253 1986 ιθ

55 2033 128 2098 haec
151 2030 317 2115 magnifiee
340 2037 370 2096 et
392 2030 539 2111 praeclara
569 2050 663 2110 opera
685 2031 777 2096 deum
809 2051 881 2096 esse
911 2037 1077 2110 testantem
1101 2051 1202 2115 neque

54 2137 144 2203 enim
166 2135 332 2200 medioeris
355 2141 386 2199 et
408 2134 575 2200 moderatae
605 2134 728 2199 uirtutis
750 2141 799 2199 θεῖ
821 2139 906 2199 tanta
928 2135 1080 2219 gessisse:
1104 2135 1201 2200 admi·

54 2239 175 2305 raudus
199 2240 229 2303 in
254 2238 302 2303 lris
331 2237 558 2322 intellegendus
581 2245 637 2304 θεῖ.
684 2239 738 2304 sed
762 2239 852 2304 docet
873 2259 929 2304 nos
952 2238 1106 2322 apostolus
1129 2259 1201 2304 oum

55 2344 257 2410 ueneratione
286 2346 446 2427 gestomm
476 2342 757 2423 praeformationem
786 2343 819 2406 in
848 2342 897 2408 his
928 2344 1074 2408 doctrinae
1108 2348 1201 2426 atque

53 2448 161 2530 operis
191 2446 337 2529 spiritalis
368 2465 545 2530 agnoscere,
579 2467 649 2512 eum
680 2446 729 2512 lex
759 2447 905 2527 spiritalis
928 2454 984 2525 est,
1014 2466 1088 2512 cum
1110 2453 1201 2531 gesta
1227 2467 1253 2504 ao

55 2553 125 2618 aius
149 2548 380 2635 allegorumena
402 2561 483 2629 sunt,
507 2570 577 2616 cum
602 2551 660 2616 sub
684 2551 763 2615 nube
786 2557 890 2632 patres
922 2551 1053 2626 suerunt,
1076 2571 1145 2616 cum
1168 2551 1201 2615 in

55 2656 194 2740 Moysen
226 2654 374 2736 baptizati
407 2661 487 2733 sunt,
522 2674 591 2720 cum
615 2656 655 2720 de
678 2654 806 2736 spiritali
836 2661 925 2738 petra
955 2655 1106 2733 biberunt,
1130 2675 1201 2720 cum

54 2766 147 2844 petra
169 2758 312 2825 Christus
334 2767 390 2838 est,
413 2778 483 2825 cum
508 2766 663 2840 postremo
686 2760 857 2824 secundum
879 2758 1002 2824 exaltati
1021 2760 1053 2824 in
1077 2760 1200 2825 deserto

55 2863 212 2947 serpentis
244 2864 377 2928 formam
407 2863 588 2928 exaltandus
619 2869 667 2927 est
696 2864 850 2928 dominus.
895 2883 978 2947 ergo,
1001 2861 1072 2929 licet
1095 2861 1147 2927 illa
1169 2864 1200 2927 in

55 2972 205 3052 Aegypto
228 2967 427 3049 corporaliter
442 2974 531 3051 gesta
546 2968 616 3043 sint,
640 2965 818 3047 spiritaliter
833 2975 938 3032 tamen
955 2987 1035 3032 nunc
1051 2973 1199 3053 geruntur
1226 2985 1251 3023 θ

57 3073 89 3136 in
112 3070 213 3136 nobis.

103 3175 153 3242 19.
176 3173 351 3260 Aegyptus,
380 3175 412 3240 in
436 3196 496 3259 quo
519 3173 622 3240 saeculi
647 3175 745 3240 forma
772 3181 828 3252 est,
856 3176 1022 3241 uirtutibus
1045 3183 1076 3240 et
1097 3175 1199 3261 plagis

58 3281 107 3346 dei
131 3280 311 3361 percutitur,
345 3279 445 3363 signis
474 3279 685 3362 portentisque
708 3284 848 3344 terretur.
892 3280 994 3363 plagis
1018 3280 1068 3344 dei
1092 3299 1199 3361 percu·

58 3384 141 3464 titur,
165 3403 236 3450 eum
258 3384 407 3449 iudicium
430 3402 516 3448 suum
541 3383 633 3457 audit,
656 3402 728 3448 cum
751 3383 979 3448 damnationem
1010 3403 1098 3449 suam
1127 3403 1199 3468 cog-

56 3488 166 3566 noscit,
185 3506 257 3553 cum
280 3488 313 3552 in
327 3486 395 3567 ipso
413 3487 609 3552 conscientiae
628 3506 691 3552 sua
709 3492 797 3552 reatu
817 3487 928 3553 cotidie
946 3487 1106 3565 iudicetur,
1130 3508 1201 3553 cum
1226 3503 1253 3543 eo

55 3590 244 3673 principales
257 3611 329 3657 suas
341 3591 587 3676 originariasque
598 3592 728 3655 uirtutes
740 3591 823 3655 cruci
836 3611 900 3656 suae
912 3592 1055 3656 dominus
1067 3591 1199 3656 confixit.

100 3747 323 3804 lhereditantia
342 3747 368 3801 G
420 3750 644 3802 Bamorreorum
665 3747 718 3800 GP
766 3748 983 3802 9hereditatem
1001 3700 1154 3803 herestelli
1175 3752 1200 3800 (ι’

55 3892 91 3945 10
107 3887 225 3942 istrahel
254 3888 280 3941 G
346 3889 377 3942 11
402 3882 468 3940 ᾱηῗη
497 3888 522 3940 G
585 3887 676 3954 adque
702 3843 777 3940 terrle
806 3888 830 3939 G
895 3890 928 3942 la
955 3845 1000 3955 lla
1029 3888 1054 3941 G
1085 3889 1149 3956 quia
1176 3889 1202 3941 P

54 3980 89 4031 14
107 3974 222 4029 heremo
242 3974 321 4028 GPP
371 3991 472 4028 manna
498 3974 551 4027 GP
575 3991 675 4041 magna
696 3975 721 4025 T
774 3976 805 4027 19
823 3974 912 4041 adque
933 3975 958 4026 G
1010 3976 1043 4028 21
1063 3975 1200 4043 allegoru-

52 4063 131 4117 mina
158 4061 210 4114 Pr
271 4061 302 4114 in
331 4077 425 4128 moyse
454 4061 479 4113 Y
541 4062 575 4112 24
599 4060 628 4113 in
655 4079 703 4113 om.
733 4061 758 4112 Τ
820 4063 851 4114 31
873 4060 1092 4128 originariasque
1123 4062 1203 4115 GPE

52 4147 242 4290 originallqssffi
261 4199 286 4252 Τ
338 4199 429 4253 crucis
449 4199 479 4252 P.

108 4371 185 4413 xm.
200 4369 271 4414 unu.
286 4373 342 4414 stae.
356 4381 409 4421 pm
422 4369 440 4411 1.
1011 4357 1045 4409 46
