2790 4844
146 280 209 344 774
485 279 602 331 sancti
627 277 761 331 Hilarii
785 277 949 346 episcopi

145 490 214 536 esse
235 470 426 535 confidimus.
473 469 507 533 id
522 474 641 534 autem:
676 474 716 532 et
738 466 868 533 adhuc
890 474 1024 532 tecum
1048 489 1140 533 sum
1164 471 1288 534 nondum

146 594 214 640 esse
238 573 387 654 temporis
410 572 574 655 significat
606 582 638 638 ut
665 582 816 657 resurgat,
841 572 912 656 quia
941 573 1085 637 nondum
1111 579 1234 654 tempus
1253 572 1285 637 sit

146 678 308 759 passionis,
332 679 406 742 dum
430 697 463 742 se
486 676 590 742 adhuc
612 696 682 742 csse
705 696 775 741 cum
798 679 858 741 dee
881 676 1072 756 profiteatur.
1122 678 1192 758 ipse
1214 677 1284 741 euin

146 782 203 846 ait:
227 802 246 845 a
269 783 340 846 dee
375 781 482 846 exiui
516 791 554 846 et
587 781 689 846 ueni.
735 779 837 846 adhuc
871 799 946 864 erge
980 788 1088 845 tecum
1126 801 1203 857 sum,
1225 780 1282 863 quis

108 913 120 951 a
147 886 283 950 nondum
307 885 457 969 temperis
480 891 535 964 est,
559 890 592 949 ut
614 906 632 949 a
655 891 686 950 te
708 885 833 950 ueniam
858 890 888 949 et
910 884 1039 949 ueniam
1070 886 1106 949 in
1138 887 1281 963 mundun,

146 996 187 1067 ut,
212 1009 281 1074 quae
303 988 486 1072 prophetata
509 996 587 1068 sunt,
611 988 762 1072 expleam.

191 1111 241 1175 42.
265 1109 353 1191 Quod
389 1117 490 1175 autem
526 1111 583 1176 ait:
622 1111 655 1175 si
690 1110 857 1175 occidas
891 1110 987 1174 deus
1023 1119 1278 1191 peecatorem

147 1216 305 1299 numquid,
330 1216 381 1298 qui
398 1215 483 1280 uenit
498 1214 618 1279 saluere
634 1215 717 1298 qued
733 1214 868 1298 perierat
879 1220 910 1279 et
921 1220 1122 1295 peccatorem
1134 1215 1277 1287 redimere

148 1326 342 1399 peccatorem
357 1325 501 1400 precatur
516 1317 638 1384 occidi?
682 1318 770 1396 absit,
785 1324 819 1382 ut
834 1318 910 1383 uelit
925 1318 1032 1382 occidi.
1080 1319 1140 1384 sed
1155 1323 1279 1402 peccator

97 1450 121 1486 ιο
149 1424 305 1502 occiditur,
341 1444 411 1488 cum
447 1423 558 1488 saeculo
596 1423 731 1499 meritur,
766 1442 836 1488 eum
870 1420 994 1487 Christo
1030 1424 1224 1494 conmoritur,
1252 1426 1277 1482 ut

149 1528 231 1591 uiuat
254 1529 284 1591 in
310 1526 442 1592 Christe.
489 1527 598 1592 beatus
621 1525 779 1607 apestolus
802 1528 859 1591 ait:
890 1527 1046 1592 cotidie
1080 1528 1226 1591 morior
1252 1533 1276 1588 et

150 1651 286 1696 rursum:
311 1628 1108 1715 mertuussumlegi‚utuiuamGhristo.
1147 1630 1275 1695 morimur

149 1742 251 1800 nutem
268 1737 318 1813 ita,
342 1738 423 1818 qued
448 1737 478 1799 in
502 1735 592 1800 nobis
607 1755 663 1816 per
678 1734 774 1800 fidem
790 1741 951 1816 perempta
967 1742 1097 1817 peccata
1114 1735 1273 1799 moriuntur.

93 1886 105 1917 ,
150 1844 181 1904 et
203 1840 364 1904 audiamus
398 1838 509 1910 adhuc.
534 1841 688 1923 quomedo
723 1840 799 1904 deus
829 1850 1007 1922 peccateres
1038 1839 1161 1919 occidit,
1182 1857 1232 1919 per
1249 1835 1272 1898 id

97 1965 121 2003 a
150 1944 232 2027 qued
255 1944 382 2008 dieitur:
407 1944 663 2008 mortificate
686 1963 782 2027 ergo
809 1943 986 2008 membra
1009 1951 1149 2008 uestra
1171 1959 1272 2022 super

149 2055 312 2124 terram,
352 2047 672 2124 fornicationes,
709 2047 1015 2122 inmunditiam,
1062 2047 1269 2115 libidinem.

149 2153 526 2232 concupiscentiam
557 2151 700 2216 maiam
732 2159 771 2216 et
801 2152 1029 2216 auaritiam.
1076 2153 1120 2216 sic
1150 2154 1270 2231 peccator

149 2257 306 2330 occiditur,
339 2276 409 2321 cum
448 2257 608 2339 generatio
654 2257 724 2320 uitae
768 2255 914 2336 spiritatis
959 2255 1107 2320 uitiorum
1151 2253 1268 2320 omniun

150 2373 407 2444 peccatorumque
431 2366 529 2425 morte
552 2366 726 2425 renouatur.

194 2482 243 2547 43.
267 2481 411 2565 Sequitur
434 2482 560 2546 deinde:
584 2481 663 2545 uiri
687 2481 931 2564 sanguinum
954 2480 1266 2546 declinatorum

151 2587 340 2669 quoniam
376 2586 481 2650 dicis
516 2585 553 2649 in
585 2585 856 2668 cogitatione:
891 2579 1267 2665 accipientinuani·

151 2698 232 2755 tate
264 2691 459 2755 ciuitates
491 2709 593 2754 suas.
640 2690 735 2755 latina
758 2689 925 2768 translatio,
950 2689 1024 2754 dum
1048 2689 1188 2754 uirtutem
1209 2679 1265 2748 dieti

151 2796 280 2878 ignerat,
305 2815 452 2878 maguam
474 2793 575 2858 intulit
599 2794 816 2859 obscuritatem
846 2814 908 2858 non
940 2793 1121 2858 discernens
1151 2783 1263 2870 ambigui

151 2898 303 2964 sermonis
325 2899 554 2979 proprietatem.
601 2898 681 2980 qued
705 2898 786 2962 enim
809 2897 972 2962 nobiscum
1006 2896 1164 2962 scribitur:
1195 2909 1263 2974 quo

151 3004 256 3066 niam
293 3003 398 3067 diois
433 3003 471 3065 in
506 3003 772 3086 cogitatione,
796 3021 866 3068 cum
890 3001 1008 3066 Graeeis
1032 3001 1091 3067 hec
1114 3000 1262 3065 modeest:

193 3160 285 3214 410h.
305 3160 427 3227 XVI,28.
466 3162 495 3213 ll
515 3161 528 3213 Ι
548 3159 608 3213 Cor.
631 3161 721 3224 15,31.
760 3159 989 3226 12Ga1.11‚1e.
1028 3161 1061 3213 15
1080 3159 1177 3213 Colore.
1193 3152 1229 3217 111,
1243 3147 1260 3198 5·

195 3301 289 3352 2esse
313 3298 446 3366 temperie
465 3298 491 3351 R
508 3297 642 3365 temporis
669 3313 727 3350 esse
747 3298 775 3349 E
824 3297 925 3351 ssdum
952 3313 983 3350 se
1009 3300 1110 3368 scripsi,
1135 3302 1189 3349 tum
1208 3282 1261 3342 ⁵0⁸

151 3402 214 3439 cum
241 3402 270 3438 se
301 3386 326 3436 E
376 3384 540 3453 profiteatur
567 3385 623 3437 RE
639 3384 808 3438 *assarentur
832 3382 867 3450 (?)
895 3385 919 3436 G
981 3387 1047 3438 4et
1073 3384 1160 3438 adhuc
1177 3370 1261 3445 ergofl

150 3475 247 3526 bate
274 3472 384 3526 ueniam
411 3477 440 3525 et
466 3472 575 3525 ueniam
602 3473 782 3525 cenationem
809 3475 873 3524 ante
892 3471 1002 3524 ueniam
1021 3477 1050 3524 et
1068 3471 1174 3525 ueniam
1189 3485 1200 3520 e
1213 3464 1260 3516 2¹1te

151 3559 259 3613 ueniam
289 3558 377 3621 R(de
397 3562 421 3611 G
441 3561 463 3611 1.
483 3560 499 3611 l.
527 3577 577 3611 aon
605 3569 709 3620 constat,
736 3561 782 3612 sed
808 3576 838 3611 ea
863 3560 948 3628 apetie
975 3561 1143 3611 euenidomm
1168 3557 1192 3608 id
1212 3555 1260 3603 ceri(

150 3649 262 3699 conicere
289 3648 353 3710 licet,
384 3664 440 3698 eura
470 3663 543 3698 uocas
570 3651 598 3698 et
625 3646 735 3699 ueniam
762 3663 814 3698 non
840 3644 966 3710 omisisse)
1020 3647 1038 3697 9
1065 3648 1204 3714 praecatur
1225 3630 1262 3686 GR

151 3736 183 3787 13
202 3732 275 3801 quod
295 3733 320 3784 R
339 3732 448 3800 quando
467 3733 495 3785 Ε
548 3735 580 3786 14
598 3739 626 3786 et
652 3733 795 3786 audiamus
824 3732 875 3784 GR
902 3732 1046 3786 audiamus
1067 3733 1095 3785 Ε
1144 3731 1176 3785 ds
1191 3736 1263 3798 poem·

149 3824 224 3872 teres
245 3820 300 3871 GE
324 3824 483 3887 peccatores
511 3819 578 3872 deus
597 3819 623 3871 R
677 3821 709 3872 15
727 3819 831 3872 dicitur
855 3819 910 3870 RE
931 3819 1058 3886 sequitur
1079 3819 1105 3872 G
1158 3820 1189 3872 16
1203 3805 1266 3868 iorni·

151 3905 272 3959 cationes
299 3907 324 3957 G
351 3905 560 3960 fornicationem
581 3906 635 3958 RE
688 3906 719 3958 17
737 3907 839 3958 malam
866 3909 896 3958 et
913 3923 925 3958 e
943 3906 977 3970 cs.
1007 3907 1129 3959 Sutorier
1157 3904 1208 3970 111,
1229 3892 1269 3952 838

150 3991 285 4044 malumst
307 3993 332 4044 G
350 3997 378 4044 et
396 3995 410 4044 b
429 4012 475 4044 eru.
496 3994 520 4045 R
575 3995 608 4045 19
625 3997 858 4061 peccatorumque
878 3994 971 4062 scripsi
988 3999 1202 4060 pcccatorum*
1221 3987 1275 4042 Get

151 4084 328 4146 peccaterum
348 4080 402 4131 RE
452 4082 483 4133 21
505 4079 574 4132 dicis
595 4079 619 4131 G
638 4079 699 4142 infr.
718 4080 761 4131 lie.
782 4077 820 4132 25
839 4078 914 4131 dices
934 4079 961 4130 Ε
976 4077 1073 4133 dicitis
1092 4081 1117 4133 R
1170 4081 1200 4134 in
1216 4073 1279 4132 uani·

151 4171 207 4219 tate
235 4167 260 4218 R
287 4166 316 4218 in
343 4167 496 4219 uanitatem
525 4167 552 4217 E
576 4167 610 4232 cf.
636 4168 667 4218 de
690 4167 712 4218 1.
733 4167 750 4218 i.
769 4167 889 4218 Sebatier
907 4165 945 4229 II,
965 4166 1021 4218 :171
1075 4161 1283 4222 assentiare*

151 4255 185 4307 st
203 4252 272 4305 dicis
294 4253 319 4304 G
337 4252 411 4305 dices
430 4253 490 4305 RE.
