2790 4844
155 2441 179 2477 20

208 219 270 281 5111
546 217 661 271 sancti
687 216 822 270 Hilarii
848 216 1010 284 episcopi

208 409 430 484 antaradum
456 406 493 472 de
518 427 644 487 corpore
676 414 821 473 exeuntes
852 406 961 471 secreti
992 406 1030 471 ab
1062 407 1165 487 impiis
1190 407 1347 475 interiectu

208 513 285 576 chao
308 513 479 594 quiescunt.
526 511 678 576 custodiet
702 517 732 576 et
754 511 920 587 introitum,
952 511 1026 575 dum
1057 530 1112 575 nos
1143 512 1175 576 in
1199 519 1345 583 ammom

208 615 282 680 illud
306 623 337 679 et
360 616 485 681 beatum
520 634 650 698 regnum
686 614 858 680 introducit.
905 617 971 695 ipse
1001 621 1054 679 >est
1087 616 1184 693 enim,
1221 617 1275 700 qui
1296 617 1345 680 ait:

208 740 281 804 ego
305 739 388 784 sum
412 721 545 793 ianua;
570 725 614 788 st:
639 737 752 784 nemo
775 719 888 783 uadit
911 719 957 783 ad
981 725 1138 798 patrem
1168 721 1253 785 nisi
1284 741 1345 801 per

208 844 275 902 me,
298 824 328 888 id
353 829 400 888 est
423 823 566 889 domiuus
590 830 694 888 noster
717 822 805 888 lesus
822 821 979 897 :Christus
1010 824 1064 904 qui
1097 830 1145 888 est
1167 824 1345 893 benedictis

208 929 240 991 in
264 926 375 992 saeeula
398 925 587 991 saeculorum.
633 947 733 992 amen.

620 1046 804 1130 esurus
833 1046 936 1128 cxxi.
970 982 972 986 ¹

560 1168 771 1235 Canticum
794 1170 998 1254 graduum.

253 1273 429 1339 Lmtatus
463 1295 545 1339 sum
582 1276 622 1339 in
660 1273 732 1347 his,
771 1293 855 1356 quae
890 1275 1000 1338 dicta
1033 1283 1127 1339 sunt
1160 1275 1279 1340 mihi:
1312 1277 1344 1339 in

208 1379 361 1442 domum
386 1379 538 1443 domini
562 1379 717 1443 ibimus.

254 1484 279 1545 1.
304 1481 360 1562 Qui
385 1503 439 1565 spe
462 1482 595 1548 caelestis
619 1482 764 1547 desiderii
795 1483 957 1559 detinetur,
988 1479 1066 1546 nihil
1096 1482 1297 1548 obscuritatis
1318 1484 1344 1547 in

209 1587 326 1665 psalmo
350 1585 492 1665 habebit;
524 1608 561 1652 es
584 1606 638 1651 suo
662 1586 743 1650 enim
769 1599 861 1652 sensu
884 1585 1129 1669 intellegentiam
1160 1586 1345 1668 prophetica

209 1690 480 1774 magniloquentiae
495 1697 707 1774 consequetur,
731 1710 865 1773 namque
877 1710 948 1754 cum
961 1711 994 1755 se
1007 1691 1186 1755 meminerit
1200 1693 1345 1772 scriptum

208 1795 257 1858 dei
281 1793 467 1860 coheredem
491 1802 521 1883 et
544 1803 718 1860 consortem
749 1801 932 1859 aeternosunr
963 1795 1121 1863 bonorum.
1153 1801 1186 1859 et
1217 1795 1345 1860 similem

208 1898 327 1982 angelis
351 1918 388 1963 es
411 1900 635 1964 resurreetione
655 1900 863 1963 renouandum
889 1904 920 1964 et
935 1899 1128 1979 corruptione
1155 1899 1298 1980 deposita
1319 1900 1346 1963 in

207 2001 335 2086 gloriam
360 2003 408 2067 dei
431 2023 466 2068 ac
489 2003 606 2066 domini
629 2004 724 2067 nostri
748 2002 817 2067 lesu
842 2001 957 2067 Christi
987 2003 1123 2082 eorporis
1153 2003 1347 2068 conforman-

208 2106 281 2171 dum
328 2106 524 2189 futurumque
570 2106 702 2171 incolam
740 2107 872 2171 ciuitatis
910 2105 1040 2171 caelestis
1077 2106 1156 2170 uiuis
1196 2105 1348 2188 lapidibus

208 2217 362 2286 extructae,
388 2212 426 2275 de
443 2230 503 2294 qua
518 2212 667 2291 scriptum
692 2216 740 2275 est
763 2212 793 2274 in
818 2209 987 2293 euangelio,
1002 2230 1081 2274 ‘eum
1098 2209 1244 2275 dominus
1260 2213 1348 2276 iurari

208 2334 262 2394 per
285 2313 393 2378 caelum
416 2314 601 2379 inhibuisset
616 2315 738 2379 dicens:
762 2333 893 2396 neque
917 2334 986 2394 per
1010 2312 1349 2399 Hierosolymam,

208 2420 300 2502 quia
324 2418 473 2483 ciuitas
498 2425 560 2482 est
582 2419 695 2502 regis
718 2419 854 2501 magni
879 2455 920 2463 —-
943 2436 1003 2480 non
1027 2418 1133 2500 ntique
1157 2436 1231 2482 eam
1255 2421 1350 2503 signi·

207 2522 312 2596 licens,
336 2541 404 2604 qua
428 2520 594 2603 prophetas
618 2522 728 2587 occidit
752 2528 782 2586 et
804 2521 927 2601 lapidat.
951 2521 1005 2585 sed
1029 2539 1107 2598 eam,
1131 2521 1221 2588 cuius
1240 2523 1351 2589 <omns

204 2625 361 2706 apostolus
387 2625 497 2690 Paulus
518 2626 561 2690 ita
577 2626 734 2690 meminit:
758 2644 826 2690 uos
850 2625 954 2690 estis
978 2626 1090 2690 ciues
1106 2631 1351 2693 'sanctorum

249 2754 340 2808 sloh.
360 2755 393 2821 X,
416 2757 441 2807 7.
479 2755 533 2808 leh.
553 2754 625 2823 XIV,
649 2758 673 2810 6.
713 2758 743 2808 19
764 2754 860 2808 hlatth.
879 2752 915 2819 V‚‘
940 2756 983 2808 35.
1019 2755 1054 2807 22
1072 2753 1174 2823 Ephes'.
1193 2754 1232 2824 11,
1261 2760 1297 2813 19
1315 2778 1352 2826 sq.

252 2859 350 2912 ldum
363 2859 416 2910 Rl’
424 2877 495 2929 supr.
507 2860 605 2911 ΜΤ
658 2865 790 2912 exeuntes
803 2859 855 2911 Rl’
864 2867 896 2912 ut
908 2859 1075 2912 exeuntesT
1125 2860 1355 2928 dquiesountlie

206 2963 350 3030 quiescant
360 2962 409 3014 PT
461 2963 599 3016 custodiet
618 2967 646 3016 el
672 2964 695 3014 V
710 2929 910 3016 custoditds'li
928 2963 1067 3016 custodiet
1076 2963 1155 3015 PTE
1210 2965 1249 3018 dn
1268 2967 1355 3019 nosll

635 3059 685 3088 curn
698 3049 722 3088 ln
737 3047 800 3087 illum

206 3101 333 3155 dominus
346 3102 408 3166 (dds
422 3101 455 3167 P)
468 3102 546 3154 ΡΊἘ
596 3105 613 3156 3
637 3103 763 3155 illum}
781 3102 938 3155 -beatum
952 3102 979 3153 Ρ
1028 3101 1255 3157 introducitRP
1269 3106 1355 3159 intro·

206 3188 308 3242 ducens
321 3190 372 3240 TE
423 3191 439 3240 5
458 3189 486 3242 id
505 3189 662 3242 estltPTE
677 3188 736 3256 ipse
755 3194 796 3242 est
816 3188 839 3242 V
889 3188 1014 3256 Explicit
1031 3188 1153 3257 psalmus
1175 3189 1253 3245 CXX
1272 3193 1355 3261 incip.

205 3329 328 3395 ptumus
348 3327 432 3382 cxxi
452 3327 572 3380 feliciter
598 3327 621 3380 V
637 3327 712 3381 sina
730 3327 816 3395 parsi
836 3327 908 3381 cxx
931 3328 1031 3395 snupu
1050 3326 1136 3380 cxxi
1152 3328 1181 3381 n
1200 3329 1277 3397 mxci
1298 3300 1355 3401 pt

206 3413 278 3468 CXX
296 3415 361 3482 inop
380 3414 440 3482 pasl
460 3414 544 3468 CXXI
564 3414 590 3466 P
605 3414 685 3482 Expl.
705 3415 738 3467 de
758 3414 829 3468 CXX
848 3414 931 3482 incip.
950 3413 985 3467 de
1004 3412 1088 3466 CXXI
1106 3414 1131 3465 Τ
1185 3418 1205 3471 8
1223 3418 1318 3487 gradd
1336 3417 1358 3469 V

205 3500 321 3568 gradum
335 3501 454 3554 dauidli
510 3499 922 3555 lldesideriieadesiderim.2
938 3500 962 3552 V
1010 3504 1123 3553 tenetur
1138 3499 1164 3552 V
1220 3496 1300 3559 ihoc
1311 3513 1356 3574 sps

205 3588 311 3654 psalmo
338 3588 360 3641 V
414 3589 445 3640 13
463 3592 648 3654 consequetur
665 3585 792 3655 (eqnetur
811 3589 838 3639 in
857 3585 919 3653 ros.)
940 3587 965 3639 Τ
981 3591 1188 3653 consequeretur
1208 3590 1236 3644 R
1260 3607 1356 3646 conse·

205 3674 300 3740 quitur
320 3675 345 3725 P
397 3677 430 3726 14
448 3674 493 3726 dei
511 3693 559 3727 oiri.
585 3674 608 3725 V
661 3676 692 3727 15
710 3673 740 3726 iu
763 3672 880 3744 gloriam
899 3675 924 3726 R
942 3673 971 3726 in
989 3673 1113 3743 linguam
1138 3673 1267 3742 glorium
1287 3679 1355 3732 Pin

205 3758 282 3812 illem
301 3760 455 3828 glorismT
508 3763 539 3814 16
549 3761 659 3828 corpori
678 3778 707 3813 ea
725 3760 884 3828 corporisli
940 3763 970 3812 17
989 3758 1112 3813 ciuitatis
1131 3762 1271 3818 caelestis
1288 3766 1358 3819 Wr

205 3846 328 3900 ciuitatis
349 3849 374 3900 R
428 3851 460 3902 18
478 3848 564 3902 iurari
578 3849 603 3901 R
621 3849 712 3901 iurare
726 3848 803 3900 PTE
856 3850 887 3902 19
906 3846 1150 3919 dicensllcdiecit
1169 3849 1272 3906 dicens
1283 3853 1359 3907 m

206 3930 409 3987 hierosolimam
430 3935 481 3987 ΒΡ
531 3936 565 3989 20
583 3935 648 4003 quia
666 3935 717 3987 ΒΤ
736 3945 753 4003 (1
773 3934 857 4005 (supr.
876 3933 951 3999 odd.)
971 3936 997 3987 P
1046 3935 1081 3987 ‘m
1098 3936 1166 4003 apis
1193 3941 1299 4007 paulus
1321 3941 1358 3995 Re

205 4017 300 4158 sigllhls
320 4073 345 4124 Ρ
361 4073 460 4140 paulus
480 4075 504 4125 Τ
556 4076 610 4127 ism
629 4092 684 4127 non
703 4075 770 4128 estis
789 4076 910 4128 eduense
928 4091 1018 4142 neque
1036 4076 1182 4144 peregrini
1210 4081 1262 4134 sed
1293 4084 1358 4136 estis

206 4190 279 4242 ciues
299 4193 339 4253 les
357 4193 438 4253 ciuis)
457 4205 500 4246 cer.
528 4195 554 4247 V.
