2790 4844
153 229 217 294 462
314 284 316 289 ,
490 229 607 282 sanent
634 228 768 281 nutarit
793 228 955 296 episcopi

197 421 226 484 9.
252 420 291 485 Et
325 420 392 485 haec
426 420 552 503 quidem
585 440 603 482 a
633 418 721 482 nobis
757 419 926 483 secundum
962 417 1174 499 propheticam
1209 428 1289 503 atque

153 526 352 606 apostolicam
388 524 557 589 doctrinam
594 535 825 588 conmemorare
858 529 937 590 sunt.
972 530 1012 596 ut
1047 543 1236 608 quamquam
1262 524 1285 587 in

152 629 358 710 praesantibus
392 629 483 693 dictis
518 631 688 692 futurorum
725 627 874 691 bonorum
909 626 1077 711 significari
1101 636 1222 709 tempus
1248 628 1284 691 in·

153 733 323 818 tellegatur‚
359 734 389 797 in
424 754 484 818 quo
518 741 549 797 et
581 730 690 796 caelum
725 751 835 795 nouum
870 740 899 797 et
934 745 1016 796 terra
1050 750 1130 796 nous
1164 742 1194 798 et
1223 731 1281 796 felix

115 861 128 900 s
153 841 407 904 demutandorum
431 857 593 917 corporum
617 835 715 919 glotis
749 843 780 900 et·
809 842 924 901 esterna
953 834 1074 901 abolitis
1107 842 1277 902 terrenorum

152 943 295 1007 uitiorum
319 942 460 1006 noctibus
484 941 578 1005 nostri
602 939 725 1005 luminis
750 940 816 1005 dies
836 941 900 1021 spei
918 946 948 1004 et
964 941 1167 1020 expectationi
1184 946 1276 1032 nosne

151 1059 372 1127 praeparantur,
396 1056 498 1110 tamen
522 1056 553 1109 et
575 1043 839 1127 magnificentiam
864 1044 914 1109 dei
937 1064 1045 1110 omnes
1068 1043 1160 1110 huius
1175 1060 1274 1128 quoqne

152 1151 258 1216 mundi
283 1151 455 1215 creationes
478 1147 690 1213 indemutabili
723 1147 892 1213 officiorum
923 1168 1044 1212 suorum
1082 1148 1274 1215 constitutione

152 1259 311 1331 testentur,
343 1274 413 1318 cum
443 1254 484 1319 ita
514 1254 644 1329 firmata,
676 1253 802 1316 lundata
833 1259 1007 1336 statutaque
1042 1252 1147 1318 omnia
1170 1253 1232 1316 sint.
1249 1258 1273 1311 ut
1324 1272 1326 1283 ·

100 1380 125 1418 ιο
151 1358 316 1439 perpetuis,
340 1357 451 1441 quibas
475 1358 651 1422 manebunt.
675 1357 908 1422 constitutorum
925 1357 963 1420 ab
980 1356 1104 1422 exordio
1121 1365 1270 1437 tempomn

151 1462 292 1528 cursibus
315 1475 524 1543 perseuerent.

197 1567 246 1631 10.
271 1566 332 1632 Sed
357 1566 506 1649 propheta
528 1585 729 1646 perseuerare
750 1585 783 1628 se
804 1573 836 1629 ut
852 1565 932 1630 diem
956 1564 1091 1646 postulat
1114 1584 1206 1648 seque
1224 1562 1269 1625 iarn

151 1689 274 1734 seruum
298 1689 367 1735 esse
390 1670 506 1735 domini
527 1670 574 1734 sui
590 1669 731 1734 meminit
754 1669 876 1734 dicens:
914 1670 992 1733 nisi
1018 1671 1120 1753 quod
1144 1668 1204 1733 lex
1222 1677 1269 1729 tua

151 1774 473 1838 meditatiomea
497 1783 566 1846 est,
602 1787 694 1837 tunc
728 1772 835 1838 sorte
869 1773 1069 1856 perissem
1105 1774 1142 1838 in
1173 1766 1269 1836 huni·

99 1875 324 1943 relictione
357 1898 453 1943 men.
511 1878 691 1961 frequenter
728 1877 944 1942 admonuimus
982 1877 1219 1942 humiliationem
1247 1866 1269 1932 il

150 1981 330 2066 significari.
355 2002 425 2047 cum
449 1982 701 2064 temptationibus
718 1980 819 2046 anima
842 1981 979 2047 subiecta
1001 1992 1049 2046 ast
1072 1990 1103 2047 et
1126 1970 1270 2047 infirmitati

150 2105 213 2151 suen
238 2085 385 2152 derelicta
408 2084 534 2151 humilis
557 2085 698 2151 efficitur.
744 2084 793 2150 lex
817 2105 892 2170 ergo
915 2086 942 2150 ei
974 2086 1132 2151 meditatio
1166 2092 1222 2151 est:
1249 2086 1278 2143 et

149 2190 208 2255 nisi
234 2191 261 2256 ei
286 2191 445 2255 meditatio
468 2191 585 2263 fuisset.
610 2190 737 2254 torsitan
761 2190 792 2253 in
816 2188 1030 2256 humiliatione
1049 2190 1188 2272 perisset.
1225 2193 1287 2250 non

150 2303 199 2359 est
220 2314 296 2378 ergo
326 2295 485 2359 meditatio
519 2292 598 2378 legis
633 2294 691 2370 dei,
723 2313 792 2358 curn
816 2293 996 2358 tribulamur
1019 2307 1050 2360 et
1072 2294 1274 2380 angustiamur
1288 2309 1325 2334 κ

98 2416 123 2454 co
149 2397 360 2482 relinquenda,
385 2400 441 2463 sed
464 2418 534 2463 curn
556 2398 650 2463 uariis
674 2417 837 2479 corporum
860 2398 1091 2465 infirmitatibus
1105 2397 1322 2484 ostiginem

150 2522 217 2567 cunr
242 2504 321 2568 inter
344 2502 589 2582 persecutionum
615 2502 694 2566 bella
709 2522 865 2579 ueremur,
889 2508 1034 2569 constans
1049 2503 1081 2567 in
1097 2504 1186 2569 nobis
1201 2482 1325 2568 debe!

149 2605 229 2690 legis
253 2626 322 2672 esse
346 2607 514 2671 meditatio.
559 2612 649 2671 urant
665 2607 747 2672 enirn
772 2607 844 2672 licet
867 2607 897 2671 in
922 2608 1074 2673 excidium
1097 2607 1171 2674 fidei
1194 2608 1317 2692 ignes«

149 2709 286 2776 lacerent
310 2730 431 2794 quoque
454 2711 493 2775 ad
516 2710 683 2792 periculum
708 2712 814 2776 salutis
839 2719 950 2777 nostrae
981 2711 1115 2797 flagella,
1147 2694 1325 2777 effodiand

149 2815 243 2879 etiam
274 2815 313 2878 ad
344 2815 528 2881 eliciendam
558 2816 723 2897 impietatis
755 2817 980 2881 consessionem
1010 2817 1172 2898 redempta
1194 2836 1212 2881 a
1233 2814 1283 2879 deo
1307 2814 1325 2849 ⁴

97 2936 123 2974 π
149 2938 280 3002 corpora
303 2918 436 3004 ungules,
460 2920 533 2985 dicti
557 2926 659 2985 tamen
683 2919 854 3000 prophetici
879 2921 1058 2985 meminisse
1078 2919 1237 2991 debemus,
1257 2928 1286 2983 ut

148 3030 306 3087 consortes
329 3023 426 3104 ipsius
449 3025 555 3088 simus.
602 3023 743 3088 dicamus
778 3033 808 3088 et
841 3044 897 3089 nos
931 3024 1081 3107 patientes
1110 3031 1204 3108 atque
1224 3023 1286 3088 uin·

148 3133 269 3191 centes:
305 3127 383 3190 nisi
419 3127 521 3209 qnod
555 3126 619 3192 len
653 3133 718 3191 tua
752 3128 965 3193 meditatio
1000 3147 1081 3192 mea
1104 3136 1175 3203 est,
1199 3138 1287 3193 tunc

192 3269 258 3320 hut
285 3284 333 3318 om.
360 3266 384 3317 ll
436 3266 565 3321 deblitis
595 3268 632 3319 Re
686 3271 900 3336 7preepsrntnr
927 3269 1001 3339 l'l'pb
1054 3274 1149 3323 tamen
1168 3275 1199 3324 ut
1223 3268 1290 3322 l'Rt'

148 3391 166 3442 8
189 3389 285 3442 mundi
311 3351 359 3441 sub
379 3388 474 3456 pedib:
506 3389 659 3441 creationes
679 3392 702 3441 (¹
753 3390 964 3444 constitutiones
998 3389 1022 3442 l'
1071 3391 1144 3444 acu
1174 3408 1240 3445 eres
1267 3391 1289 3443 n

147 3474 257 3529 firmata
283 3474 451 3528 funda-zea
475 3494 495 3544 p
522 3474 843 3529 fundatazzfirmatc
869 3476 891 3526 l'
941 3481 1081 3530 statntnns
1106 3476 1130 3528 V
1181 3485 1245 3532 suut
1268 3478 1292 3532 R

314 3566 336 3600 to
482 3572 495 3599 ι

149 3617 182 3667 10
202 3614 387 3668 constiturum
416 3616 440 3666 rt
492 3613 530 3668 db
548 3615 574 3668 R
627 3615 803 3668 exordiorum
838 3612 870 3667 l'¹
930 3616 963 3668 ta
988 3613 1038 3668 ssd
1066 3615 1177 3684 profeta
1203 3633 1294 3686 perse-

147 3716 244 3752 uerare
263 3703 289 3752 in
309 3719 391 3769 necrp.
410 3701 487 3769 inser.
507 3703 567 3753 cdd.
585 3720 617 3754 m.
638 3699 658 3753 2
683 3702 706 3754 l'
757 3706 788 3754 ut
805 3719 854 3754 om.
870 3721 890 3772 p
945 3687 1037 3756 ll‘cst
1064 3719 1113 3755 om.
1135 3704 1176 3774 Cp
1229 3712 1295 3758 tunc

146 3785 285 3840 forsitans
338 3787 367 3840 in
376 3787 597 3841 humiliationem
607 3804 697 3841 meam
714 3787 790 3841 Vsed
797 3789 832 3857 cs.
838 3807 867 3858 p.
877 3786 971 3847 eost
1026 3791 1060 3843 16
1068 3788 1232 3857 significare
1244 3792 1296 3863 Cpb

146 3873 181 3941 cf.
201 3875 282 3926 ,lead
302 3892 329 3944 p.
350 3874 382 3925 17
437 3876 469 3927 17
493 3890 560 3943 ergo
585 3868 680 3928 eniC
733 3874 982 3929 lamentandosi
1011 3874 1063 3928 ΥΕ
1113 3875 1246 3934 forsitm
1269 3878 1298 3933 in

145 3958 368 4013 humiliationem
393 3962 416 4013 t'
468 3964 500 4015 19
518 3978 570 4015 con
588 3961 800 4016 tribulsman
849 3965 885 4018 20
901 3962 949 4016 sed
976 3961 1062 4017 nsciis
1080 3963 1105 4014 V
1159 3967 1194 4021 21
1214 3983 1298 4021 nexe-

146 4063 209 4099 mur
233 4046 267 4099 1Ἶ
320 4049 355 4101 22
373 4048 442 4117 legis
468 4048 552 4102 debet
579 4049 686 4103 ssseV
737 4050 868 4104 mediatio
892 4049 917 4102 V
965 4055 1047 4104 urant
1075 4048 1101 4115 (s
1121 4070 1156 4106 cx
1173 4054 1299 4120 eomlli

146 4132 218 4201 ignis
243 4130 308 4202 V¹p¹
360 4136 395 4188 23
414 4135 537 4188 lacerant
552 4135 585 4206 p¹
638 4134 771 4190 effodiant
790 4138 814 4190 0
834 4136 940 4191 fodiant
960 4138 996 4207 pb
1049 4139 1084 4191 24
1102 4141 1144 4192 do
1163 4157 1180 4194 s
1199 4141 1254 4196 dcc
1278 4142 1301 4195 l'

145 4218 315 4274 addicimus
336 4222 358 4272 ζ’
408 4236 458 4273 nos
476 4240 525 4274 onn
551 4223 574 4275 Γ
624 4224 658 4276 27
677 4229 718 4276 est
736 4240 785 4276 orn.
806 4223 850 4294 Cp.
