2790 4844
437 281 616 330 tractatus
640 278 670 331 in
688 279 859 345 psalmum
884 277 940 332 LV.
1199 276 1259 342 163

118 466 196 545 quod
220 464 355 545 idipsum
378 466 489 546 psalmi
512 466 574 532 line
597 473 750 544 noscetur,
784 487 853 531 cum
889 465 980 533 huius
1015 467 1110 550 ipsius
1142 467 1259 532 intelle·

124 569 228 649 gantiae
252 575 366 634 nostrae
389 570 613 636 absolutionem
636 571 662 636 is
687 572 825 649 manime,
860 592 921 655 quo
951 572 1063 652 psalmi
1093 572 1164 637 finis
1187 593 1260 637 con-

128 670 257 749 cluditur,
282 693 386 738 sermo
409 674 552 739 declaret.
831 683 833 687 ’

167 848 191 909 t.
215 847 274 911 Per
298 847 364 911 hac
389 868 472 932 ergo,
509 868 576 931 quac
611 849 862 930 superscriptioni
895 854 1009 929 praeter
1042 868 1148 913 rerum
1171 856 1260 933 gesta

138 967 232 1014 conexa
267 959 345 1028 sunt,
380 951 532 1034 psalmum
567 954 658 1018 etiam
684 973 721 1017 ex
743 973 874 1034 persona
904 953 1020 1018 domiui
1051 954 1258 1030 tractabimus,
1300 980 1312 1015 a

141 1062 304 1120 nontamen
329 1076 347 1118 a
369 1055 526 1137 prophetea
551 1056 646 1136 ipsius
663 1057 849 1121 dissidentes
866 1055 1020 1141 querellis.
1066 1077 1167 1141 neque
1190 1077 1258 1121 euru

144 1157 165 1220 in
181 1157 230 1235 his,
254 1182 322 1245 quac
345 1160 479 1242 pertulit,
513 1180 573 1224 non
598 1161 689 1225 etiarn
721 1162 912 1246 ingemuisse
936 1161 1172 1225 existimandum
1197 1169 1259 1237 est;

146 1263 196 1342 quia
215 1265 326 1329 idcirco
352 1264 399 1329 his
422 1265 506 1346 ipsis,
530 1285 597 1350 quae
622 1265 791 1345 spiritalem
816 1285 940 1330 sensum
974 1264 1126 1343 intimant,
1157 1285 1259 1330 rerum

148 1373 211 1444 gesta
230 1390 344 1435 eonem
368 1375 447 1448 suot,
471 1377 503 1434 ut
526 1370 753 1450 peractionem
784 1368 941 1451 prophetae
965 1388 1075 1434 sensus
1098 1389 1133 1433 ac
1157 1390 1259 1434 sermo

149 1474 288 1538 notesceret
325 1473 500 1554 prophetiae,
536 1493 606 1537 curn
642 1473 792 1554 propheta
831 1495 890 1537 non
925 1480 987 1537 tam
1021 1474 1129 1555 spiritu
1164 1493 1257 1556 quarn
1286 1496 1309 1533 ιο

150 1575 309 1646 passionibus
333 1577 539 1659 prophetaret.
585 1579 643 1643 erit
666 1598 740 1661 ergo
764 1598 866 1643 sermo
890 1579 970 1642 inter
988 1577 1086 1642 Dauid
1110 1578 1211 1659 ipsum
1228 1585 1259 1643 et

151 1669 273 1745 honinem
297 1680 402 1746 lesum
439 1680 594 1747 Christum
633 1687 837 1764 temperatus:
875 1689 916 1757 ut,
955 1682 1026 1766 quia
1064 1681 1258 1746 infirmitates

151 1783 254 1848 curium
276 1785 444 1867 portauerit
467 1793 498 1851 et
519 1793 712 1867 peccatorum
738 1793 911 1851 nostrorum
929 1787 1106 1870 frequenter
1130 1792 1160 1850 et
1182 1805 1257 1851 uoce

151 1878 176 1943 sit
192 1906 251 1953 usos
274 1897 304 1955 et
326 1889 472 1969 lacrimis,
507 1897 591 1956 extra
624 1890 839 1955 contumeliam
875 1890 925 1965 dei
959 1890 1000 1954 sit
1023 1896 1053 1954 et
1076 1888 1203 1954 affectus
1227 1895 1258 1954 et

152 1999 222 2053 suno
243 1994 292 2077 qui
316 1993 452 2059 hominis
476 2002 531 2058 est.
1287 2014 1310 2051 n

180 2158 1257 2251 3.Misereremeidomine,quoniamconculcauitme

153 2256 246 2334 huno:
280 2278 365 2335 tota
400 2271 462 2335 die
496 2291 682 2355 pugnans
706 2270 927 2335 tritulauit
951 2291 1016 2346 me,
1048 2270 1258 2336 conculca·

152 2381 262 2438 rerunt
283 2395 342 2439 me
365 2375 525 2439 inimici
550 2376 624 2439 mei
649 2377 821 2440 totadie.
867 2376 950 2439 diem
967 2375 1257 2458 frequentersigni-

60 2466 62 2473 ’
152 2464 279 2558 firsripro
302 2486 393 2544 atate
417 2480 626 2562 cognouimus
660 2485 693 2543 ut
722 2479 773 2543 ubi
799 2480 865 2543 dies
889 2485 951 2543 tota
982 2485 1038 2555 est,
1071 2477 1133 2543 illio
1167 2498 1258 2544 omne

151 2571 198 2638 llll-²
215 2588 330 2665 tempus
353 2595 511 2648 ostensum
536 2584 583 2648 sit.
629 2585 831 2668 nequeenim
856 2584 905 2648 uel
922 2584 1022 2648 Dauid
1044 2582 1093 2648 uel
1117 2583 1258 2648 dominus
1286 2602 1310 2639 20

149 2677 212 2747 unius
231 2695 346 2753 tantum
371 2689 431 2752 diei
454 2688 654 2754 insectatione
677 2695 804 2753 uexatus
827 2694 883 2752 est.
929 2688 985 2752 sed
1008 2688 1059 2770 qui
1084 2688 1257 2752 misericor-

147 2779 206 2850 diam
226 2791 270 2857 dei
294 2792 429 2873 postulat
451 2812 583 2876 seseque
606 2792 816 2858 conculcatum
841 2812 908 2857 esse
932 2793 1138 2875 conqueritur,
1166 2791 1259 2856 habet

143 2895 288 2961 securitatis
312 2905 343 2961 et
364 2897 485 2961 uirtutis
508 2916 571 2961 suae
595 2917 689 2974 arma,
713 2898 823 2980 quibus
847 2916 906 2960 non
931 2895 1029 2962 solum
1046 2895 1258 2970 terrenaodia,

139 2994 183 3057 ted
201 3007 230 3063 et
249 3000 431 3082 spiritalium
454 3001 658 3085 nequitiarum
683 3001 762 3066 bella
793 3006 952 3077 sustentat,
986 3003 1151 3065 aduersum
1183 3020 1257 3082 quas

134 3101 219 3179 potius
247 3125 337 3188 quam
374 3106 538 3169 aduersum
572 3125 695 3170 carnem
727 3113 757 3170 et
787 3105 971 3189 sanguinem
1001 3124 1137 3188 pugnarn
1168 3103 1257 3167 nobis
1285 3118 1310 3156 π

127 3206 270 3286 spostolus
303 3210 395 3273 docet
429 3229 506 3274 esse.
554 3209 731 3275 ministeriis
765 3211 848 3273 enim
883 3210 1046 3291 impiorum
1070 3214 1196 3274 utuntur
1218 3210 1257 3273 ad

122 3312 291 3377 uexationes
314 3312 588 3398 tribulationesque
612 3321 794 3391 sauctorum,
818 3333 888 3378 cum
912 3333 1017 3379 eorum
1049 3313 1142 3378 corda
1163 3332 1257 3392 peno-

115 3427 235 3483 trantes
258 3418 287 3481 iu
310 3437 435 3482 omnem
459 3438 511 3483 eos
534 3419 681 3502 impetum
707 3417 889 3483 turbulenta
912 3418 1024 3483 mentis
1047 3418 1205 3502 instigant

153 3702 244 3764 aper
271 3696 337 3750 haec
365 3703 440 3750 certe
460 3697 521 3750 We
574 3712 667 3750 rerum
694 3713 797 3764 genera
818 3697 853 3748 Pe
906 3684 1046 3749 neonem
1066 3697 1090 3748 'l'
1142 3694 1257 3748 6ἀίιεί-

100 3785 206 3843 denti·
217 3783 241 3835 R
292 3786 308 3836 7
327 3799 382 3837 nou
394 3783 478 3837 etiam
491 3798 546 3836 non
559 3783 695 3851 gemuisse
708 3783 818 3835 RPnon
832 3783 914 3836 etiam
927 3781 1064 3850 gemuisse
1077 3781 1217 3850 (genuisse
1226 3782 1256 3847 α)

98 3927 136 3984 Ε
191 3869 264 3975 gai.
289 3941 356 3976 corr.
383 3940 415 3974 m.
444 3921 460 3975 1
487 3923 513 3975 R
578 3923 607 3974 ll
627 3920 801 3989 prophetarit
829 3922 907 3973 PTE
968 3923 1001 3974 13
1027 3920 1152 4018 portauit
1182 3921 1259 3974 RPE

1033 4034 1060 4062 00
1076 4034 1117 4062 eon

98 4085 139 4142 10
159 4078 358 4146 oognoscimus
368 4078 430 4132 Vre
483 4077 603 4132 stubiR
656 4080 690 4130 22
708 4077 1010 4146 esseconquaeriturR
1101 4094 1133 4144 q;
1152 4077 1260 4132 riturP

94 4173 139 4228 94
159 4164 216 4221 sed
242 4164 411 4234 spiritalium
437 4166 462 4218 R
531 4168 566 4219 26
583 4166 718 4219 aduersus
746 4164 907 4218 uexationes
935 4164 1030 4217 RPTa
1104 4165 1138 4217 27
1158 4179 1257 4234 paene-

96 4263 219 4313 tnntes
239 4252 265 4305 R
281 4252 454 4321 penitrantcs
472 4253 497 4304 Τ
548 4254 582 4308 28
600 4253 630 4306 in
649 4251 725 4305 omni
742 4268 789 4306 ecs
806 4252 913 4320 impetu
932 4251 957 4303 R
1009 4255 1117 4305 mentes
1136 4253 1168 4305 R.

1053 4353 1102 4408 11*
1161 4408 1166 4419 ,
