2790 4844
354 270 538 319 tractatus
558 265 592 318 in
611 265 783 333 psalmum
802 265 921 319 cxxxl.
1145 264 1208 330 675

107 458 156 523 17.
183 459 237 523 Ait
260 460 360 524 enirn:
385 456 629 522 sacerdotes
661 456 717 522 tui
748 456 969 521 induantur
991 456 1208 534 iustitiam,

59 570 100 627 et
133 563 267 628 saneti
303 562 360 628 tui
395 561 595 626 laetentur.
641 562 820 637 induuntur,
854 561 912 625 deo
944 568 974 626 et
1004 581 1074 626 arca
1097 560 1209 626 sancti-

59 665 211 732 ficationis
235 668 301 732 eins
324 667 356 730 in
379 667 519 750 requiem
552 671 745 748 resurgente,
779 664 896 729 iustitia
925 667 1110 740 sacerdotes,
1133 664 1208 729 uali-

59 771 201 850 dissimo,
224 777 257 836 ut
279 769 434 850 apostolus
457 769 508 847 ait,
540 768 674 846 thorace,
705 768 868 834 induentes
896 768 1054 834 thoracem
1077 769 1208 847 iustitia,

59 894 122 958 quo
145 875 262 940 inimici
284 874 385 940 iacula
408 874 571 954 excipiant,
602 893 661 956 quo
692 872 846 937 internum
879 871 1037 937 hominem
1068 893 1207 938 commu·
1248 895 1260 930 ⁶

59 982 163 1057 niant;
198 979 297 1044 sancti
330 985 433 1042 autem
468 977 617 1042 iaetentur.
663 984 694 1041 et
728 975 889 1041 uideamus
924 996 1056 1054 causam,
1091 997 1144 1041 cur
1178 985 1208 1042 et

59 1084 241 1148 sacerdotes
280 1082 427 1147 iustitiam
465 1081 595 1146 induant
632 1088 663 1146 et
697 1079 795 1145 sancti
835 1079 984 1146 laetentur.
1029 1081 1072 1145 ait
1109 1082 1208 1146 enim:

61 1193 232 1267 propter
265 1186 397 1252 Dauid
432 1205 596 1250 seruum
635 1190 741 1248 tuum
778 1204 824 1249 ne
858 1191 1021 1249 auertas
1059 1183 1209 1250 faeiem

59 1288 220 1355 christi
244 1291 311 1355 tui.
357 1288 517 1354 Obrimum
541 1291 580 1354 ad
598 1288 722 1353 deitatis
747 1288 888 1369 spiritum
903 1286 1029 1366 rettulit,
1046 1287 1153 1354 Dauid·
1170 1290 1209 1354 ad

58 1394 199 1474 corporis
222 1413 356 1460 carnem.
404 1393 539 1458 formam
563 1393 645 1458 eninr
669 1392 760 1467 serui,
784 1392 836 1475 qui
859 1392 890 1456 in
914 1392 1014 1457 forma
1037 1393 1087 1457 dai
1103 1412 1209 1458 mnne·
1237 1416 1260 1451 ro

61 1499 124 1577 bat,
155 1499 282 1580 accepit.
327 1518 366 1564 ne
397 1498 491 1582 igitur
524 1503 644 1562 auertat
673 1517 691 1560 a
722 1495 934 1561 sacerdotibus
967 1502 1059 1580 atqua
1093 1497 1209 1562 sanctis

60 1600 179 1667 Christi
202 1602 325 1679 faciem,
348 1611 451 1686 rogat:
475 1607 510 1666 ut
534 1621 586 1666 eos
609 1600 778 1666 diuinitatis
802 1619 866 1665 snae
884 1593 992 1685 gloria,
1016 1600 1066 1684 qui
1083 1613 1209 1682 propter

59 1704 174 1784 Dauid,
203 1707 234 1772 id
267 1715 314 1772 est
346 1713 470 1787 propter
503 1705 658 1785 adsumpti
689 1706 728 1770 ab
760 1725 795 1769 eo
818 1705 954 1789 corporis
977 1712 1207 1771 sacramentnm

57 1809 212 1886 laetantur,
236 1811 410 1877 inluminet.

104 1914 157 1983 18.
182 1914 221 1980 m
243 1935 298 1980 cur
327 1921 452 1996 propter
475 1914 576 1979 Dauid
607 1933 729 1979 seruum
762 1933 852 1978 suum
882 1933 923 1978 ne
952 1912 1065 1978 faciem
1089 1911 1205 1979 christi
1235 1933 1260 1973 1⁶
1363 1996 1364 2000 Ἰ

56 2021 105 2085 sui
119 2026 251 2098 auertat,
267 2020 404 2085 ostendit
419 2019 541 2085 dicens:
564 2017 718 2084 iurauit
741 2017 927 2082 dominus
952 2017 1081 2082 Dauid
1105 2019 1208 2083 ueri-

56 2132 190 2191 tatem
211 2131 248 2189 et
271 2144 347 2188 non
369 2123 644 2189 frustrabitur
666 2143 764 2188 cum.
810 2122 954 2186 dominus
976 2122 1057 2186 iurat
1076 2127 1106 2186 at
1129 2121 1209 2187 iurat

55 2229 243 2306 ueritatem
279 2227 353 2293 dicti
387 2228 434 2292 sui
464 2226 561 2292 fidem
592 2227 686 2291 etiam
710 2231 912 2304 sacramento,
941 2246 980 2290 ne
1004 2226 1208 2310 ambigamus,

53 2333 217 2399 adfirmat.
264 2352 324 2396 non
348 2331 505 2396 fraudabit
524 2331 618 2415 igitur
633 2330 737 2395 Dauid
759 2351 848 2395 suum
872 2331 1000 2395 ueritate
1024 2330 1131 2395 iurata.
1178 2339 1209 2396 et

52 2438 135 2522 quid
159 2437 187 2502 ei
211 2437 365 2515 iurauerit
389 2436 518 2520 dignum
542 2443 589 2500 est
611 2435 761 2500 contueri.
805 2435 852 2499 de
882 2434 1017 2499 fructu
1047 2435 1206 2498 uentris
1233 2452 1259 2490 20

52 2541 117 2607 tui
143 2560 283 2622 ponam
310 2561 431 2621 super
454 2541 591 2605 sedem
614 2559 747 2605 meam.
783 2539 816 2604 si
840 2538 1119 2603 custodierint
1141 2537 1207 2602 fili

53 2647 116 2713 tui
152 2650 445 2710 tastamentum
481 2664 609 2709 meum
642 2650 678 2709 et
718 2643 957 2708 testimonia
993 2662 1079 2707 mea
1116 2640 1207 2721 hoec,

53 2770 143 2834 quae
176 2748 327 2814 docebo
359 2768 434 2826 eos,
470 2757 508 2813 et
538 2746 623 2811 filii
648 2767 781 2812 eorum
806 2767 936 2831 usque
959 2747 996 2810 in
1019 2744 1206 2811 saeculum
1306 2786 1308 2790 ν

53 2853 262 2919 sedebunt
292 2872 413 2935 super
443 2852 581 2917 sedern
613 2857 727 2916 tuam.
772 2851 961 2935 quoniam
994 2849 1124 2933 elegit
1147 2850 1208 2914 do·

52 2956 320 3035 minusSiom
351 2956 674 3039 p1·aeelegiteam
710 2955 747 3019 in
782 2954 1082 3021 habitationem
1117 2954 1205 3018 sibi.
1231 2967 1257 3007 2⁵

53 3061 144 3127 haee
167 3061 333 3145 requies
365 3081 449 3126 mee
471 3061 510 3124 in
535 3059 685 3126 saecula
715 3059 972 3125 seculorum:
1004 3058 1068 3124 bic
1099 3057 1208 3124 babi-

55 3166 163 3243 tabo‚
188 3165 374 3249 quoniam
399 3164 595 3249 praelegi
619 3185 711 3229 eam.
757 3165 830 3249 qnid
854 3163 913 3241 bic,
936 3162 1019 3247 quod
1043 3162 1145 3228 Dauid
1169 3163 1209 3228 sit

51 3268 231 3351 proprium,
255 3269 452 3335 continetur?
494 3269 570 3334 urbs
600 3267 663 3346 illa,
695 3289 762 3352 quae
793 3269 900 3352 generi
932 3269 997 3333 eius
1027 3268 1084 3332 fuit
1112 3267 1208 3352 regia,

102 3459 280 3515 filactentur
302 3459 378 3512 VRT
394 3459 524 3513 exultent
543 3460 568 3512 P
619 3459 776 3514 binatitias
794 3460 953 3513 sacerdotes
970 3459 994 3512 V
1044 3462 1062 3512 4
1080 3459 1210 3513 toraeaT

52 3545 415 3600 thonoaeRthoraeemP
456 3546 708 3615 bquoRPTEqui
724 3546 748 3598 V
790 3547 931 3615 excipiant
940 3547 1019 3599 PTE
1026 3546 1148 3614 excipiat
1159 3546 1209 3599 VR

57 3649 114 3702 quo
122 3633 228 3686 RPTE
235 3633 284 3702 qui
294 3632 329 3699 (i)
343 3633 367 3685 V
408 3633 596 3687 inzternum
606 3633 684 3695 (croc,
695 3631 737 3698 ae)
749 3634 774 3686 R
784 3633 957 3687 interrenum
973 3633 1032 3687 Vin
1042 3637 1208 3686 aeternume

57 3725 203 3774 terrenum
230 3719 296 3773 Vra
322 3717 403 3790 (fort.
431 3718 604 3788 infirmum'f)
631 3721 822 3774 communiant
852 3721 930 3773 PTE
958 3720 1128 3774 communiat
1160 3719 1209 3773 VR

59 3806 186 3875 Μαι-Β
237 3805 429 3861 arceaturv
479 3808 755 3878 stuueapmern'
805 3805 1033 3860 bardesane?
1056 3807 1080 3859 V
1131 3807 1209 3862 loin

60 3892 149 3948 forma
166 3892 213 3947 dei
236 3893 314 3948 VRT
329 3892 359 3947 in
377 3893 423 3949 dei
442 3894 531 3948 forma
550 3894 602 3946 PE
671 3897 704 3948 17
724 3893 906 3948 frustrabitur
923 3895 978 3947 RE
994 3893 1140 3948 frustrabit
1159 3894 1210 3947 Pr

62 3979 183 4035 radiati
210 3980 255 4035 sui
288 3981 388 4035 Vm
413 3986 442 4035 et
469 3977 538 4035 dieti
565 3981 608 4035 aui
635 3981 664 4033 E
715 3981 799 4034 etiam
826 4000 874 4034 om.
909 3981 934 4034 V
984 3986 1158 4036 sacramentd
1188 3982 1212 4035 V

60 4068 92 4122 19
100 4067 282 4122 fraudauitP
348 4070 380 4123 21
389 4068 572 4122 custodierint
585 4068 792 4123 exeustodicrit
804 4087 836 4121 m.
850 4066 910 4121 2V
959 4068 1000 4122 fili
1024 4067 1114 4122 Vfiiii
1134 4068 1211 4121 RPT

58 4156 92 4209 22
109 4154 273 4209 testimonia
298 4171 361 4209 maa
378 4155 446 4210 haec
465 4153 585 4209 RPT¹E
600 4155 759 4210 testimonia
778 4155 845 4208 baec
870 4152 930 4208 Vn*
982 4157 1017 4209 26
1035 4172 1096 4209 maa
1114 4172 1162 4207 om.
1186 4155 1211 4208 V

56 4242 86 4296 in
104 4240 220 4295 macula
238 4241 342 4297 noemi
361 4243 387 4295 R
440 4244 475 4296 28
492 4241 588 4312 generi
607 4242 773 4310 aeganem
793 4242 867 4296 Pro.
