2790 4844
570 237 764 306 Appendix.
1179 235 1241 300 887

98 428 142 491 sic
166 427 317 490 eruditum
343 447 375 490 se
399 447 467 491 csse
492 427 567 491 dixit.
600 428 726 492 renibus
761 428 824 492 suis
860 429 947 510 quasi
982 427 1011 491 in
1042 436 1146 504 nocte:
1181 446 1242 491 non

98 531 176 594 dixit
199 531 228 593 in
253 538 351 601 nocte,
376 532 431 594 sed
455 533 544 613 quasi
566 533 597 594 in
622 537 720 596 nocte.
765 533 930 595 nonenim
956 532 1077 612 [territus
1099 537 1242 596 contene-

98 635 177 698 brati
201 641 273 698 sunt
296 655 405 699 sensus
430 637 496 700 eius
521 636 558 700 de
583 637 692 700 timore
716 636 832 713 mortio,
856 637 909 718 qui
934 636 1071 700 dicebat:
1105 654 1244 700 uerum

100 758 173 801 non
199 741 302 820 qnod
335 759 408 823 ego
438 738 539 815 uolo,
564 741 632 804 sed
668 740 771 822 quod
795 746 843 803 tu.
889 741 943 804 sed
968 746 1072 804 tamen
1096 759 1156 803 non
1179 743 1245 804 erat

100 843 165 905 sine
189 844 323 924 quadam
350 843 586 922 perturbatione,
622 843 674 925 qui
698 843 909 907 infirmitatem
935 853 965 907 et
987 843 1145 907 tristitiam
1168 841 1243 906 sate·
1285 868 1296 902 ι

99 945 197 1007 batur.
246 966 314 1009 nam
350 947 374 1010 si
410 945 481 1010 alibi
522 947 619 1010 Dauid
656 948 713 1011 ait:
753 955 878 1012 metus
914 947 1057 1011 martis
1091 946 1246 1012 cecidit

99 1069 220 1128 snper·
256 1070 320 1126 me,
356 1052 477 1113 timor
512 1055 550 1114 el
585 1057 735 1115 tremor
768 1057 1077 1132 occupauerunt
1111 1071 1167 1114 me
1208 1055 1246 1115 et

98 1154 259 1232 operuit¹
296 1174 352 1217 me
387 1155 566 1229 tenebra,
592 1162 674 1219 recte
700 1155 764 1220 lraec
796 1155 921 1220 tenebra
946 1176 983 1219 ex
1005 1155 1114 1218 timore
1138 1153 1245 1219 mortis

99 1257 240 1331 ueniens,
265 1278 356 1339 apuam
383 1259 546 1323 minimam
569 1258 664 1323 fuisse
687 1259 718 1322 in
742 1258 805 1323 tilio
830 1260 878 1323 dei
903 1259 1054 1336 conuenit,
1086 1279 1146 1322 non
1178 1278 1245 1322 nox,

98 1362 153 1426 sed
177 1362 264 1442 quasi
289 1382 347 1425 nox
372 1362 553 1442 appellatur.
599 1364 702 1446 itaque
726 1363 939 1446 significanter
962 1363 1088 1427 dicitur:
1116 1361 1245 1426 adhuc
1273 1384 1298 1421 ro

99 1472 232 1529 antem
272 1467 388 1549 quasi
420 1468 458 1530 in
494 1474 611 1531 nnete
645 1468 886 1532 erudierunt
920 1487 978 1531 me
1012 1486 1130 1531 renes
1162 1465 1245 1530 mei.

99 1571 174 1651 quid
199 1577 299 1635 autem
326 1570 529 1636 erudierunt?
576 1571 693 1636 scilicet
716 1573 796 1655 quod
821 1571 961 1655 sequitur
983 1571 1072 1643 infra,
1096 1577 1130 1634 ut
1145 1570 1246 1650 proui-

100 1675 187 1737 deret
212 1675 304 1738 deum
328 1676 356 1738 in
382 1690 550 1755 conspectu
574 1695 628 1738 suo
652 1695 783 1755 semper,
815 1676 887 1758 quia
910 1695 928 1738 a
952 1675 1067 1738 dextris
1102 1674 1167 1737 eins
1191 1685 1245 1746 est,

101 1788 133 1839 nt
158 1799 216 1842 non
241 1785 482 1844 commoneatur.

146 1883 195 1946 ll.
221 1883 294 1946 Pro
318 1883 400 1959 hoc,
426 1886 478 1958 ait,
503 1884 767 1949 iucundatnm
792 1891 853 1948 est
875 1904 941 1948 car
972 1891 1298 1958 incantator-1³

101 1985 277 2051 sultanit
315 1986 458 2070 lingua
498 2008 587 2061 inea,
632 1988 761 2051 adbuc
799 1995 929 2052 autern
966 1996 1003 2052 et
1038 2007 1129 2051 extro
1164 2006 1246 2051 mco

100 2091 467 2172 habitabitinspc:
492 2093 680 2175 quoniam
698 2112 770 2155 non
789 2092 1056 2174 derelinques
1075 2092 1247 2155 animam

101 2216 225 2258 meam
251 2197 287 2257 in
313 2197 476 2259 inl'ernc
502 2196 1086 2279 nequedabissanctumtuum
1110 2195 1247 2261 uidere

101 2300 417 2379 crtrrnptioncm.
465 2307 583 2364 notas
616 2300 758 2364 fecisti
795 2299 893 2364 mibi
924 2301 1009 2363 nias
1043 2299 1150 2363 uitae:
1181 2299 1247 2364 im-

102 2402 236 2482 plebis
261 2423 319 2468 mc
343 2404 598 2468 lentiliacum
624 2403 737 2468 uulta
762 2411 841 2468 tna:
874 2403 1177 2468 delectationes
1208 2403 1246 2467 in
1273 2422 1299 2459 aa

101 2509 270 2570 dextera
305 2514 376 2570 tua.
423 2527 496 2590 ergo
531 2515 562 2571 et
584 2508 786 2572 iucunditates
820 2507 851 2571 in
886 2509 1013 2571 dextera
1046 2507 1105 2582 dei,
1136 2506 1247 2590 quibus

100 2610 220 2674 carnatis
254 2609 387 2690 repletus
422 2624 468 2675 est
502 2610 592 2676 filius.
639 2613 668 2675 in
704 2613 820 2677 dextris
859 2613 940 2677 enim
977 2611 1113 2677 habebat
1146 2612 1245 2676 deum.
1292 2629 1297 2637 ‘

102 2716 367 2794 prouillebam
415 2715 634 2791 dominum,
673 2716 788 2798 inquit,
826 2716 864 2779 in
903 2721 1125 2795 conspectu
1163 2735 1247 2780 meo

101 2838 272 2898 semper,
296 2820 388 2901 quia
413 2839 430 2882 a
454 2819 615 2883 dextris
646 2821 745 2884 meis
776 2834 846 2884 est.
894 2820 1065 2884 ascendens
1089 2828 1189 2883 antem
1215 2819 1247 2883 in

101 2921 209 2986 (caelum
234 2923 353 3003 ipsein
379 2923 495 2987 dextris
528 2924 624 3002 patris
654 2923 753 2988 factus
776 2931 832 2987 est.
878 2925 908 2987 in
933 2924 1050 2988 dextris
1073 2923 1152 2988 cius:
1177 2943 1246 3006 quae
1273 2940 1298 2977 2⁵

101 3027 142 3089 sit
177 3027 263 3091 istius
299 3027 413 3090 dextra
449 3027 581 3100 sinistra,
614 3028 850 3111 interrogemus.
898 3027 982 3092 nouit
1006 3047 1081 3110 erga
1113 3028 1247 3110 quodam

100 3131 167 3195 loco
191 3130 346 3211 anastatus
370 3152 457 3194 arma
481 3131 605 3195 iustitiae
629 3132 736 3195 dextra
759 3138 790 3195 et
812 3132 946 3211 sinistra,
970 3131 1100 3215 gloriam
1121 3131 1248 3214 quidem

101 3244 132 3297 et
161 3234 396 3317 ignobilitatem.
442 3236 552 3299 dextra
586 3235 717 3299 sormam
754 3236 876 3300 iustitia
908 3242 989 3316 puto,
1023 3235 1247 3318 ignobilitatem

101 3345 206 3402 autem
242 3344 271 3401 et
303 3338 464 3403 infamiam
491 3339 625 3403 sinistra.
670 3346 806 3403 attamen
843 3346 972 3422 utraque
1006 3339 1127 3403 iustitiae
1162 3359 1250 3403 arma

101 3449 182 3506 sunt.
229 3442 284 3505 sed
307 3447 341 3505 nt
364 3444 585 3522 perueniamus
607 3443 646 3506 ad
670 3444 777 3507 dextra
800 3463 886 3506 arma
908 3443 1040 3519 iustitiae,
1062 3442 1093 3507 in
1114 3442 1248 3507 sinistris
1275 3458 1301 3496 ⁸⁰

102 3545 186 3628 prius
222 3545 414 3610 militandum
452 3554 508 3610 est.
555 3547 750 3626 suscipienda
783 3554 830 3625 est
867 3567 941 3610 uero
975 3546 1005 3610 in
1042 3545 1100 3611 hoc
1134 3547 1249 3610 mundo

102 3647 291 3732 ignobilitas
315 3650 453 3726 infamia,
477 3651 651 3725 infirmitas,
674 3650 801 3715 stultitia
825 3659 856 3714 et
878 3656 981 3715 cetera
1004 3650 1053 3714 his
1072 3649 1193 3723 similia,
1216 3659 1264 3715 ut·

103 3754 322 3833 perueniamus
357 3756 394 3818 ad
437 3753 640 3821 nobilitatem.
681 3755 720 3819 ad
761 3755 900 3838 gloriam.
942 3755 981 3818 ad
1022 3755 1175 3831 uirtutem,
1210 3755 1249 3818 ad

100 3858 302 3937 sapientiam:
338 3879 406 3940 qua
440 3860 544 3922 omnia
579 3859 776 3939 accipiemus
811 3879 881 3924 cum
915 3860 1148 3939 peruenerimus
1178 3858 1249 3932 illic,

100 3961 153 4025 nbi
188 3961 328 4026 Obristus
363 3964 463 4027 estin
488 3973 574 4043 parte
609 3965 715 4027 dextra
748 3963 798 4028 dei
835 3964 958 4027 sedens.
1003 3963 1250 4027 seminamur
1275 3978 1302 4014 ³⁶

104 4072 236 4130 autem
261 4067 298 4129 in
323 4067 604 4150 ignobilitate,
636 4075 676 4131 ut
698 4087 959 4150 resurgamus
991 4068 1027 4131 in
1059 4067 1248 4152 gloriam:

144 4207 392 4258 ‘dinnocternsed
440 4206 590 4259 ilminima
640 4209 671 4259 15
689 4207 869 4260 iocundatum
882 4218 904 4258 rt
916 4210 952 4259 xic
964 4225 1063 4277 semper
1110 4211 1145 4261 24
1163 4209 1248 4276 quia.
