2790 4844
151 273 212 336 56³2
485 271 601 323 sancti
627 266 765 323 Hilarii
790 270 954 337 episcopi

150 484 193 527 on
206 463 342 526 xilinm
370 462 476 525 mibi.
523 462 690 543 statimque
713 461 770 524 sibi
797 461 886 524 bento
903 461 1096 525 consessione
1114 463 1293 542 respondit:

150 563 1292 648 auxiliummenmadomino.quidecitcaelumetterram.

150 672 188 735 od
214 678 332 735 montes
356 672 482 752 quidem
507 668 583 733 ccidi
609 669 776 738 elebantur,
808 671 880 752 quic
910 689 966 748 per
995 689 1048 732 eos
1072 678 1120 732 θεῖ
1143 671 1292 734 doctrine.

150 776 359 850 ministerium,
377 773 539 856 profectum
557 793 713 837 ascensus.
760 773 814 836 sed
831 793 901 837 cum
917 772 1127 837 confitendum
1146 774 1196 852 eit,
1213 777 1292 838 unde

150 880 252 943 ueniet
290 879 450 942 auxilinm:
490 876 682 941 auxilinm
719 898 735 941 a
770 878 930 941 domino
970 884 1045 952 θεῖ,
1084 878 1150 960 qui
1193 878 1290 942 iecit

150 982 289 1047 colum
312 992 350 1046 et
373 992 531 1045 terram.
581 981 645 1044 baec
669 979 741 1045 felin
765 981 843 1045 tides
866 989 923 1058 θεῖ,
949 981 1016 1045 hmo
1040 1001 1114 1046 uere
1130 983 1290 1047 ooni'essio.

150 1087 216 1152 hoec
248 1108 318 1167 spes
348 1095 464 1150 {eterne
494 1095 525 1150 θῖ
555 1084 686 1150 coelestis
719 1086 939 1149 benedictionis
971 1086 1065 1169 digna
1105 1087 1290 1151 muneribus.

193 1295 221 1359 6.
248 1294 386 1377 Denique
411 1295 483 1376 qnia
507 1294 669 1373 prophetia
700 1294 801 1357 omnis
824 1294 855 1356 in
879 1294 987 1372 spiritu
1011 1305 1067 1371 θεῖ,
1092 1295 1199 1358 statim
1223 1295 1287 1357 bee-

150 1414 212 1462 mm
244 1397 324 1463 hanc
358 1399 423 1462 eius
457 1398 682 1462 confessionem
719 1418 774 1477 per
809 1418 973 1477 personam
1004 1396 1164 1477 prophet-m
1196 1396 1285 1462 sancti

150 1503 274 1583 spiritus
287 1507 449 1567 consecuto
462 1501 634 1565 benedictio
649 1514 709 1566 θεῖ;
734 1522 808 1565 non
833 1503 898 1565 det
921 1501 958 1564 in
983 1503 1281 1565 commotionem

150 1609 289 1686 pedem
313 1613 428 1682 tuum,
449 1626 576 1688 neque
601 1606 802 1679 dormitet,
821 1606 885 1688 qui
911 1605 1156 1670 custoditte.
1182 1623 1280 1669 sensus

149 1712 214 1793 ipse
245 1709 400 1793 significat
433 1710 666 1774 conuersionem
703 1709 814 1773 tactim
851 1729 920 1774 θεεθ
953 1728 1104 1789 personae.
1150 1710 1190 1772 ad
1219 1727 1278 1773 enm

150 1805 241 1889 enim,
267 1815 317 1896 qui
341 1815 481 1893 superine
505 1812 622 1878 locutus
654 1825 708 1881 est.
739 1834 841 1879 sermo
873 1832 1040 1878 conuersus
1064 1821 1127 1877 θεῖ;
1156 1833 1200 1877 ne
1223 1814 1277 1877 det

149 1919 186 1981 in
211 1919 532 1982 commotionem.
580 1917 671 2000 quis?
696 1937 806 1997 nempe
831 1918 881 2000 qni
906 1916 1104 1982 secitemlnm
1125 1924 1276 1982 ettennon.

151 2025 290 2101 pedem
316 2028 431 2085 tunm.
477 2021 584 2085 cuius?
607 2042 791 2104 queremus.
837 2040 970 2104 nemque
1003 2021 1077 2097 eius,
1101 2022 1153 2105 qui
1176 2017 1274 2085 leuauit

151 2126 255 2190 oculos
278 2127 308 2189 in
334 2134 454 2189 montes
479 2126 584 2208 etqui
608 2126 768 2190 consessus
800 2136 856 2199 est,
887 2127 968 2208 quod
999 2124 1145 2189 auxilium
1169 2130 1273 2189 esseio

151 2230 284 2294 domino.
329 2230 383 2294 sed
408 2239 438 2294 θῖ
462 2228 546 2305 illud,
568 2250 614 2293 ne
638 2232 711 2303 det,
736 2231 870 2309 optantis
888 2235 917 2293 et
933 2229 1146 2293 benedicentis
1165 2226 1271 2292 affectus

151 2343 205 2397 θεῖ.
252 2342 283 2398 et
307 2335 374 2416 quis
398 2334 539 2414 optabit?
576 2333 625 2397 ille
649 2334 773 2410 scilicet,
798 2335 848 2417 qui
874 2333 961 2397 nobis
989 2341 1036 2396 θεῖ
1059 2341 1170 2412 praeter
1191 2329 1270 2394 domi·

151 2439 322 2502 numatius
352 2440 529 2511 aduocatum
564 2439 603 2502 de
633 2459 693 2520 qno
729 2440 785 2501 ait:
822 2447 858 2502 θῖ
893 2438 1015 2501 olium
1051 2438 1268 2502 aduocatum

151 2544 305 2606 mittam
336 2542 466 2619 nobie,
498 2543 564 2625 qui
597 2549 634 2606 et
665 2541 847 2624 loquitur
877 2544 914 2605 in
948 2541 1170 2622 prophetis.
1211 2535 1266 2621 qnid

150 2667 224 2731 orgo
248 2649 414 2711 aduocatos
439 2645 488 2709 hie
513 2644 669 2728 loquitur?
714 2648 922 2711 consessorem
947 2646 1064 2711 scilicet
1096 2645 1167 2710 fidei
1196 2640 1265 2706 nnius

150 2752 277 2833 speique
312 2751 481 2815 benedicit:
527 2771 573 2814 ne
608 2750 674 2814 det
720 2752 757 2813 in
803 2751 1116 2814 commotionem
1151 2749 1264 2830 peden

194 2944 225 2996 19
244 2942 310 2995 Luc.
330 2941 426 3005 XXIV,
445 2945 493 3007 493
513 2942 547 2994 cf.
566 2942 624 2994 Ioh.
644 2942 714 3005 XIV,
735 2943 774 2994 16.

193 3118 205 3167 1
227 3116 374 3181 statimque
382 3143 414 3149 -
422 3114 565 3182 respondit
575 3115 656 3166 omli
692 3116 839 3182 statimque
849 3134 877 3167 en
887 3115 1052 3182 statimquae
1063 3117 1084 3167 Τ
1118 3098 1265 3183 responditis

148 3203 217 3254 3ad
245 3206 350 3254 montes
369 3227 403 3235 -
422 3201 529 3252 caelum
558 3205 585 3252 et
612 3205 715 3253 tenram
745 3202 771 3252 in
799 3219 881 3269 nimy.
910 3201 956 3265 ios.
984 3204 1045 3254 odd.
1065 3203 1091 3256 P
1150 3195 1263 3255 doctrine

148 3307 177 3341 ei·
195 3287 322 3340 doctrino
341 3288 366 3339 R
417 3290 434 3338 4
458 3288 607 3354 profectus,
627 3303 754 3340 aecensus
775 3288 824 3340 PT
842 3290 950 3356 pfectne
969 3305 1095 3342 accensus
1115 3290 1141 3342 R
1157 3288 1190 3355 cs.
1205 3271 1264 3337 ‘md

145 3395 173 3444 p.
192 3374 231 3427 20
301 3377 317 3426 5
345 3375 437 3426 ueniat
465 3373 514 3424 ΡΤ
542 3375 634 3426 ueniet
662 3375 687 3427 R
758 3375 891 3428 auxilium
919 3374 1007 3428 n'dfno
1026 3383 1068 3429 θεῖ
1089 3377 1142 3429 GR
1159 3367 1265 3427 auxiliim

148 3479 239 3515 meum
259 3479 275 3513 a
293 3461 403 3513 domino
423 3460 495 3512 Vim
547 3458 649 3513 titides
668 3466 709 3513 θεῖ
729 3461 805 3513 RI’T
823 3460 930 3514 fideeV
980 3461 1116 3515 consessio
1138 3459 1208 3515 RPY
1221 3461 1269 3541 001·Γ

147 3549 229 3602 fessio
248 3552 289 3601 θεῖ
315 3548 338 3599 1'
387 3550 483 3614 ‘Iopen
504 3547 580 3599 RVI'
598 3547 751 3615 specieeV
802 3553 829 3600 θῖ
848 3549 973 3602 caelestii
995 3548 1072 3601 RPT
1089 3567 1104 3601 e
1123 3527 1264 3602 melodii

148 3635 347 3688 benedictionis
367 3634 442 3686 RP'I'
466 3634 659 3688 benedictione
678 3653 707 3686 en
725 3635 927 3688 benedictionis
951 3654 984 3687 m.
1007 3634 1026 3687 2
1053 3637 1076 3686 V
1125 3638 1141 3689 9
1161 3653 1179 3705 p
1197 3637 1270 3703 pem·

148 3739 212 3775 nam
232 3723 257 3774 R
277 3738 306 3769 e*
316 3737 462 3789 personam
480 3725 504 3770 (ι’
519 3739 662 3789 personam
674 3722 737 3773 Pin
751 3738 868 3788 persona
880 3722 903 3773 T
914 3722 948 3775 ed
960 3738 1108 3790 personam
1121 3741 1134 3775 e
1187 3725 1219 3776 10
1233 3727 1273 3771 non

154 3809 179 3858 Τ
194 3825 228 3860 ne
247 3808 322 3859 HVJ*
376 3811 403 3861 ll
426 3809 473 3875 qui
492 3810 552 3860 odd.
572 3807 637 3860 m?
657 3809 679 3860 V
732 3811 763 3860 12
781 3808 1026 3862 sicambrae?
1078 3810 1112 3863 15
1130 3818 1276 3878 quaerenti

149 3896 174 3946 R
193 3895 349 3961 quaerimus
373 3893 392 3955 (i
412 3913 441 3946 ex
459 3893 536 3958 corr.)
557 3895 754 3962 Pquaerimue
775 3897 828 3947 ΤΕ
879 3895 996 3949 leuauit
1016 3896 1041 3947 P
1095 3899 1128 3950 16
1156 3903 1185 3950 et
1203 3890 1281 3965 quit

150 3987 178 4033 et
208 3980 273 4047 quid
303 3982 352 4031 ΡΤ
404 3980 538 4033 auxilium
568 3981 643 4034 RPb
674 3982 807 4034 auxilium
838 3983 895 4036 eius
926 3979 961 4034 P*
992 3982 1040 4046 (ei'
1058 4002 1131 4054 impr.
1159 3981 1283 4050 addid

153 4070 183 4120 18
210 4067 317 4134 optabit
346 4068 397 4119 ΗΡ
421 4073 499 4135 optat
529 4069 552 4119 T
578 4069 686 4136 optauit
713 4087 726 4120 e
779 4072 813 4121 20
839 4068 920 4122 mitti
939 4070 964 4121 R
982 4070 1076 4123 mittet
1105 4071 1156 4122 Vs
1182 4073 1287 4126 mittoe

149 4155 181 4206 21
201 4153 308 4206 scilicet
328 4153 391 4207 fidei
410 4155 491 4207 huiue
511 4155 587 4206 RI’T
605 4155 699 4223 utique
724 4156 804 4209 huius
823 4156 887 4209 fidei
907 4157 934 4207 E
985 4158 1019 4210 22
1037 4156 1117 4226 epeiq
1137 4159 1162 4210 R
1182 4160 1290 4229 epeiqne

150 4241 174 4291 Τ
191 4240 252 4307 spei
271 4240 317 4306 qni
338 4240 363 4290 Ι)
380 4247 408 4293 et
426 4243 484 4308 spei
506 4242 531 4292 Ε
584 4242 611 4293 in
630 4245 814 4296 commotione
835 4249 867 4296 (i.
