2790 4844
163 244 225 308 194
499 247 616 299 sancti
641 246 773 300 Hilarii
801 245 963 314 episcopi

162 434 279 501 flebiles
314 434 518 501 habitationes
552 454 610 500 nec
643 434 843 501 lamentanda
876 436 1079 513 tabernacula,
1114 437 1169 501 sed
1205 436 1304 502 salem

161 541 261 619 potius
285 538 351 603 haer
375 541 481 604 mundi
515 539 607 604 huius
631 538 719 604 uallis
742 538 895 616 exhibeat,
919 560 971 604 eos
994 540 1118 628 scilicet,
1132 559 1305 625 eorumque

162 641 288 720 similes,
313 643 425 727 quibus
449 645 563 709 dictum
588 652 650 708 est:
675 664 743 708 uos
767 645 870 709 estis
901 645 960 709 sal
985 651 1111 721 terrae,
1135 647 1164 710 in
1190 645 1304 729 quibus

162 748 298 813 maxime
320 750 439 813 anticus
462 747 512 813 ille
535 768 653 831 nosque
676 749 846 813 incendens
869 747 968 814 hostis
991 744 1140 814 extinctus
1156 756 1213 814 est.
1250 768 1305 830 pro

124 879 135 913 a
164 851 212 915 his
235 853 329 936 igitur
351 854 382 917 in
406 851 469 917 fine
492 853 719 917 commutandis
750 859 781 917 et
811 853 868 917 snb
899 854 1075 918 testimonio
1098 873 1134 919 sc
1156 853 1236 918 tituli
1260 855 1305 918 in·

162 957 328 1037 scriptione
350 958 389 1021 ad
415 956 517 1020 Dauid
541 957 706 1022 edocendis
728 956 867 1038 psalmus
890 957 942 1022 hic
966 958 1116 1032 scribitur,
1150 977 1211 1022 non
1246 957 1304 1022 alio

163 1074 310 1141 ternpore,
333 1081 426 1144 quam
451 1081 519 1126 cunr
545 1060 671 1125 Nathan
694 1060 846 1144 propheta
868 1060 969 1126 throni
1003 1063 1111 1126 {eterni
1133 1081 1242 1144 regern
1267 1081 1303 1126 er

163 1165 263 1230 Dauid
287 1165 406 1230 semine
429 1166 587 1230 nuntiauit.
633 1166 663 1229 in
699 1186 735 1230 aa
769 1167 853 1231 enim
885 1172 1024 1246 ternpore
1058 1165 1133 1243 baec,
1168 1187 1239 1250 quac
1272 1167 1302 1230 in

163 1270 255 1334 rebus
279 1270 376 1353 gestis
400 1270 648 1350 praescribuntur,
672 1268 780 1334 effecta
796 1277 875 1345 sunt,
898 1271 928 1334 in
946 1290 1008 1354 quo
1024 1269 1302 1353 prophetiaaeterni

113 1398 137 1432 ιο
167 1375 249 1456 regis
272 1383 396 1439 ostensa
419 1383 474 1438 est.
520 1374 747 1458 intellegendus
770 1394 846 1456 ergo
868 1376 1007 1456 psalmus
1029 1394 1085 1455 pro
1108 1374 1158 1439 his
1183 1375 1302 1456 estqui

164 1477 405 1554 inmutabuntur,
429 1479 460 1542 in
487 1477 586 1542 Dauid
609 1485 759 1542 aeternnm
784 1498 891 1562 regern
921 1479 1095 1554 edocendis,
1120 1480 1226 1562 etqui
1251 1498 1303 1558 pro

164 1583 287 1646 arnissis
301 1582 439 1662 patribus
456 1590 546 1647 erunt
560 1603 597 1647 er
614 1583 856 1648 commutatione
872 1584 934 1646 iarn
950 1582 1014 1647 filii.
1037 1584 1080 1646 ita
1095 1584 1179 1647 euim
1195 1584 1305 1663 cepit:

208 1685 237 1749 3.
263 1685 373 1762 Deus,
398 1686 619 1767 reppulisti
643 1707 714 1752 nos
737 1694 774 1751 et
797 1687 1042 1752 destruxisti
1066 1706 1152 1751 nos:
1176 1689 1305 1751 iratus

165 1809 205 1853 as
236 1796 273 1853 et
306 1791 500 1855 misertus
538 1811 578 1855 es
613 1791 737 1855 nobis.
782 1791 1043 1856 commonisti
1082 1798 1235 1856 terram
1268 1800 1307 1857 et

116 1916 140 1951 ιο
168 1893 426 1958 couturbasti
461 1914 560 1960 eam:
610 1914 704 1960 sana
754 1895 1030 1961 contritiones
1071 1897 1173 1969 eius,
1213 1895 1307 1978 quia

167 2004 270 2061 mota
293 2005 362 2063 est.
408 2000 633 2064 ostendisti
656 1999 802 2081 populo
826 2007 890 2064 tuo
914 2001 1020 2075 dura,
1051 2000 1207 2083 potasti
1237 2019 1307 2064 nos

167 2103 597 2184 uinoconpunctionis.
643 2105 797 2169 dedisti
816 2105 1097 2170 metuentibus
1121 2111 1158 2170 te
1181 2105 1307 2189 signi·

167 2205 413 2283 ficationem,
438 2216 479 2273 nt
500 2208 666 2292 fugiant
687 2230 706 2273 a
728 2209 836 2274 facie
859 2228 986 2274 arcus.
1031 2210 1202 2274 secundum
1223 2228 1309 2274 com·

167 2329 291 2375 munem
314 2313 417 2376 saculi
442 2323 565 2378 sensum
590 2313 642 2376 ira
666 2313 916 2396 miserationique
940 2332 999 2377 nnn
1024 2314 1175 2390 conuenit,
1207 2332 1309 2397 neque

114 2433 140 2470 oo
167 2415 261 2494 ipsius
282 2415 314 2479 in
337 2418 465 2481 eosdem
480 2423 609 2499 uterque
625 2416 676 2482 hic
691 2418 775 2481 idem
791 2418 953 2482 conueniet
967 2416 1113 2493 adfectus,
1136 2423 1171 2481 ut
1182 2416 1309 2482 ultionis

166 2517 312 2583 uoluntati
347 2520 486 2584 uoluntas
522 2520 726 2585 miserationis
760 2522 897 2585 admixta
930 2522 978 2585 sit.
1026 2520 1098 2585 solis
1121 2527 1225 2586 autem
1249 2520 1309 2585 boo

165 2623 302 2701 patribus
325 2623 375 2705 pie
398 2625 601 2690 irascentibus
624 2627 772 2709 congruit,
803 2634 837 2690 ut
868 2626 1040 2690 misericors
1071 2644 1177 2690 eorum
1209 2626 1255 2689 ira
1276 2627 1308 2690 in

165 2728 299 2806 peccatis
323 2729 363 2792 sit
385 2728 525 2805 filiorum,
550 2730 718 2795 secundum
738 2731 833 2795 etiam
848 2730 924 2794 iilud
941 2729 1020 2794 beati
1039 2728 1132 2797 Pauli.
1156 2749 1230 2794 cum
1253 2730 1310 2794 ito

165 2831 310 2896 Satanae
332 2833 367 2895 in
392 2834 587 2898 interitum
610 2835 737 2898 carnis
762 2834 886 2909 tradit,
909 2845 948 2898 ut
970 2835 1143 2914 spiritus
1167 2834 1309 2899 saluus

113 2952 138 2989 a
166 2936 215 2997 sit
237 2937 274 2999 in
299 2937 361 3000 die
391 2938 550 3012 domini,
566 2939 709 3003 uindictae
724 2940 887 3019 praesentis
907 2939 1103 3003 seueritatem
1118 2938 1158 3002 ad
1174 2937 1307 3004 salutern

165 3039 289 3118 spiritus
313 3039 461 3119 proficere
495 3043 717 3106 demonstrans.
763 3050 894 3107 aeternus
929 3062 1003 3125 ergo
1032 3041 1084 3107 ille
1121 3048 1151 3106 et
1174 3042 1308 3107 catastis

208 3178 341 3231 sMatth.
361 3179 391 3241 V,
412 3183 452 3232 13.
489 3182 522 3234 23
539 3182 553 3233 Ι
572 3181 632 3233 Cor.
652 3184 676 3247 5,
695 3184 719 3233 5.

209 3301 294 3352 lnec
313 3318 342 3352 es
359 3316 410 3353 nec
428 3317 492 3354 oum
510 3320 543 3353 m.
563 3302 621 3356 IV
671 3303 766 3355 sallem
791 3303 883 3370 potius
904 3303 929 3354 P
953 3302 1022 3355 sales
1050 3302 1142 3371 potius
1164 3303 1189 3354 T
1206 3303 1309 3388 uallem

164 3385 258 3453 potius
277 3387 309 3446 (u
327 3389 354 3438 in
372 3406 424 3440 ros.
444 3406 461 3440 a
479 3407 511 3440 m.
532 3387 564 3449 2)
582 3389 608 3440 V
656 3389 979 3457 ‹tantiqusRantiquus
990 3389 1069 3441 PTE
1120 3388 1308 3442 badauidT

1196 3475 1210 3512 u

165 3525 287 3578 Dauidc
348 3526 488 3579 edocentis
521 3527 586 3578 VRa
613 3527 758 3581 edocentes
779 3528 808 3594 P,
836 3529 869 3589 cf.
895 3529 976 3580 sicud.
1002 3547 1029 3596 p.
1058 3526 1093 3581 16
1148 3529 1267 3581 711·οηί
1288 3527 1309 3579 V

165 3627 406 3680 excepissemus.
428 3614 441 3663 I
467 3615 493 3666 R
517 3631 565 3666 om.
591 3614 614 3665 V
664 3614 804 3668 fisemine
830 3630 888 3668 esse
912 3615 963 3668 VE
1014 3613 1155 3668 nuntiauit
1181 3633 1212 3666 en
1240 3632 1306 3668 nnn·

166 3698 374 3751 tiasitn1.?i''
388 3700 532 3753 nuncianit
550 3701 575 3752 n
629 3703 659 3752 ll
679 3700 708 3752 in
727 3700 807 3753 dauid
829 3719 876 3753 ono.
893 3701 919 3754 V
968 3705 1001 3755 12
1020 3708 1099 3755 erant
1114 3701 1138 3753 V
1190 3704 1224 3755 13
1243 3702 1307 3757 dex·

165 3785 293 3838 trucxisti
318 3787 343 3838 V
392 3787 479 3840 iratus
504 3804 532 3840 es
552 3787 630 3841 uobis
649 3805 678 3839 es
696 3787 783 3840 iratus
803 3792 845 3840 est
863 3789 926 3840 nt?
941 3788 965 3842 V
980 3787 1069 3841 iratus
1087 3805 1116 3841 es
1135 3789 1216 3842 nobis
1238 3789 1308 3859 Vre,

165 3872 200 3937 cf.
220 3874 338 3925 saturier
358 3874 395 3939 II,
416 3873 467 3927 119
522 3876 553 3927 16
572 3879 709 3927 commota
728 3875 766 3925 Pb
819 3879 868 3927 tuo
888 3875 981 3928 cru-R
1034 3875 1136 3943 potasti
1155 3893 1185 3927 ex
1202 3880 1309 3944 putati

167 3977 198 4009 nr.
218 3958 285 4012 2V
336 3963 368 4012 17
385 3961 572 4014 metuentibus
591 3979 621 4013 ex
638 3960 788 4015 metuentis
808 3980 840 4014 m.
860 3961 922 4014 IV
971 3963 1006 4014 ab
1023 3961 1098 4014 idem
1116 3978 1165 4014 ont.
1185 3962 1226 4014 Po
1279 3972 1312 4022 ut

166 4063 215 4096 om.
231 4044 254 4097 V
303 4048 335 4099 21
355 4046 494 4100 uoluntati
508 4048 636 4100 uoluntas
655 4046 720 4110 (tati
733 4048 819 4101 uolun
832 4050 892 4100 cdd.
904 4066 935 4100 m.
947 4047 979 4109 9)
997 4048 1020 4100 V
1034 4047 1173 4101 uoluntati
1186 4046 1229 4113 (in
1244 4056 1311 4119 ras.)

167 4132 294 4185 uoluntas
319 4133 345 4185 P
393 4133 564 4187 miserationi
591 4153 622 4187 ez
647 4134 832 4187 miserationis
861 4135 886 4187 R
938 4137 972 4187 22
991 4133 1135 4188 misericor
1158 4134 1181 4187 V
1235 4138 1312 4195 aas

166 4216 331 4273 filiornmR
383 4222 418 4273 24
435 4220 464 4272 in
484 4238 531 4273 orn.
551 4222 576 4272 R
627 4222 662 4274 25
680 4221 791 4274 uindice
815 4221 839 4273 V
889 4222 923 4273 26
942 4221 989 4275 ille
1007 4220 1133 4275 caelestis
1153 4221 1241 4276 PTE.
