2790 4844
181 284 360 333 tractatus
378 281 413 333 in
431 282 604 348 psalmum
623 281 793 336 cnxxvrn.
997 279 1061 345 745

78 489 186 552 ‚qua
210 470 368 550 scripta
392 478 484 534 sunt
511 473 550 535 in
580 469 673 555 lege
696 471 828 553 Moysi
857 480 895 537 et
917 474 954 536 in
978 492 1061 552 pro·

80 581 118 638 et
140 573 311 654 psalmis
335 575 381 639 de
404 595 472 639 me.
518 595 579 639 non
603 581 652 640 est
674 595 749 659 ergo
764 576 954 660 ambiguum,
979 578 1060 660 quod

78 680 99 743 is
123 678 162 743 de
185 699 221 742 eo
244 678 393 758 seriptum
428 679 476 743 sit.
522 698 594 743 nam
628 679 751 744 tamatd
782 678 927 763 pleraque
957 681 988 744 in
1013 679 1061 744 his

90 790 123 847 ut
137 782 177 845 ad
188 801 354 861 personam
366 781 621 862 patriarcharum,
638 783 866 864 prophetarum,
883 789 1060 867 martyrum,

78 908 124 951 rm
148 887 357 971 generationis
373 906 496 978 quoque
512 889 620 967 primes
637 894 667 951 et
678 889 888 971 generationis
903 890 1061 972 sequentis
1101 915 1113 951 a

78 998 217 1067 aorteant
240 996 354 1067 tamen,
378 991 451 1073 quia
473 992 576 1055 omnia
598 993 629 1055 in
643 990 767 1056 Christo
791 998 821 1056 et
835 1013 891 1072 per
904 991 1062 1058 Christum

81 1095 178 1178 dquid
208 1093 283 1159 illud
313 1095 344 1157 in
375 1093 504 1174 psalmis
535 1102 582 1160 est
611 1096 668 1160 sub
700 1096 892 1161 diuersorum
922 1097 1061 1177 personis
1150 1080 1153 1090 ’

78 1219 146 1275 ,ῖιιιῐι9
170 1219 262 1263 omne
286 1198 325 1262 de
348 1199 414 1278 ipso
438 1206 501 1264 est:
533 1200 604 1281 quia
634 1200 774 1264 doctrina
796 1199 906 1278 omnis,
931 1200 1062 1264 diuersis

78 1309 249 1383 saeptorum
283 1302 453 1385 generibus
487 1302 695 1382 multiformis,
732 1302 791 1368 hoo
828 1323 885 1384 per
922 1304 1061 1369 diuersos

78 1414 102 1471 rt
116 1408 183 1487 ipsa
198 1413 352 1472 noscatur.
385 1405 453 1471 haee
470 1407 558 1471 nobis
574 1414 698 1488 propter
711 1414 895 1488 praesentent
907 1407 1060 1488 psalmum
1089 1433 1114 1469 ιο

78 1512 189 1575 oranda
227 1512 401 1577 necessario
439 1511 569 1587 fuerunt,
615 1531 654 1576 na
692 1511 772 1577 forte
809 1512 877 1577 sina
912 1511 1062 1592 probabili

80 1635 97 1679 e
121 1617 359 1695 praesumpsisse
382 1616 635 1689 existimaremur,
658 1623 692 1679 ut
713 1616 753 1679 ad
768 1635 932 1696 personam
945 1614 1061 1680 Christi

77 1739 149 1783 rane
173 1720 238 1784 eius
261 1719 455 1800 prophetiam
478 1718 671 1784 referremus.

78 1832 187 1906 genter
210 1830 311 1887 autem
337 1843 373 1887 ea
396 1822 589 1888 obseruanda
613 1830 660 1887 est
682 1824 768 1899 ratio,
793 1829 834 1904 ut,
859 1843 1061 1907 quaecumque

78 1926 112 2001 li,
137 1946 231 2010 quem
256 1948 292 1991 ex
314 1934 402 1991 utero
427 1934 541 1992 sanetae
564 1927 696 2010 uirginis
719 1928 890 2008 adsumpsit
905 1935 936 1992 et
950 1927 981 1990 in
1002 1947 1061 2011 quo
1092 1951 1114 1988 is

85 2029 253 2108 hominem,
278 2032 331 2114 qui
355 2032 432 2095 deus
456 2039 529 2108 arat,
560 2030 664 2107 uoluit,
687 2037 757 2111 apta
781 2051 849 2096 esse
872 2037 903 2096 et
926 2050 1063 2115 congrua

78 2156 115 2212 ir,
140 2155 210 2200 eum
235 2135 340 2200 debita
362 2133 476 2200 oaelesti
499 2141 615 2199 naturae
639 2155 701 2199 suae
725 2135 876 2218 dignitate
893 2140 1062 2200 tractentur

79 2248 273 2303 aramentum
298 2238 405 2303 salutis
428 2245 550 2316 nostrae,
581 2258 641 2321 quo
671 2240 703 2302 in
734 2239 835 2303 forma
857 2240 908 2303 dei
932 2258 1061 2302 manens

84 2344 166 2408 serui
197 2344 324 2423 accepit,
358 2343 397 2406 ad
432 2342 652 2407 contumeliam
685 2342 915 2407 indemutabilis
946 2362 1008 2406 suae
1032 2349 1063 2407 et

78 2456 137 2511 tat
160 2447 349 2525 incorporea
380 2453 409 2510 et
439 2445 628 2526 inpassibilis
662 2447 840 2511 substantiae
873 2455 1061 2526 coaptemus.
1089 2468 1113 2505 aa

78 2571 107 2614 m
132 2549 228 2614 homo
252 2551 317 2628 suit,
352 2550 441 2614 nobis
465 2550 603 2645 proiecit,
637 2550 696 2614 sibi
720 2549 798 2614 nihil
821 2551 965 2630 dempsit.
1011 2571 1061 2615 ex·

78 2654 154 2719 enirn
179 2675 212 2718 se
236 2654 267 2717 in
291 2654 391 2718 forma
421 2653 469 2718 dei
501 2674 639 2727 manans,
673 2661 707 2716 ut
740 2662 770 2718 et
804 2654 905 2719 forma
928 2653 1061 2719 hominis

78 2829 103 2878 ge
123 2811 213 2879 hioysi
232 2813 272 2863 Ro
290 2812 319 2863 in
339 2811 410 2864 libro
430 2811 518 2878 moysi
537 2811 588 2862 PT
587 2829 600 2863 e
628 2809 668 2873 (in
687 2811 714 2863 P
729 2829 760 2863 ea
773 2822 851 2881 purte
870 2813 895 2863 in
913 2809 981 2877 ras.)
1035 2817 1062 2865 at

78 2899 119 2951 tis
147 2906 175 2951 et
203 2898 317 2966 psalmis
344 2898 370 2951 R
400 2903 428 2950 et
458 2898 487 2949 in
517 2897 661 2966 prophetis
692 2902 720 2950 et
746 2897 776 2950 in
804 2898 918 2966 psalmia
947 2896 1010 2950 P¹T
1035 2905 1063 2952 et

78 2991 107 3038 et
125 2985 238 3052 psalmis
258 2983 310 3036 Ρη)
380 2988 397 3038 2
425 2984 498 3052 quod
527 2985 552 3037 R
579 2984 646 3052 quin
674 2985 724 3036 PT
725 2986 752 3037 Ε
821 2987 837 3036 3
866 2985 996 3053 pleraque
1025 2987 1063 3039 lle

78 3091 82 3124 t
117 3072 156 3124 Po
186 3072 340 3140 plerunque
373 3072 397 3123 Τ
465 3076 482 3123 4
513 3071 733 3138 patriarcharum
763 3072 962 3139 prophetarum
992 3089 1064 3126 mar·

78 3159 236 3213 ›ostolorurn
273 3159 313 3211 Re
348 3169 422 3225 recle,
459 3161 517 3227 puio
554 3170 680 3226 martyres
717 3160 793 3210 etium
823 3160 849 3210 in
873 3160 961 3230 parium
986 3179 1062 3227 sperae·

96 3265 117 3298 e.
150 3248 223 3314 opud
250 3246 360 3297 Iudaeos
394 3259 475 3307 erant,
509 3246 621 3315 apostoli
647 3256 732 3297 aatem-
759 3247 786 3297 in
813 3248 925 3298 secanda
956 3257 1062 3308 turatino,

78 3351 116 3384 rm
152 3331 373 3400 patriarcharum
407 3333 596 3399 apostolorum
628 3338 781 3399 martyrum
816 3333 866 3384 PT
937 3336 953 3384 5
980 3350 1062 3401 gene-

78 3436 174 3488 puoqne
205 3420 310 3486 primae
342 3420 421 3470 ltTE
449 3419 642 3486 generationes
672 3435 782 3487 quoque
811 3419 917 3486 primae
947 3419 974 3471 P
1035 3424 1063 3472 et

81 3508 104 3559 is
132 3507 273 3573 sequentis
294 3506 347 3557 ΤΕ
369 3511 397 3559 et
422 3506 614 3574 generationes
642 3512 787 3572 sequentes
807 3505 859 3557 ΗΡ
909 3506 972 3557 lin
991 3524 1062 3575 supr.

77 3597 95 3648 0
112 3596 236 3662 praestat
250 3592 347 3644 RPTa
360 3596 507 3660 praestata
562 3595 590 3645 ll
612 3592 671 3645 sine
684 3592 822 3660 probabili
835 3593 874 3644 lle
886 3592 1063 3660 improbabili

88 3679 124 3733 ad
150 3696 296 3747 personam
327 3679 430 3731 Christi
457 3696 567 3731 ornnem
585 3699 596 3727 ε
615 3679 649 3731 ad
668 3695 946 3746 personamomnem
966 3679 1009 3730 Ila
1029 3679 1062 3732 ad

78 3767 135 3820 eius
146 3765 191 3830 (ei'
202 3767 236 3830 Τ)
246 3782 357 3818 omnem
368 3766 417 3816 PT
472 3768 504 3818 13
520 3765 591 3818 hano
607 3765 666 3818 eius
683 3765 856 3833 prophetiam
873 3766 911 3816 Re
921 3764 1063 3833 hancpro·

78 3855 125 3908 ius
144 3855 208 3906 Vll
265 3856 295 3906 14
318 3859 358 3906 est
378 3853 449 3906 ratio
469 3854 493 3905 ll
512 3853 582 3906 ratio
602 3857 644 3905 est
663 3852 741 3904 PTE
793 3853 825 3904 15
844 3851 993 3919 assumpsit
1011 3852 1066 3905 RE

424 3949 437 3977 0

84 3994 110 4046 Ρ
126 3994 263 4062 psumpait
282 3994 306 4044 Τ
360 3995 428 4060 lssq
460 3992 485 4043 Τ
503 4009 557 4059 qua
575 3991 655 4044 RPE
706 3995 739 4045 19
757 3991 874 4043 formam
892 3990 967 4043 serui
986 3991 1065 4044 Gnt'

78 4081 143 4133 ril’
194 4082 228 4133 22
256 4072 303 4132 eni
330 4098 402 4149 siim.
420 4097 469 4131 scr.
488 4097 521 4130 m.
543 4079 557 4130 I
576 4079 601 4130 lt
655 4082 685 4130 nt
704 4078 727 4131 ἅ
746 4078 835 4129 forma
852 4075 970 4130 hominis
992 4086 1064 4131 esset

78 4184 132 4220 una
150 4167 195 4220 dei
214 4183 273 4219 esse
293 4166 431 4218 desineret
451 4166 476 4217 lt
495 4183 549 4217 non
576 4170 608 4217 ut
632 4166 720 4217 forma
745 4164 819 4217 serui
837 4169 912 4217 esset
931 4167 958 4216 et
975 4164 1065 4217 forma

80 4254 200 4306 esineret
221 4253 276 4305 PT.
