2790 4844
342 292 525 341 tractatus
543 288 578 340 iu
596 288 767 356 psalmum
787 286 906 341 CXVIII.
1131 287 1195 353 475

96 476 125 541 2.
151 475 242 542 Hanc
264 496 339 560 ergo
362 476 436 543 uitta
457 496 522 542 suae
545 476 754 559 ignorantiam
770 476 906 560 quodam
930 476 1057 558 prolato
1080 476 1196 545 lumine

78 580 91 645 I
122 579 368 663 intellegentiam
399 581 505 665 dirigit
534 581 657 646 dIceus:
696 580 864 646 lucerua
895 581 1066 661 pedibus
1097 582 1196 648 meis

81 685 220 751 erbum
254 692 370 750 tuum.
416 686 473 751 soit
496 705 540 765 se,
574 685 635 750 nisi
668 686 764 751 uerbo
798 685 848 750 dei
878 684 1107 761 iulumiuatum.
1137 685 1196 751 has

78 808 214 870 ›rporum
237 790 383 855 tenebras
406 797 436 856 et
458 789 540 854 hanc
563 788 667 855 saculi
691 797 811 854 noctem
830 790 911 854 serre
926 809 987 855 nou
1003 809 1103 870 posse.
1138 789 1196 856 scit

78 893 167 976 nique
202 893 313 959 adesse
346 893 466 975 Iapides
500 892 717 973 offensionum,
751 894 878 978 Isquaos
908 895 1038 967 fumum,
1069 895 1195 960 scrobes
1233 928 1247 968 s

78 1017 223 1062 »aearum
268 1005 303 1062 ut
324 997 407 1063 euim
431 998 500 1081 quis
524 1004 613 1064 nocte
643 1017 790 1082 egressus
820 997 980 1064 lucernam
1011 998 1144 1064 antefert
1165 1004 1196 1064 et

78 1122 112 1166 uo
135 1103 248 1182 pedem
271 1101 384 1167 inferat
406 1108 565 1167 contuetur
588 1108 682 1186 atquc
705 1102 745 1167 ad
768 1100 908 1185 siugulos
931 1122 1060 1187 gressus
1080 1102 1195 1168 lumine

78 1214 208 1271 raeennte
232 1205 381 1271 sollicItus
404 1214 458 1284 est,
485 1207 528 1271 ita
550 1207 765 1290 unusquisque
788 1212 926 1272 nost-rum
951 1225 1083 1272 manens
1105 1207 1137 1272 in
1160 1226 1194 1272 se

78 1311 183 1375 erbum
208 1310 257 1375 dei
280 1310 312 1374 in
336 1330 445 1376 omnes
479 1331 606 1393 operum
641 1329 805 1392 processus
840 1319 1000 1395 tamquam
1036 1310 1196 1377 Iucernam

78 1414 222 1480 ostendit
268 1415 367 1480 omnis
391 1415 504 1480 etenim
529 1415 671 1480 doctrina
693 1415 825 1480 caelestis
855 1416 916 1486 dux
946 1415 1036 1480 nobis
1066 1417 1107 1480 ad
1136 1415 1194 1480 iter
1222 1448 1246 1484 ro

81 1529 121 1584 tae
145 1525 200 1597 est
223 1539 293 1602 quae
317 1519 451 1584 lucerna
481 1521 572 1584 modo
602 1520 634 1583 in
664 1518 725 1585 hac
753 1527 843 1586 nocte
873 1519 977 1585 saeculi
1000 1518 1196 1599 praessrenda

78 1634 104 1701 rt,
136 1643 208 1687 eum
232 1622 350 1707 aliquid
374 1632 426 1689 aut
449 1623 574 1704 agimus
603 1632 656 1689 aut
686 1623 859 1708 cogitamus
893 1631 946 1688 sut
967 1623 1131 1716 loquimur,
1161 1630 1196 1688 ut

78 1727 142 1791 tin
165 1746 289 1792 omnem
313 1746 515 1812 progressum
537 1728 760 1811 cuiuscumque
784 1727 968 1808 operationIs
990 1735 1123 1794 utamur.

93 1831 124 1896 3.
149 1830 240 1896 Iubet
274 1831 417 1897 domiuus
450 1833 482 1896 in
506 1832 675 1915 euangeliis
706 1831 787 1897 hanc
816 1839 1040 1913 praceptorum
1069 1850 1196 1897 suorum

78 1954 211 2001 cernam
234 1956 294 2000 nou
318 1935 448 2002 otiosam
472 1943 504 2002 ot
522 1936 662 2001 inutiIem
687 1936 793 2011 occuli,
809 1936 931 2001 dicens:
954 1955 1067 2001 nemo
1089 1935 1194 2001 euim
1222 1967 1246 2004 n

77 2058 261 2106 acernam
294 2041 486 2106 accendit
514 2048 552 2106 et
582 2041 696 2121 ponit
724 2059 806 2106 eam
837 2040 909 2106 sub
941 2040 1079 2106 modio.
1124 2058 1195 2123 quae
1237 2110 1240 2114 ,

78 2144 134 2209 rim
169 2142 313 2223 lucerua,
347 2144 373 2210 si
408 2145 509 2210 modio
541 2151 671 2228 tegatur,
705 2143 822 2210 utilitas
860 2143 930 2209 est?
975 2163 1067 2210 usum
1104 2163 1195 2208 suum

78 2256 171 2314 ntum
195 2248 276 2313 iutra
305 2248 346 2325 id,
381 2269 443 2332 quo
477 2249 620 2331 operitur,
649 2248 799 2331 inpendit.
844 2248 930 2314 iubet
951 2249 1047 2332 igitur
1068 2268 1140 2314 sam
1162 2248 1194 2312 in

78 2351 247 2430 indelabro,
277 2352 309 2418 id
331 2360 380 2418 est
402 2354 434 2417 iu
456 2352 549 2420 officii
584 2354 632 2419 sui
666 2354 740 2419 sede
774 2352 927 2418 constitui.
973 2353 1079 2435 itaque
1113 2350 1195 2417 hanc

78 2456 223 2523 >cuinam
258 2465 351 2541 atquc
384 2457 443 2523 hoc
476 2458 608 2523 uerbum
643 2458 691 2524 dei
725 2458 806 2523 iutra
839 2476 895 2522 nos
936 2466 1094 2536 receptum
1132 2475 1194 2520 uon
1221 2483 1246 2521 so

78 2561 183 2626 iosum
206 2580 309 2644 neque
342 2561 449 2627 inutile
473 2569 633 2645 tamquam
656 2561 758 2626 modio
783 2560 975 2634 occulamus,
1005 2560 1061 2625 sed
1091 2559 1195 2624 lumen

78 2666 130 2729 Iud
155 2665 247 2730 nobis
270 2665 347 2746 ipsis
370 2666 503 2747 primum
527 2676 557 2730 et
580 2685 688 2731 rursus
711 2686 748 2730 er
770 2665 860 2730 nobis
883 2664 1028 2729 omuibus
1050 2663 1195 2748 gentibus

78 2769 254 2834 abeamus.
300 2770 442 2852 sequenti
465 2789 589 2854 quoque
608 2770 691 2835 istud
708 2770 852 2834 inundato
868 2769 1012 2834 dominus
1036 2767 1195 2832 admonuit

78 2890 176 2938 cens:
214 2873 298 2938 sInt
335 2873 460 2939 lumbi
499 2874 629 2939 uestri
667 2874 897 2955 praecincti,
943 2880 982 2938 et
1012 2871 1196 2956 ⁴lucerna

78 2983 198 3042 sstrae
229 2979 430 3044 ardentes.
474 2979 559 3044 iubet
593 2999 668 3062 ergo
697 2977 774 3043 nihil
803 2997 859 3042 nos
883 2998 976 3062 agere
999 2977 1031 3041 in
1055 2978 1194 3053 obscuro,
1222 3001 1247 3040 ss

101 3152 130 3204 rs
148 3151 247 3206 uasa.
266 3152 299 3220 v,
320 3155 359 3208 15.
396 3155 430 3206 ac
448 3154 515 3207 nuc.
535 3154 594 3222 xri,
613 3156 654 3207 as.

103 3308 112 3358 l
132 3308 277 3377 ignorante
292 3312 315 3362 (J
364 3313 382 3364 2
400 3309 908 3379 Intellegentiamerinthlengentiam
918 3308 977 3362 md
993 3308 1018 3361 V
1059 3306 1198 3375 dirIgetC

86 3400 166 3449 tuum
184 3395 295 3451 domiue
315 3397 380 3468 sep
432 3401 577 3452 unoctem
595 3415 651 3450 non
668 3415 747 3466 posse
765 3396 883 3450 euadere
897 3397 934 3466 pb
987 3394 1040 3449 scit
1067 3411 1097 3447 ec
1124 3393 1196 3447 sicut

78 3488 122 3533 ’νη
147 3501 178 3535 m.
206 3481 227 3535 2
251 3482 275 3536 V
325 3485 388 3538 bet
417 3485 527 3538 scrobes
550 3486 587 3555 pb
640 3485 816 3538 6Iucernam
843 3482 978 3537 anteferet
1002 3481 1050 3534 VR
1076 3480 1196 3534 antefert

78 3575 194 3623 [cernam
208 3570 464 3638 Canteplucerna
473 3590 494 3641 p
547 3573 709 3625 Icotuetur
728 3589 758 3623 ea·
776 3570 873 3623 cotuer
892 3587 923 3621 m.
943 3567 1008 3621 21⁷
1057 3566 1193 3636 adquead

78 3654 189 3724 touque
207 3656 297 3725 adque
317 3675 348 3710 m.
370 3656 529 3725 IVsdqus
548 3657 627 3711 odra
679 3661 846 3725 Spreeunte
866 3674 895 3709 ec
912 3658 1060 3725 preeuntes
1078 3673 1111 3707 m.
1131 3651 1151 3706 2
1174 3653 1197 3705 V

78 3740 98 3788 II
120 3759 149 3795 ea
173 3744 253 3797 itaut
279 3761 312 3797 m.
340 3741 361 3797 2
390 3744 415 3797 V
467 3747 499 3799 10
516 3745 645 3799 doctriua
663 3763 693 3798 ex
711 3744 854 3798 doctrinae
880 3761 913 3796 m.
938 3741 958 3794 2
981 3741 1148 3795 Vcaelestis
1166 3758 1196 3793 ea

79 3826 182 3884 ulnas
208 3849 242 3884 m.
269 3828 290 3884 2
319 3831 344 3884 V
394 3832 522 3900 adq.iter
545 3833 569 3885 V
622 3835 651 3886 ll
673 3833 786 3886 lucerna
815 3833 837 3883 (⁴
887 3837 968 3883 nocte
995 3847 1025 3882 es
1051 3834 1149 3882 noctae
1174 3828 1198 3880 V

79 3913 152 3970 Vaut
177 3917 283 3986 aliquid
310 3918 418 3986 ugImus
439 3919 477 3989 Cp
530 3928 577 3972 aut
605 3921 759 3988 cogitamus
786 3937 834 3970 orn.
860 3918 883 3971 V
935 3919 967 3970 13
985 3933 1046 3969 eum
1073 3933 1103 3968 ea
1130 3932 1192 3968 eum

78 4020 89 4055 ι.
115 4002 135 4055 2
158 4004 181 4055 t'
232 4006 266 4058 15
284 4005 373 4059 occuli
401 4023 432 4059 ec
458 4007 561 4059 occulis
590 4007 615 4059 R
641 4007 728 4059 oculis
758 4006 780 4058 (ζ’
831 4004 904 4058 enim
932 4020 961 4057 aa
985 4019 1063 4056 enem
1082 4019 1114 4055 m.
1134 4003 1150 4053 1
1170 4002 1195 4054 R

78 4093 139 4143 Iut
163 4108 244 4145 nsum
264 4092 287 4144 C
340 4093 372 4145 1⁸
389 4091 419 4145 id
446 4093 519 4160 quod
544 4093 591 4145 VC
640 4094 675 4147 20
693 4093 783 4160 adque
812 4092 860 4145 VR
913 4093 945 4144 21
965 4090 994 4143 in
1020 4088 1114 4142 modio
1143 4089 1195 4159 t'pc

78 4176 223 4231 ccultamtm
244 4178 267 4230 0
316 4178 351 4231 22
369 4195 479 4232 rursum
504 4180 527 4232 V
552 4179 612 4242 (sed
634 4182 660 4232 in
685 4181 858 4250 ‹littogruphio
877 4195 893 4230 a
911 4196 944 4230 m.
962 4176 982 4229 2
999 4177 1082 4229 deleta
1101 4187 1123 4228 et
1143 4178 1196 4246 ipse

78 4265 158 4318 rhetor
175 4262 283 4328 rursus)
335 4265 370 4319 28
388 4264 441 4318 isto
466 4265 493 4319 V.
