2790 4844
344 281 520 331 tractatus
562 280 597 331 in
621 279 791 347 psalmum
811 281 907 335 LVIII.
1141 279 1202 346 185

70 463 118 538 suit,
154 466 286 531 reditum
329 468 396 533 eius
436 469 605 534 ambitione
648 490 795 536 occursus
838 471 969 536 caelestis
1004 473 1118 548 ornari,
1161 492 1201 536 ne

71 566 228 652 ingressuro
260 571 352 636 caelos
386 573 524 656 dignatio
558 581 687 655 paterna
721 576 850 640 deesset.
897 595 997 659 neque
1021 577 1052 639 id
1075 576 1200 655 mirum,

72 693 127 738 cum
148 676 406 762 primopnominis
429 679 476 742 sui
501 679 629 763 martyri
662 678 819 760 Stephano
852 680 936 744 uelut
957 680 989 744 in
1012 680 1200 760 primoribus

74 778 122 842 reli
143 780 172 844 in
196 799 361 845 occursum
384 803 402 845 a
425 784 482 847 deo
505 790 592 864 patre
616 785 802 849 descensum
825 785 873 850 sit.
895 785 1015 849 uisitari
1038 785 1144 868 itaque
1167 784 1199 847 in

74 885 184 951 eccunu'
201 907 258 952 suo
282 906 391 952 omnes
414 895 523 970 gentes
557 894 700 967 precatur
734 889 906 952 seeundum
941 886 1197 971 ittud:'†²neque
1240 916 1252 951 s

76 990 157 1054 enim
181 991 295 1055 misit
319 992 417 1057 deus
441 991 577 1056 silium
600 1012 713 1057 suum
737 993 774 1055 in
800 991 905 1058 hunc
941 994 1137 1070 mundum,
1159 1001 1201 1057 ut

78 1091 207 1160 iudicet
241 1096 438 1172 muudum,
480 1099 549 1161 sed
583 1104 624 1160 ut
659 1096 800 1180 saluus
835 1097 912 1161 fiat
935 1099 1106 1162 mundus
1130 1117 1200 1177 per

79 1195 191 1274 ipsum.
238 1199 426 1265 descensum
449 1220 584 1282 namque
606 1201 672 1265 cius
688 1201 861 1266 incernam
878 1208 908 1266 et
924 1222 960 1265 ex
977 1201 1077 1266 Maria
1091 1201 1199 1265 nartiui-

80 1307 150 1366 tatem
171 1303 310 1368 laetantes
332 1304 435 1387 angeli
461 1317 491 1369 et
515 1311 653 1384 patentes
688 1305 754 1369 caeli
786 1304 1023 1371 honoreuerunt.
1069 1326 1129 1369 non
1153 1305 1197 1369 in·

82 1405 174 1478 nudem
210 1427 287 1491 ergo
326 1406 393 1472 hac
427 1429 574 1474 occursus
607 1410 653 1473 sui
688 1410 785 1474 oratio
820 1418 876 1486 est,
910 1411 957 1475 cui
992 1411 1032 1474 ad
1065 1408 1198 1474 salutem
1227 1433 1251 1468 ιο

86 1509 203 1588 gentium,
226 1511 315 1577 sicuti
340 1523 371 1578 et
386 1512 505 1593 psalmo
521 1513 580 1577 alio
597 1522 627 1578 et
643 1513 809 1593 apostolico
825 1514 1000 1578 testimonio
1016 1513 1198 1587 continetur,

86 1612 258 1699 primogenito
289 1637 325 1681 ex
356 1617 485 1682 mortuis
518 1637 579 1681 uox
613 1619 803 1682 occurrentis
836 1618 901 1682 boec
936 1618 1043 1683 suerit:
1082 1618 1198 1682 silius

88 1731 225 1785 nreuses
249 1729 298 1798 tu,
322 1742 394 1805 ego
425 1720 545 1786 hodie
580 1722 701 1805 genui
733 1729 777 1786 te.
823 1720 903 1787 hauc
927 1723 1028 1805 itaque
1051 1741 1197 1786 occursus

89 1818 122 1880 sui
137 1823 386 1907 significationem
416 1824 577 1890 uisitnudis
610 1825 642 1888 in
676 1845 710 1889 se
732 1826 878 1910 gentibus
909 1827 1100 1907 deprecatur,
1135 1846 1197 1890 non

10 1970 12 2001 ÷
89 1928 165 1990 brnen
178 1930 280 1994 iudicii
304 1929 468 1994 seueritate
488 1931 653 2010 praeterite,
669 1950 740 1994 curn
756 1931 1026 1996 misericordia-ab
1044 1931 1195 1995 omnibns.
1226 1952 1249 1987 u

90 2025 126 2103 qui
144 2029 327 2116 iniquitatem
361 2041 533 2113 operantur,
558 2035 720 2098 auertitur:
756 2034 900 2099 omuibus
935 2036 1063 2118 quidem
1096 2036 1127 2099 in
1151 2054 1195 2109 eo,

89 2129 140 2206 quie
156 2157 219 2201 caro
243 2138 343 2203 sactus
366 2146 422 2213 eet,
446 2138 591 2222 gentibus
617 2139 755 2215 uisitatis,
780 2140 836 2202 sed
859 2158 948 2222 aeque
972 2140 1116 2203 omnibus
1140 2139 1197 2203 ini·

88 2249 132 2313 qus
147 2243 336 2321 operantibus
358 2242 508 2307 iudicatis.

120 2338 139 2402 ἶ.
157 2345 316 2413 interiecto
340 2347 425 2411 enim
448 2347 628 2428 diapsalma.
660 2366 730 2430 quae
752 2348 942 2428 impietatem
966 2347 1068 2428 popuii
1093 2361 1197 2412 essent

86 2462 211 2523 mansne.
234 2451 381 2516 declarat
417 2471 647 2534 mennamque
669 2459 699 2516 et
720 2451 828 2535 tempii
852 2452 1000 2517 desolatio
1016 2463 1046 2517 et
1062 2453 1196 2516 ciuitatis
1224 2470 1248 2506 ²⁰

83 2555 179 2620 euersis
200 2567 230 2621 et
251 2557 335 2637 ipsos
358 2556 427 2620 iilos
450 2557 613 2636 captiuites
637 2567 799 2621 consecuta
812 2562 868 2624 est.
914 2556 1099 2640 quinetiam
1116 2576 1197 2620 nunc

77 2653 200 2737 Ingressu
222 2660 353 2725 ciuitatis
376 2661 517 2726 eiusdem
541 2661 640 2726 edicto
675 2661 796 2725 romani
831 2662 914 2745 regis
937 2660 1122 2725 inhibentur.
1168 2668 1198 2724 et

73 2779 132 2825 cnm
148 2764 265 2830 deserta
281 2773 459 2830 sanctorum
475 2774 583 2830 sancta
598 2778 629 2830 et
644 2765 824 2849 prophetias
838 2765 929 2830 silere
945 2770 976 2829 et
992 2764 1197 2845 placationum

65 2867 173 2933 hostias
209 2870 318 2935 deesse
352 2876 384 2935 et
417 2870 601 2953 dignitatern
635 2890 762 2934 omnem
797 2871 1002 2934 deformatam
1036 2869 1197 2934 ministerii

60 2973 170 3039 ienitici
203 2975 414 3050 recordantur,
448 2975 590 3039 conuersi
625 2995 706 3039 nunc
731 2982 760 3039 et
783 2974 864 3040 farne
899 2974 985 3039 uerbi
1010 2974 1058 3039 dei
1083 2981 1114 3039 et
1135 2973 1197 3038 cibi
1225 2987 1250 3025 π

58 3078 201 3144 salutaris
225 3078 337 3143 adfecti
362 3078 402 3142 nd
424 3078 572 3144 solacium
596 3079 795 3159 praesentiunt
819 3079 1014 3143 miserarium
1038 3078 1199 3143 circumire

95 3222 113 3273 5
134 3218 190 3271 ron.
210 3219 256 3285 rn,
276 3221 318 3272 rr.
357 3220 388 3271 12
406 3219 450 3271 ns,
471 3219 504 3284 n,
524 3222 553 3284 ⁷3
574 3220 634 3271 ner.
653 3237 696 3287 ap.
715 3219 788 3282 xm,
807 3222 848 3271 as.

118 3333 147 3361 00
169 3332 185 3360 Ι

97 3382 108 3432 1
151 3391 242 3458 corsus
260 3394 328 3429 corr.
342 3393 374 3429 m.
389 3375 408 3426 2
424 3375 447 3427 i'
497 3392 531 3429 ne
550 3375 708 3443 ingressuro
726 3393 757 3427 cr
774 3392 922 3443 ngressuro
942 3394 973 3427 ιη.
993 3373 1051 3427 :W
1102 3377 1198 3426 done·

46 3487 94 3539 lor
111 3499 147 3535 a
165 3479 251 3534 tselos
262 3478 325 3533 m?
342 3480 366 3532 V
415 3485 530 3549 paterna
549 3480 655 3533 deesset
674 3478 770 3532 VBPI'
786 3484 901 3546 paterna
914 3478 948 3532 de
961 3479 1037 3532 eaelo
1057 3479 1163 3531 deesset
1175 3479 1202 3530 E

41 3567 256 3638 aprimoribns
275 3567 338 3629 (om.
358 3568 400 3633 iu)
429 3568 450 3619 i'
466 3567 495 3619 iu
520 3566 658 3634 prioribus
678 3566 703 3617 n
756 3567 887 3634 egentes
906 3584 955 3618 «nn.
976 3566 1000 3617 n
1052 3574 1201 3633 praecatur

51 3657 104 3710 Vir
161 3655 228 3707 6ᾶέ
246 3674 277 3708 α
295 3649 325 3708 di
344 3674 376 3706 m.
396 3657 416 3706 2
439 3655 464 3707 V
515 3657 599 3721 'iper
617 3669 680 3706 curn
699 3653 803 3704 nm
856 3655 888 3706 10
905 3667 1092 3720 occursusque
1110 3651 1199 3704 oratio

55 3745 79 3794 Γ
95 3758 233 3796 occursus
251 3742 340 3795 oratio
359 3742 409 3794 1⁷1*
463 3743 495 3795 11
514 3739 708 3809 psalmogeniti
738 3741 838 3792 uocibus
866 3738 920 3791 alio
940 3766 972 3775 -
992 3739 1081 3807 primo
1101 3739 1199 3791 oririssis

46 3832 95 3885 12¹.
117 3829 307 3897 primogenito
326 3848 356 3882 es
373 3827 569 3898 psalmogeniti
588 3845 654 3879 corr.
673 3845 741 3879 muri.
761 3844 809 3879 rec.
866 3828 898 3879 ln
916 3825 1000 3879 suerit
1018 3823 1060 3890 ier
1078 3823 1155 3889 cros.)
1175 3823 1200 3875 R

48 3923 83 3973 14
102 3917 290 3984 depraecetur
319 3916 367 3968 VR
421 3918 453 3970 17
473 3931 561 3983 nequo
584 3915 609 3966 n
663 3915 695 3967 19
713 3913 742 3965 in
769 3913 940 3981 impietatem
971 3912 996 3962 Ε
1022 3910 1149 3979 impietas
1177 3910 1203 3961 P

45 4012 128 4061 esses
143 4003 209 4054 ’ΞΡ
257 4005 293 4055 20
310 4007 339 4057 et
357 4001 479 4056 ciuitatis
506 4020 536 4055 ea
563 4001 685 4054 ciuitatis
711 3998 782 4053 sn?
808 4000 830 4051 i'
880 4001 911 4051 21
933 3999 1041 4052 euersio
1060 4024 1093 4033 -
1113 3997 1201 4066 capti·

47 4095 126 4147 nitu
146 4093 173 4140 ir·
193 4108 274 4158 ΜΨ.
292 4090 342 4157 ins.
370 4091 431 4143 add.
459 4108 491 4144 m.
511 4087 531 4141 2
555 4089 580 4143 V
629 4089 664 4142 22
682 4088 742 4141 eins
768 4088 788 4139 V
839 4089 873 4140 23
891 4085 1024 4153 profetiss
1041 4085 1063 4136 V
1064 4085 1088 4135 11
1141 4084 1201 4153 pla·

45 4179 198 4233 cationum
215 4174 324 4242 (omes)
349 4176 372 4228 V
421 4177 455 4229 26
473 4175 643 4231 leuuiticiV
693 4172 941 4239 seminaretis
991 4174 1025 4226 26
1043 4168 1201 4238 praesentiri

45 4266 77 4333 (ἦ
98 4269 127 4318 in
149 4282 202 4315 ras.
220 4262 294 4314 3-4
312 4265 373 4325 tin.)
393 4264 425 4315 R.
