2790 4844
218 243 282 309 604
557 246 674 298 sancti
698 245 832 298 Hilarii
856 245 1016 313 episcopi

218 453 424 516 nempe,quas
436 432 513 498 solui
526 432 677 516 propheta
689 434 807 497 monuit
818 435 942 498 dicens:
963 454 1037 498 non
1061 434 1142 499 tale
1164 435 1356 499 ieiunium

218 538 336 622 elegi,
360 537 463 602 dicit
486 537 685 616 dominus;
710 539 780 603 sed
804 536 916 602 solue
938 557 1049 603 omne
1066 538 1275 604 uinculum
1296 539 1357 603 ini·

218 642 402 726 quitatis,
427 640 610 706 dissolue
634 641 915 726 obligationes
939 641 1246 709 uehementium
1270 663 1356 709 coru·

219 746 494 811 mutationum.
539 745 565 809 si
590 745 659 828 quis
682 765 757 830 ergo
781 766 815 810 se
837 767 855 810 a
878 748 1040 830 praeceptis
1063 747 1113 812 dei
1137 748 1302 814 declinans
1316 747 1356 812 bis

177 867 191 907 ὁ
220 849 458 934 obligationibus
488 848 698 933 conligauerit,
730 850 899 915 adducetur
928 870 996 915 eum
1027 853 1231 932 operantibus
1255 852 1355 935 iniqui·

218 959 323 1030 tatem,
358 953 389 1017 iu
424 955 554 1018 eandem
590 953 709 1018 scilicet
742 954 903 1019 sententiaa
936 973 1059 1035 poeuaur
1094 963 1354 1040 transgressore

139 1092 142 1099 ·
221 1058 321 1122 inicus
352 1057 479 1123 lutums.
526 1057 575 1139 qui
608 1057 689 1121 euim
721 1065 865 1138 operatur
893 1058 1100 1142 iniquitatem,
1131 1059 1213 1144 legis
1247 1060 1353 1126 alienus

219 1166 279 1226 est:
315 1161 365 1245 qui
396 1167 498 1226 autem
530 1159 664 1225 declinat
694 1181 731 1225 es
754 1160 834 1245 lege,
866 1160 980 1246 legem,
1005 1163 1034 1226 in
1059 1182 1120 1246 qua
1143 1165 1261 1229 mansit
1283 1180 1352 1229 aura

218 1266 452 1350 transgreditur.

164 1489 190 1526 10
263 1472 312 1539 10.
344 1473 414 1538 Non
453 1473 672 1538 declinandum
710 1473 803 1557 igitur
840 1473 878 1536 ad
917 1472 1120 1558 obligationes
1159 1481 1223 1552 est;
1262 1495 1352 1560 neque

216 1576 343 1643 libertas
373 1585 480 1642 nostra
509 1589 556 1641 est
585 1577 714 1641 nexibus
745 1573 849 1642 saculi
874 1587 904 1642 et
928 1576 1130 1642 mundialium
1166 1581 1350 1664 negotiorum

218 1681 349 1746 uinculis
382 1681 555 1746 inserenda.
602 1683 686 1745 nouit
724 1680 837 1745 Paulus
871 1680 980 1745 beatus
1018 1682 1133 1747 solutos
1172 1683 1262 1768 ligari
1298 1703 1348 1747 uon

219 1791 371 1866 oportere,
387 1806 458 1850 cum
475 1786 564 1850 dicit:
588 1785 748 1850 solutus
772 1806 811 1849 es
836 1784 881 1848 ab
905 1786 1153 1852 uxore?noli
1177 1805 1346 1871 quaerere

216 1889 472 1972 ligationem.
518 1898 548 1955 et
571 1889 628 1954 boc
652 1910 712 1954 uon
745 1893 783 1954 de
818 1889 984 1955 criminoso
1018 1890 1140 1955 uinculo
1176 1891 1345 1957 necessaria

164 2005 189 2043 1⁵
217 1992 374 2076 ligationis
407 1994 450 2058 ita
483 1995 587 2058 sensit.
632 2001 768 2059 ceterum
803 2002 873 2058 sunt
907 1995 966 2058 alia
999 1995 1131 2067 uincula,
1164 2016 1233 2079 quae
1262 1995 1341 2059 fidem

214 2105 352 2162 nostram
387 2097 559 2179 impediunt
604 2104 635 2162 et
669 2098 808 2182 obligant
848 2098 969 2181 sibique
1002 2106 1180 2164 conectunt:
1227 2099 1338 2164 mariue

215 2204 367 2286 augendae
403 2202 540 2282 pecuniae
577 2201 663 2266 labor
701 2215 731 2265 et
768 2202 947 2285 negotiandi
984 2202 1156 2268 insincerus
1193 2203 1334 2286 profectus.

217 2305 284 2370 haec
315 2307 398 2372 enim
429 2306 471 2370 ita
505 2307 644 2389 obligent
677 2307 821 2385 peccatis,
857 2308 1065 2378 sacramentis.
1100 2307 1293 2382 commerciis,
1311 2307 1331 2365 ut

217 2411 276 2474 sibi
310 2431 367 2475 nos
401 2421 505 2491 captos
540 2430 763 2494 possessosque
799 2411 965 2475 detineant.
1011 2410 1049 2474 ab
1073 2410 1124 2476 his
1149 2432 1223 2496 ergo
1254 2406 1328 2474 orouis

163 2530 189 2570 ὀ
218 2534 315 2589 mens,
345 2514 495 2589 uoluntas
527 2517 660 2580 studium
691 2515 872 2580 soluendum
905 2531 959 2583 est.
991 2517 1064 2597 quia
1095 2505 1324 2582 declinantessd

215 2619 418 2702 obligationes
442 2639 501 2682 uua
525 2621 719 2684 adducentur
741 2640 811 2683 curn
835 2620 1031 2703 operantibus
1054 2620 1252 2704 iniquitatem.

260 2827 308 2890 11.
334 2826 400 2891 Erit
422 2834 524 2891 autem
552 2826 669 2891 israhel
689 2827 836 2907 pacificus
859 2846 919 2890 uon
937 2826 1083 2892 derelicta
1106 2847 1201 2908 super
1218 2847 1248 2891 se
1260 2823 1320 2898 uirgt

215 2931 403 3010 peccatoris:
438 2931 546 2994 sedin
571 2931 633 2995 fide
656 2931 794 3011 perlecto
817 2951 852 2995 ac
875 2951 930 3011 spe
952 2937 1068 2995 aeterna
1091 2951 1220 2998 manens
1248 2921 1320 3035 audiri

215 3055 269 3116 pro
287 3035 426 3114 portione
443 3034 501 3098 sibi
518 3035 594 3099 dici:
619 3056 692 3115 pax
716 3055 835 3117 super
860 3033 1032 3100 Israhel.
1071 3034 1144 3101 ille
1169 3042 1226 3101 est
1245 3036 1318 3097 enlm
1381 3104 1384 3111 Ι

258 3247 268 3296 r
291 3244 362 3296 usai.
381 3243 479 3309 auur,
498 3244 522 3295 a.
562 3247 592 3297 re
612 3245 623 3296 1
642 3243 702 3296 eor.
721 3247 745 3309 r,
764 3245 806 3297 er.
842 3246 877 3297 aa
896 3243 997 3312 spuet.
1016 3245 1049 3307 11,
1071 3248 1110 3297 14.

255 3435 363 3503 Relegi
391 3433 459 3487 dicit
486 3434 612 3486 dominus
641 3433 722 3498 (iaxta
747 3433 832 3500 LXX)
861 3435 887 3486 P
911 3435 994 3503 elegit
1023 3434 1152 3489 domiuus
1180 3436 1217 3490 Re
1265 3425 1320 3512 ΜΨ
1374 3454 1380 3483 ε

213 3523 355 3575 uinculum
381 3522 407 3573 P
428 3537 538 3573 omnem
565 3521 668 3573 nodum
695 3527 774 3573 tuum
794 3524 819 3573 R
873 3521 998 3589 linique
1027 3523 1052 3574 R
1078 3522 1233 3590 iniquusP
1274 3513 1321 3600 ΙΨ
1376 3521 1381 3555 ·’

213 3611 318 3662 alienus
338 3615 380 3662 est
405 3609 451 3660 VR
471 3608 519 3677 (ιγ’.
539 3611 669 3677 iuter-poet.
688 3611 725 3659 od
742 3611 806 3661 Sall.
827 3609 883 3660 t'ar.
903 3608 946 3666 ro.
965 3609 998 3674 ὁ)
1021 3609 1057 3662 ab
1074 3610 1262 3662 obseruatione
1276 3601 1322 3665 lli¹¹

212 3696 318 3748 alienus
332 3702 372 3748 est
386 3696 438 3747 PE
489 3697 506 3748 8
524 3695 613 3762 legem
633 3696 661 3746 in
681 3712 734 3762 qua
752 3694 853 3746 mansit
872 3701 935 3747 ante
953 3694 1164 3760 transgreditur
1173 3695 1249 3749 RPE
1262 3698 1325 3746 trini·

212 3799 322 3850 grassor
340 3788 381 3835 est
400 3782 469 3850 legis
499 3782 520 3831 l'
590 3784 620 3834 ll
640 3782 794 3834 mundialirl
813 3781 880 3839 teliu
898 3784 925 3832 in
942 3799 1009 3833 uera.
1029 3792 1132 3834 uerrere
1151 3785 1211 3836 odd.
1230 3801 1261 3834 m.
1278 3767 1328 3843 ΗΚ

210 3880 268 3937 post
286 3868 468 3921 mundialium
495 3870 524 3920 in
547 3887 611 3920 uera.
640 3872 740 3921 ineunte
760 3869 831 3919 l-o·
851 3869 897 3920 liu.
922 3885 988 3920 eros
1008 3868 1034 3920 R
1088 3871 1121 3921 ls
1140 3869 1242 3923 Paulus
1259 3870 1331 3924 baill

213 3956 257 4006 Ra
286 3955 331 4016 (ιγ.
358 3973 440 4025 sopra
471 3954 538 4019 592,
565 3956 597 4018 6)
626 3957 722 4009 beatus
750 3955 851 4007 Paulus
884 3954 920 4006 Pe
975 3956 1007 4007 14
1040 3952 1176 4022 ligatione
1202 3960 1230 4008 in
1256 3949 1335 4008 roal'

213 4043 246 4093 16
274 4046 422 4095 conectunt
449 4042 475 4093 R
503 4041 550 4110 (rs.
579 4043 726 4095 Iborrrbucb
751 4060 778 4111 p.
806 4039 877 4106 sos)
906 4045 1076 4094 connectunt
1100 4042 1126 4093 Ρ
1178 4037 1339 4097 maximsoR

213 4128 342 4179 l9omnis
352 4144 431 4180 mens
441 4128 465 4179 R
474 4144 551 4181 meus
563 4129 614 4181 PE
657 4133 691 4181 ‘20
700 4128 870 4181 declinantes
884 4128 936 4179 Pe·
943 4127 1136 4195 obligantesR
1173 4128 1344 4199 sapeccoorl

211 4214 237 4265 R
290 4230 321 4265 ec
340 4233 370 4266 ex
386 4213 438 4266 bac
457 4214 489 4264 R.
