2790 4844
353 276 534 323 tractatus
553 270 588 322 in
606 271 778 339 psalmum
798 271 931 325 CXXXII.
1147 271 1210 340 689

110 462 138 525 6.
164 462 297 527 Additur
332 461 425 526 etiam
459 469 488 525 et
522 459 646 525 alterius
669 462 897 541 corrporatiouis
928 464 1105 545 exaequetio,
1139 482 1210 529 cum

64 567 191 631 dicitur:
227 568 334 631 sicut
363 586 429 630 ros
453 564 637 642 Hermon,
668 565 736 648 qui
768 565 986 630 descendit
1016 568 1053 631 in
1078 574 1210 632 moute

65 671 171 736 Sion.
217 691 267 735 ros
290 671 329 735 eb
346 669 483 734 Hermon
501 670 532 734 iu
549 669 621 734 Sion
638 689 699 733 nou
716 669 896 748 descendet;
921 669 1017 734 multo
1037 672 1120 735 euim
1139 693 1158 736 o
1177 693 1210 737 se

62 775 225 839 interuallo
241 774 275 839 hi
287 787 408 840 montes
421 774 537 839 diuersi
552 779 632 838 sunt.
678 793 780 857 neque
796 793 870 839 sone
883 781 992 839 notura
1005 775 1072 853 sert,
1086 782 1118 840 ut
1130 795 1211 840 rose

63 879 132 944 loco
145 880 175 944 iu
188 879 286 944 losum
298 879 486 944 descendere
500 898 591 959 posse
604 878 753 943 uideatur.
779 877 850 942 Sion
864 889 966 943 auteur
980 885 1028 944 est
1040 881 1209 945 secuudum
1250 908 1263 945 n

64 984 236 1048 doctrinam
260 982 415 1049 caelestem
440 982 578 1060 ecclesis,
608 982 658 1047 uel
688 1003 757 1067 quie
790 1002 868 1047 nune
901 989 956 1062 est,
985 983 1033 1048 uel
1058 1004 1127 1067 quae
1151 985 1211 1049 erit

63 1095 250 1165 sanctorum,
274 1108 342 1171 quse
365 1108 420 1169 per
442 1087 696 1153 resurrectionem
721 1085 962 1170 glorificatorum
986 1095 1017 1152 et
1040 1085 1209 1153 laetoutium

63 1190 246 1275 angelorum
280 1197 363 1257 coetu
397 1192 619 1274 frequentatur.
665 1189 803 1255 Hermon
837 1197 940 1255 autem
974 1212 1064 1256 mons
1098 1199 1145 1256 est
1178 1193 1210 1256 in

63 1294 222 1365 Phoenice.
246 1295 333 1360 cuius
356 1295 568 1376 interpretatio
584 1293 750 1359 anathemo
766 1304 827 1373 est;
852 1296 934 1378 quod
950 1296 1032 1360 enirn
1049 1296 1210 1362 nobiscum

63 1398 235 1465 anathemo
268 1404 470 1479 nuncupetur,
501 1399 532 1462 id
562 1397 707 1463 hebreice
738 1397 912 1463 Hermon
947 1399 1065 1465 dicitur.
1111 1401 1210 1466 fertur
1238 1426 1262 1463 ro

62 1510 167 1568 nutem
192 1504 377 1586 id‚dequo
401 1504 493 1568 etiem
517 1502 731 1567 nesciocuius
761 1501 839 1568 liber
873 1508 965 1579 extet,
995 1505 1078 1587 quod
1107 1504 1210 1584 angeli

62 1609 316 1688 concupiscentes
339 1606 418 1671 filies
442 1606 614 1684 homiuum,
645 1626 715 1671 curu
747 1607 785 1671 de
816 1606 890 1672 caele
921 1607 1154 1686 descenderent,
1177 1609 1209 1673 in

60 1711 148 1777 huuc
171 1717 309 1776 montem
331 1711 467 1775 maxime
490 1710 644 1775 excelsum
670 1710 878 1775 conuenerint.
925 1713 979 1776 sod
999 1709 1067 1776 haec
1083 1719 1209 1792 praetsr-

60 1818 233 1881 mittamus.
279 1836 347 1899 quse
370 1815 453 1879 euim
477 1813 555 1879 libro
578 1813 657 1898 legis
681 1834 741 1877 uon
765 1814 969 1891 continentur,
993 1836 1030 1880 ee
1044 1834 1102 1880 uec
1120 1835 1210 1881 nosse

59 1919 230 1986 debemus:
255 1926 499 1984 commemorato
522 1924 625 1983 autem
649 1920 688 1982 ob
712 1919 740 1983 id
765 1925 883 1983 tentum
908 1925 987 1996 sunt,
1012 1922 1084 2003 quio
1100 1940 1155 1985 nos
1170 1920 1210 1985 de
1238 1945 1263 1982 n

57 2023 122 2090 hoc
160 2030 265 2088 moute
296 2025 346 2089 dei
376 2043 431 2105 per
460 2022 643 2104 prophetam
674 2022 824 2103 professio
855 2024 1079 2089 commonebat.
1126 2031 1208 2089 certe

56 2127 158 2193 hodie
192 2133 302 2211 gentes
336 2133 476 2193 montem
510 2126 593 2192 huuc
625 2128 754 2208 prosena
789 2127 938 2211 religione
972 2135 1157 2194 uenerantur
1180 2135 1210 2194 et

57 2233 347 2320 interpretationem
383 2232 516 2296 nominis
551 2232 606 2307 sui,
642 2231 724 2315 quod
760 2238 807 2296 est
841 2231 1014 2303 anathemo..
1052 2233 1121 2313 ipse
1156 2231 1209 2297 ille

56 2337 168 2417 impiae
191 2336 417 2417 superstitionis
439 2337 514 2400 sede
537 2342 697 2401 testentur.

104 2441 136 2504 7.
160 2439 223 2505 Ros
246 2459 319 2504 uero
350 2441 389 2505 de
420 2438 502 2504 caelis
534 2446 590 2520 est,
622 2446 652 2504 et
682 2440 762 2504 iuter
792 2441 1042 2505 benedictionum
1076 2460 1206 2506 munere
1234 2463 1260 2501 ro

57 2544 160 2627 opteri
184 2564 257 2607 eum
279 2543 488 2620 meminimus,
512 2562 582 2607 cum
608 2543 696 2608 Iseoc
720 2544 758 2607 ad
783 2542 877 2607 Iacob
900 2544 957 2607 ait:
982 2550 1019 2608 et
1042 2544 1108 2608 det
1131 2544 1207 2608 tibi

58 2650 301 2713 deusorore
324 2645 411 2712 eseli
428 2647 527 2711 eteb
544 2647 733 2711 ubertate
750 2656 868 2711 terrm
889 2646 1205 2712 multitudinem.

59 2772 137 2836 ergo
161 2752 235 2835 quis
257 2771 386 2816 munero
409 2758 439 2816 et
461 2750 693 2817 benedictiones
717 2751 775 2822 dei.
801 2751 912 2834 quibus
936 2752 1071 2833 primurn
1095 2753 1206 2829 omnis,

61 2876 133 2921 cum
163 2862 267 2920 creste
297 2861 327 2920 et
349 2855 431 2920 secte
461 2860 540 2931 sunt,
571 2855 740 2937 benedixit,
766 2861 870 2935 postea
902 2876 977 2920 uero
1012 2877 1049 2922 en
1080 2862 1205 2937 peccato

64 2960 141 3025 Adae
164 2960 196 3024 iu
219 2960 416 3024 onutlremote
440 2959 650 3034 constiterunt,
681 2971 805 3044 gratum
838 2960 896 3023 deo
928 2967 983 3038 est,
1014 2980 1050 3024 ec
1084 2980 1205 3025 rursum
1232 2982 1257 3020 ue

67 3064 97 3126 in
118 3063 368 3130 sanctificationis
391 3065 499 3129 sedem
534 3063 636 3128 redire
660 3071 751 3146 atque
782 3063 979 3128 descendere.
1025 3064 1205 3130 benedictus

107 3187 138 3240 21
159 3186 226 3241 Gen.
246 3186 358 3252 XXVII,
375 3187 418 3240 28.
501 3190 505 3197 '

110 3290 259 3344 leddetur
278 3292 304 3343 (ι’
356 3291 373 3343 2
400 3289 429 3343 in
455 3295 551 3344 monte
580 3290 605 3342 (ι’
632 3291 680 3358 (cs.
706 3290 825 3343 Sabaticr
843 3292 860 3342 l.
878 3289 913 3355 c.)
933 3291 961 3343 in
980 3298 1102 3344 montem
1131 3291 1208 3344 PTE

73 3373 89 3423 3
103 3375 245 3431 descendet
265 3377 290 3429 G
308 3376 452 3430 deseendit
464 3376 544 3429 ΡΤΕ
592 3379 611 3429 4
629 3376 732 3430 diuersi
750 3376 775 3428 P
790 3376 862 3430 dicii
876 3377 901 3427 T
912 3376 995 3430 diuisi
1007 3378 1052 3429 rE
1101 3378 1158 3430 fert
1175 3382 1207 3431 ut

75 3458 245 3531 rEierturiil
258 3462 479 3518 GferretutPY
531 3481 576 3517 ros
595 3462 689 3517 PTrE
706 3481 756 3517 uos
774 3464 808 3529 (l)
829 3466 854 3517 G
908 3464 1109 3518 5descendere
1127 3482 1208 3532 posse

75 3543 190 3605 uideatur
209 3571 224 3604 r
241 3566 387 3604 *sessione
405 3568 485 3619 posse
503 3567 632 3601 *essese*
653 3551 678 3604 G
696 3550 846 3604 descendet
865 3550 944 3602 ΠΕ
955 3561 1046 3621 postea
1064 3553 1093 3604 in
1113 3552 1138 3604 G
1156 3553 1210 3620 legi

69 3641 157 3694 W.-
168 3665 272 3674 ---
285 3642 313 3690 et
326 3638 399 3707 quod
412 3643 456 3692 est
467 3639 559 3707 potius
589 3667 600 3670 -
623 3666 638 3670 -
660 3637 802 3691 -cundum
812 3637 975 3691 doctrinam.
986 3641 1112 3707 maedam
1124 3641 1151 3692 iu
1160 3650 1207 3692 cer.

71 3712 123 3774 hdr.
132 3726 249 3777 excidisse
260 3726 386 3778 uidentur.
431 3725 601 3778 lluobiscum
610 3723 688 3790 (cum
699 3727 725 3778 io
735 3743 787 3778 rae.
798 3722 835 3790 P)
848 3723 957 3776 GPTab
967 3724 1068 3778 nobis·
1117 3726 1207 3780 101111-

67 3796 155 3864 bruce
165 3811 390 3878 chenonem,
406 3813 441 3881 cs.
454 3811 547 3880 ceorq.
558 3813 656 3878 ner,
673 3810 748 3865 2795
821 3815 852 3866 re
869 3819 974 3866 *utem
987 3840 1089 3846 ——
1102 3818 1131 3866 ee
1146 3812 1207 3866 urio

63 3910 85 3979 J
98 3918 103 3923 ·
116 3923 139 3930 ·-
147 3914 317 3967 -po--
324 3915 395 3966 quae
403 3898 429 3950 G
430 3898 500 3968 fort.
504 3909 564 3969 post
573 3899 757 3953 conuenerint
766 3902 861 3952 similia
871 3903 902 3954 iis
904 3901 1069 3971 praebuerat,
1077 3911 1208 3968 quaesunt

57 3986 83 4020 ’ἢ
98 3996 135 4035 r:
148 3991 175 4038 et
185 3985 289 4040 illicde
306 3985 546 4054 concupiscentiae
561 4003 625 4039 susc
641 3986 786 4039 desideriis
803 3987 1005 4055 disposuerunt.
1061 3989 1093 4041 15
1108 3987 1142 4041 de
1161 3987 1207 4054 Ge,

51 4069 106 4113 ‘'m-
134 4069 196 4124 Plu
249 4075 283 4126 16
298 4083 408 4127 comm
430 4073 455 4125 G
473 4074 665 4127 commonebat
683 4074 733 4126 ΙΥΓ
750 4075 943 4129 commonebat
961 4077 999 4127 ed.
1019 4074 1101 4127 Besil.
1123 4074 1206 4139 1550,

47 4136 133 4207 Par·
144 4157 281 4230 1572sorl.
291 4171 358 4214 recte
407 4162 439 4213 18
448 4160 693 4228 interpraetatione
705 4162 730 4213 G
784 4163 817 4215 19
827 4161 1002 4231 sepelitionis
1012 4180 1042 4216 ex
1052 4161 1207 4232 supstionis

40 4220 72 4271 Ρ
146 4250 277 4301 testentur
296 4246 348 4299 PT
348 4247 376 4298 E
391 4252 515 4300 certatur
533 4245 568 4312 (i)
588 4248 613 4298 G
665 4249 699 4301 25
717 4247 892 4301 anathemate
911 4267 941 4302 ex
959 4248 1098 4303 ethemote
1118 4251 1151 4302 G.

109 4357 448 4417 xmsinnureepmr.
1017 4354 1052 4406 44
