<?xml version="1.0" encoding="UTF-8"?>
<!DOCTYPE html PUBLIC "-//W3C//DTD XHTML 1.0 Transitional//EN"
    "http://www.w3.org/TR/xhtml1/DTD/xhtml1-transitional.dtd">
<html xmlns="http://www.w3.org/1999/xhtml" xml:lang="en" lang="en">
 <head>
  <title>
</title>
<meta http-equiv="Content-Type" content="text/html;charset=utf-8" />
  <meta name='ocr-system' content='tesseract 3.04.00' />
  <meta name='ocr-capabilities' content='ocr_page ocr_carea ocr_par ocr_line ocrx_word'/>
</head>
<body>
  <div class='ocr_page' id='page_1' title='image "./shilariiepiscop00hilagoog_0153.png"; bbox 0 0 2790 4844; ppageno 0'>
   <div class='ocr_carea' id='block_1_1' title="bbox 389 490 1210 561">
    <p class='ocr_par' dir='ltr' id='par_1_1' title="bbox 389 490 1210 561">
     <span class='ocr_line' id='line_1_1' title="bbox 389 490 1210 561; baseline 0.018 -17"><span class='ocrx_word' id='word_1_1' title='bbox 389 496 570 546; x_wconf 79' lang='lat' dir='ltr'><strong>tractatus</strong></span> <span class='ocrx_word' id='word_1_2' title='bbox 588 493 623 546; x_wconf 89' lang='lat' dir='ltr'><strong>in</strong></span> <span class='ocrx_word' id='word_1_3' title='bbox 642 493 813 561; x_wconf 80' lang='lat' dir='ltr'><strong>psalmum</strong></span> <span class='ocrx_word' id='word_1_4' title='bbox 832 493 891 548; x_wconf 85' lang='lat' dir='ltr'><strong>LII.</strong></span> <span class='ocrx_word' id='word_1_5' title='bbox 1151 490 1210 558; x_wconf 79' lang='lat'><strong>121</strong></span> 
     </span>
    </p>
   </div>
   <div class='ocr_carea' id='block_1_2' title="bbox 62 679 1331 2428">
    <p class='ocr_par' dir='ltr' id='par_1_2' title="bbox 62 679 1331 2428">
     <span class='ocr_line' id='line_1_2' title="bbox 110 679 1331 773; baseline 0.005 -31"><span class='ocrx_word' id='word_1_6' title='bbox 110 680 142 744; x_wconf 79' lang='grc'><strong>6.</strong></span> <span class='ocrx_word' id='word_1_7' title='bbox 170 679 238 744; x_wconf 91' lang='lat' dir='ltr'><strong>Non</strong></span> <span class='ocrx_word' id='word_1_8' title='bbox 263 689 312 744; x_wconf 92' lang='lat' dir='ltr'><strong>est</strong></span> <span class='ocrx_word' id='word_1_9' title='bbox 335 689 439 745; x_wconf 89' lang='lat' dir='ltr'><strong>autem</strong></span> <span class='ocrx_word' id='word_1_10' title='bbox 462 679 554 746; x_wconf 83' lang='lat' dir='ltr'><strong>facile</strong></span> <span class='ocrx_word' id='word_1_11' title='bbox 577 680 661 757; x_wconf 88' lang='lat' dir='ltr'><strong>illud,</strong></span> <span class='ocrx_word' id='word_1_12' title='bbox 684 682 722 746; x_wconf 90' lang='lat' dir='ltr'><strong>ob</strong></span> <span class='ocrx_word' id='word_1_13' title='bbox 746 684 830 766; x_wconf 90' lang='lat' dir='ltr'><strong>quod</strong></span> <span class='ocrx_word' id='word_1_14' title='bbox 853 684 929 748; x_wconf 90' lang='lat' dir='ltr'><strong>deus</strong></span> <span class='ocrx_word' id='word_1_15' title='bbox 952 685 1128 765; x_wconf 77' lang='lat' dir='ltr'><strong>prospicere</strong></span> <span class='ocrx_word' id='word_1_16' title='bbox 1145 684 1213 769; x_wconf 90' lang='lat' dir='ltr'><strong>dig·</strong></span> <span class='ocrx_word' id='word_1_17' title='bbox 1328 767 1331 773; x_wconf 25' lang='grc' dir='ltr'>Ι</span> 
     </span>
     <span class='ocr_line' id='line_1_3' title="bbox 62 785 1214 870; baseline 0.004 -22"><span class='ocrx_word' id='word_1_18' title='bbox 62 794 169 861; x_wconf 86' lang='lat' dir='ltr'><strong>natur,</strong></span> <span class='ocrx_word' id='word_1_19' title='bbox 187 794 222 849; x_wconf 88' lang='lat' dir='ltr'><strong>ut</strong></span> <span class='ocrx_word' id='word_1_20' title='bbox 236 785 357 850; x_wconf 80' lang='lat' dir='ltr'><strong>uideat:</strong></span> <span class='ocrx_word' id='word_1_21' title='bbox 380 805 595 870; x_wconf 89' lang='lat' dir='ltr'><strong>magnumque</strong></span> <span class='ocrx_word' id='word_1_22' title='bbox 617 794 666 851; x_wconf 91' lang='lat' dir='ltr'><strong>est</strong></span> <span class='ocrx_word' id='word_1_23' title='bbox 687 785 771 861; x_wconf 88' lang='lat' dir='ltr'><strong>illud,</strong></span> <span class='ocrx_word' id='word_1_24' title='bbox 787 788 870 870; x_wconf 90' lang='lat' dir='ltr'><strong>quod</strong></span> <span class='ocrx_word' id='word_1_25' title='bbox 885 793 949 851; x_wconf 87' lang='lat' dir='ltr'><strong>tam</strong></span> <span class='ocrx_word' id='word_1_26' title='bbox 965 788 1109 866; x_wconf 89' lang='lat' dir='ltr'><strong>studiose,</strong></span> <span class='ocrx_word' id='word_1_27' title='bbox 1126 808 1165 852; x_wconf 91' lang='lat' dir='ltr'><strong>an</strong></span> <span class='ocrx_word' id='word_1_28' title='bbox 1181 789 1214 853; x_wconf 91' lang='lat' dir='ltr'><strong>in</strong></span> 
     </span>
     <span class='ocr_line' id='line_1_4' title="bbox 64 889 1213 979; baseline 0.005 -27"><span class='ocrx_word' id='word_1_29' title='bbox 64 889 175 972; x_wconf 88' lang='lat' dir='ltr'><strong>aliquo</strong></span> <span class='ocrx_word' id='word_1_30' title='bbox 197 889 326 979; x_wconf 87' lang='lat' dir='ltr'><strong>reperiri</strong></span> <span class='ocrx_word' id='word_1_31' title='bbox 350 890 455 969; x_wconf 79' lang='lat' dir='ltr'>possit,</span> <span class='ocrx_word' id='word_1_32' title='bbox 489 890 659 970; x_wconf 80' lang='lat' dir='ltr'><strong>inspicitur.</strong></span> <span class='ocrx_word' id='word_1_33' title='bbox 705 891 852 971; x_wconf 82' lang='lat' dir='ltr'><strong>prospicit</strong></span> <span class='ocrx_word' id='word_1_34' title='bbox 875 892 959 956; x_wconf 91' lang='lat' dir='ltr'><strong>enim</strong></span> <span class='ocrx_word' id='word_1_35' title='bbox 982 913 1000 955; x_wconf 92' lang='lat' dir='ltr'><strong>e</strong></span> <span class='ocrx_word' id='word_1_36' title='bbox 1023 890 1097 956; x_wconf 81' lang='lat' dir='ltr'><strong>caelo</strong></span> <span class='ocrx_word' id='word_1_37' title='bbox 1128 892 1213 970; x_wconf 88' lang='lat' dir='ltr'><strong>deus,</strong></span> 
     </span>
     <span class='ocr_line' id='line_1_5' title="bbox 64 993 1213 1080; baseline 0.003 -24"><span class='ocrx_word' id='word_1_38' title='bbox 64 1001 101 1057; x_wconf 92' lang='lat' dir='ltr'><strong>ut</strong></span> <span class='ocrx_word' id='word_1_39' title='bbox 135 993 248 1069; x_wconf 89' lang='lat' dir='ltr'><strong>uideat,</strong></span> <span class='ocrx_word' id='word_1_40' title='bbox 272 1013 310 1056; x_wconf 92' lang='lat' dir='ltr'><strong>an</strong></span> <span class='ocrx_word' id='word_1_41' title='bbox 347 1015 381 1058; x_wconf 94' lang='lat' dir='ltr'><strong>se</strong></span> <span class='ocrx_word' id='word_1_42' title='bbox 415 994 581 1078; x_wconf 89' lang='lat' dir='ltr'><strong>quisquam</strong></span> <span class='ocrx_word' id='word_1_43' title='bbox 620 993 782 1059; x_wconf 91' lang='lat' dir='ltr'><strong>hominum</strong></span> <span class='ocrx_word' id='word_1_44' title='bbox 816 993 1031 1080; x_wconf 80' lang='lat' dir='ltr'><strong>intellegenter</strong></span> <span class='ocrx_word' id='word_1_45' title='bbox 1064 996 1213 1079; x_wconf 85' lang='lat' dir='ltr'><strong>exquirat.</strong></span> 
     </span>
     <span class='ocr_line' id='line_1_6' title="bbox 64 1097 1267 1183; baseline 0.002 -21"><span class='ocrx_word' id='word_1_46' title='bbox 64 1105 198 1180; x_wconf 87' lang='lat' dir='ltr'><strong>quot-um</strong></span> <span class='ocrx_word' id='word_1_47' title='bbox 223 1098 305 1161; x_wconf 90' lang='lat' dir='ltr'><strong>enirn</strong></span> <span class='ocrx_word' id='word_1_48' title='bbox 329 1118 485 1181; x_wconf 84' lang='lat' dir='ltr'><strong>quemque</strong></span> <span class='ocrx_word' id='word_1_49' title='bbox 509 1097 671 1163; x_wconf 90' lang='lat' dir='ltr'><strong>hominum</strong></span> <span class='ocrx_word' id='word_1_50' title='bbox 695 1099 844 1177; x_wconf 90' lang='lat' dir='ltr'><strong>inuenies,</strong></span> <span class='ocrx_word' id='word_1_51' title='bbox 875 1100 928 1183; x_wconf 93' lang='lat' dir='ltr'><strong>qui</strong></span> <span class='ocrx_word' id='word_1_52' title='bbox 952 1099 1122 1164; x_wconf 88' lang='lat' dir='ltr'><strong>secundum</strong></span> <span class='ocrx_word' id='word_1_53' title='bbox 1146 1118 1214 1180; x_wconf 91' lang='lat' dir='ltr'><strong>per·</strong></span> <span class='ocrx_word' id='word_1_54' title='bbox 1254 1128 1267 1164; x_wconf 75' lang='lat' dir='ltr'><strong>a</strong></span> 
     </span>
     <span class='ocr_line' id='line_1_7' title="bbox 65 1200 1214 1286; baseline 0.004 -22"><span class='ocrx_word' id='word_1_55' title='bbox 65 1203 184 1265; x_wconf 81' lang='lat' dir='ltr'><strong>tectam</strong></span> <span class='ocrx_word' id='word_1_56' title='bbox 207 1200 448 1286; x_wconf 87' lang='lat' dir='ltr'><strong>intellegentiam</strong></span> <span class='ocrx_word' id='word_1_57' title='bbox 473 1204 565 1267; x_wconf 84' lang='lat' dir='ltr'><strong>deum</strong></span> <span class='ocrx_word' id='word_1_58' title='bbox 584 1201 659 1268; x_wconf 91' lang='lat' dir='ltr'><strong>uelit</strong></span> <span class='ocrx_word' id='word_1_59' title='bbox 673 1203 859 1286; x_wconf 81' lang='lat' dir='ltr'><strong>exquirere?</strong></span> <span class='ocrx_word' id='word_1_60' title='bbox 882 1203 936 1286; x_wconf 94' lang='lat' dir='ltr'><strong>qui</strong></span> <span class='ocrx_word' id='word_1_61' title='bbox 951 1204 1087 1284; x_wconf 90' lang='lat' dir='ltr'><strong>primum</strong></span> <span class='ocrx_word' id='word_1_62' title='bbox 1102 1222 1214 1269; x_wconf 86' lang='lat' dir='ltr'><strong>causas</strong></span> 
     </span>
     <span class='ocr_line' id='line_1_8' title="bbox 64 1306 1213 1391; baseline 0.002 -21"><span class='ocrx_word' id='word_1_63' title='bbox 64 1314 282 1370; x_wconf 87' lang='lat' dir='ltr'><strong>ereaturarum</strong></span> <span class='ocrx_word' id='word_1_64' title='bbox 318 1316 347 1370; x_wconf 87' lang='lat' dir='ltr'><strong>et</strong></span> <span class='ocrx_word' id='word_1_65' title='bbox 370 1306 482 1371; x_wconf 86' lang='lat' dir='ltr'><strong>dehinc</strong></span> <span class='ocrx_word' id='word_1_66' title='bbox 506 1307 753 1373; x_wconf 89' lang='lat' dir='ltr'><strong>constitutionem</strong></span> <span class='ocrx_word' id='word_1_67' title='bbox 777 1307 905 1372; x_wconf 92' lang='lat' dir='ltr'><strong>humani</strong></span> <span class='ocrx_word' id='word_1_68' title='bbox 929 1308 1055 1391; x_wconf 84' lang='lat' dir='ltr'><strong>generis</strong></span> <span class='ocrx_word' id='word_1_69' title='bbox 1077 1313 1213 1387; x_wconf 86' lang='lat' dir='ltr'><strong>pertrac-</strong></span> 
     </span>
     <span class='ocr_line' id='line_1_9' title="bbox 65 1410 1214 1495; baseline 0.001 -21"><span class='ocrx_word' id='word_1_70' title='bbox 65 1420 139 1474; x_wconf 87' lang='lat' dir='ltr'><strong>tans</strong></span> <span class='ocrx_word' id='word_1_71' title='bbox 164 1430 218 1489; x_wconf 89' lang='lat' dir='ltr'><strong>per</strong></span> <span class='ocrx_word' id='word_1_72' title='bbox 240 1411 391 1475; x_wconf 89' lang='lat' dir='ltr'><strong>rationem</strong></span> <span class='ocrx_word' id='word_1_73' title='bbox 425 1410 643 1495; x_wconf 79' lang='lat' dir='ltr'><strong>intellegentiae</strong></span> <span class='ocrx_word' id='word_1_74' title='bbox 678 1418 834 1477; x_wconf 81' lang='lat' dir='ltr'><strong>auctorem</strong></span> <span class='ocrx_word' id='word_1_75' title='bbox 866 1431 901 1477; x_wconf 90' lang='lat' dir='ltr'><strong>ac</strong></span> <span class='ocrx_word' id='word_1_76' title='bbox 932 1419 1091 1491; x_wconf 89' lang='lat' dir='ltr'><strong>parentem</strong></span> <span class='ocrx_word' id='word_1_77' title='bbox 1121 1416 1214 1476; x_wconf 75' lang='lat' dir='ltr'><strong>tanta</strong></span> 
     </span>
     <span class='ocr_line' id='line_1_10' title="bbox 65 1514 1215 1598; baseline 0.004 -22"><span class='ocrx_word' id='word_1_78' title='bbox 65 1514 282 1579; x_wconf 86' lang='lat' dir='ltr'><strong>uniuersitatis</strong></span> <span class='ocrx_word' id='word_1_79' title='bbox 305 1515 469 1598; x_wconf 81' lang='lat' dir='ltr'><strong>exquirat?</strong></span> <span class='ocrx_word' id='word_1_80' title='bbox 513 1514 627 1581; x_wconf 90' lang='lat' dir='ltr'><strong>dehinc</strong></span> <span class='ocrx_word' id='word_1_81' title='bbox 649 1535 704 1580; x_wconf 81' lang='lat' dir='ltr'><strong>crrr</strong></span> <span class='ocrx_word' id='word_1_82' title='bbox 726 1517 870 1594; x_wconf 84' lang='lat' dir='ltr'><strong>mundus,</strong></span> <span class='ocrx_word' id='word_1_83' title='bbox 894 1535 950 1581; x_wconf 91' lang='lat' dir='ltr'><strong>cur</strong></span> <span class='ocrx_word' id='word_1_84' title='bbox 979 1514 1129 1593; x_wconf 90' lang='lat' dir='ltr'><strong>homines,</strong></span> <span class='ocrx_word' id='word_1_85' title='bbox 1160 1534 1215 1581; x_wconf 92' lang='lat' dir='ltr'><strong>cur</strong></span> 
     </span>
     <span class='ocr_line' id='line_1_11' title="bbox 66 1617 1267 1699; baseline 0.001 -18"><span class='ocrx_word' id='word_1_86' title='bbox 66 1617 177 1682; x_wconf 82' lang='lat' dir='ltr'><strong>saeculi</strong></span> <span class='ocrx_word' id='word_1_87' title='bbox 200 1627 356 1698; x_wconf 82' lang='lat' dir='ltr'><strong>tempora3</strong></span> <span class='ocrx_word' id='word_1_88' title='bbox 379 1639 434 1684; x_wconf 92' lang='lat' dir='ltr'><strong>cur</strong></span> <span class='ocrx_word' id='word_1_89' title='bbox 456 1619 635 1699; x_wconf 84' lang='lat' dir='ltr'><strong>patriarcha</strong></span> <span class='ocrx_word' id='word_1_90' title='bbox 657 1619 780 1695; x_wconf 84' lang='lat' dir='ltr'><strong>electus,</strong></span> <span class='ocrx_word' id='word_1_91' title='bbox 804 1640 860 1684; x_wconf 89' lang='lat' dir='ltr'><strong>cur</strong></span> <span class='ocrx_word' id='word_1_92' title='bbox 882 1619 930 1684; x_wconf 89' lang='lat' dir='ltr'><strong>lex</strong></span> <span class='ocrx_word' id='word_1_93' title='bbox 954 1620 1125 1695; x_wconf 84' lang='lat' dir='ltr'><strong>constituta,</strong></span> <span class='ocrx_word' id='word_1_94' title='bbox 1159 1638 1216 1685; x_wconf 90' lang='lat' dir='ltr'><strong>cur</strong></span> <span class='ocrx_word' id='word_1_95' title='bbox 1242 1646 1267 1682; x_wconf 79' lang='grc' dir='ltr'><strong>ιο</strong></span> 
     </span>
     <span class='ocr_line' id='line_1_12' title="bbox 66 1721 1214 1807; baseline 0.002 -22"><span class='ocrx_word' id='word_1_96' title='bbox 66 1721 223 1802; x_wconf 88' lang='lat' dir='ltr'><strong>propheta</strong></span> <span class='ocrx_word' id='word_1_97' title='bbox 245 1723 426 1802; x_wconf 72' lang='lat' dir='ltr'><strong>premissus</strong></span> <span class='ocrx_word' id='word_1_98' title='bbox 450 1732 480 1787; x_wconf 89' lang='lat' dir='ltr'><strong>et</strong></span> <span class='ocrx_word' id='word_1_99' title='bbox 513 1725 544 1787; x_wconf 93' lang='lat' dir='ltr'><strong>in</strong></span> <span class='ocrx_word' id='word_1_100' title='bbox 567 1743 661 1807; x_wconf 92' lang='lat' dir='ltr'><strong>quem</strong></span> <span class='ocrx_word' id='word_1_101' title='bbox 685 1723 855 1804; x_wconf 85' lang='lat' dir='ltr'><strong>proiectum</strong></span> <span class='ocrx_word' id='word_1_102' title='bbox 879 1744 1045 1789; x_wconf 87' lang='lat' dir='ltr'><strong>causarum</strong></span> <span class='ocrx_word' id='word_1_103' title='bbox 1076 1724 1214 1788; x_wconf 90' lang='lat' dir='ltr'><strong>omnium</strong></span> 
     </span>
     <span class='ocr_line' id='line_1_13' title="bbox 67 1827 1216 1912; baseline 0.005 -25"><span class='ocrx_word' id='word_1_104' title='bbox 67 1827 159 1910; x_wconf 86' lang='lat' dir='ltr'><strong>origo</strong></span> <span class='ocrx_word' id='word_1_105' title='bbox 192 1828 387 1894; x_wconf 78' lang='lat' dir='ltr'><strong>constiterit-⁴?</strong></span> <span class='ocrx_word' id='word_1_106' title='bbox 440 1837 504 1892; x_wconf 91' lang='lat' dir='ltr'><strong>tum</strong></span> <span class='ocrx_word' id='word_1_107' title='bbox 539 1838 691 1909; x_wconf 72' lang='lat' dir='ltr'><strong>praeterea</strong></span> <span class='ocrx_word' id='word_1_108' title='bbox 724 1848 818 1912; x_wconf 90' lang='lat' dir='ltr'><strong>quem</strong></span> <span class='ocrx_word' id='word_1_109' title='bbox 852 1829 982 1893; x_wconf 86' lang='lat' dir='ltr'><strong>uirtutes</strong></span> <span class='ocrx_word' id='word_1_110' title='bbox 1011 1827 1156 1893; x_wconf 84' lang='lat' dir='ltr'><strong>caelornm</strong></span> <span class='ocrx_word' id='word_1_111' title='bbox 1185 1835 1216 1893; x_wconf 90' lang='lat' dir='ltr'><strong>et</strong></span> 
     </span>
     <span class='ocr_line' id='line_1_14' title="bbox 69 1930 1214 2017; baseline 0.003 -23"><span class='ocrx_word' id='word_1_112' title='bbox 69 1930 256 2015; x_wconf 85' lang='lat' dir='ltr'><strong>angelornm</strong></span> <span class='ocrx_word' id='word_1_113' title='bbox 286 1932 460 1996; x_wconf 91' lang='lat' dir='ltr'><strong>ministeria</strong></span> <span class='ocrx_word' id='word_1_114' title='bbox 489 1939 519 1997; x_wconf 93' lang='lat' dir='ltr'><strong>et</strong></span> <span class='ocrx_word' id='word_1_115' title='bbox 553 1931 812 2017; x_wconf 83' lang='lat' dir='ltr'><strong>archangelorum</strong></span> <span class='ocrx_word' id='word_1_116' title='bbox 844 1940 1010 2012; x_wconf 81' lang='lat' dir='ltr'><strong>potestates</strong></span> <span class='ocrx_word' id='word_1_117' title='bbox 1041 1938 1072 1997; x_wconf 90' lang='lat' dir='ltr'><strong>et</strong></span> <span class='ocrx_word' id='word_1_118' title='bbox 1102 1932 1214 1997; x_wconf 86' lang='lat' dir='ltr'><strong>diaboli</strong></span> 
     </span>
     <span class='ocr_line' id='line_1_15' title="bbox 68 2035 1215 2119; baseline 0.003 -21"><span class='ocrx_word' id='word_1_119' title='bbox 68 2055 204 2119; x_wconf 87' lang='lat' dir='ltr'><strong>regnum</strong></span> <span class='ocrx_word' id='word_1_120' title='bbox 229 2045 259 2099; x_wconf 89' lang='lat' dir='ltr'><strong>et</strong></span> <span class='ocrx_word' id='word_1_121' title='bbox 289 2036 388 2101; x_wconf 85' lang='lat' dir='ltr'><strong>sancti</strong></span> <span class='ocrx_word' id='word_1_122' title='bbox 412 2036 538 2116; x_wconf 87' lang='lat' dir='ltr'><strong>spiritus</strong></span> <span class='ocrx_word' id='word_1_123' title='bbox 568 2036 682 2101; x_wconf 88' lang='lat' dir='ltr'><strong>donum</strong></span> <span class='ocrx_word' id='word_1_124' title='bbox 714 2044 744 2101; x_wconf 89' lang='lat' dir='ltr'><strong>et</strong></span> <span class='ocrx_word' id='word_1_125' title='bbox 774 2038 851 2102; x_wconf 90' lang='lat' dir='ltr'><strong>deus</strong></span> <span class='ocrx_word' id='word_1_126' title='bbox 875 2057 911 2100; x_wconf 90' lang='lat' dir='ltr'><strong>ex</strong></span> <span class='ocrx_word' id='word_1_127' title='bbox 946 2037 1002 2101; x_wconf 91' lang='lat' dir='ltr'><strong>deo</strong></span> <span class='ocrx_word' id='word_1_128' title='bbox 1036 2035 1215 2118; x_wconf 89' lang='lat' dir='ltr'><strong>unigenitus</strong></span> 
     </span>
     <span class='ocr_line' id='line_1_16' title="bbox 68 2137 1268 2223; baseline -0.001 -21"><span class='ocrx_word' id='word_1_129' title='bbox 68 2140 122 2203; x_wconf 87' lang='lat' dir='ltr'><strong>dei</strong></span> <span class='ocrx_word' id='word_1_130' title='bbox 146 2137 230 2203; x_wconf 86' lang='lat' dir='ltr'><strong>filius</strong></span> <span class='ocrx_word' id='word_1_131' title='bbox 261 2139 434 2220; x_wconf 85' lang='lat' dir='ltr'><strong>profectum</strong></span> <span class='ocrx_word' id='word_1_132' title='bbox 456 2141 545 2206; x_wconf 89' lang='lat' dir='ltr'><strong>nobis</strong></span> <span class='ocrx_word' id='word_1_133' title='bbox 569 2161 606 2205; x_wconf 88' lang='lat' dir='ltr'><strong>ex</strong></span> <span class='ocrx_word' id='word_1_134' title='bbox 630 2149 691 2205; x_wconf 86' lang='lat' dir='ltr'><strong>tam</strong></span> <span class='ocrx_word' id='word_1_135' title='bbox 723 2140 829 2223; x_wconf 32' lang='lat' dir='ltr'><strong>uariis,</strong></span> <span class='ocrx_word' id='word_1_136' title='bbox 847 2139 1017 2205; x_wconf 88' lang='lat' dir='ltr'><strong>officiorum</strong></span> <span class='ocrx_word' id='word_1_137' title='bbox 1048 2140 1215 2223; x_wconf 86' lang='lat' dir='ltr'><strong>generibus</strong></span> <span class='ocrx_word' id='word_1_138' title='bbox 1244 2165 1268 2202; x_wconf 80' lang='lat' dir='ltr'><strong>n</strong></span> 
     </span>
     <span class='ocr_line' id='line_1_17' title="bbox 71 2243 1215 2329; baseline 0.002 -23"><span class='ocrx_word' id='word_1_139' title='bbox 71 2244 266 2323; x_wconf 83' lang='lat' dir='ltr'><strong>inpertiant‘?</strong></span> <span class='ocrx_word' id='word_1_140' title='bbox 290 2243 374 2309; x_wconf 90' lang='lat' dir='ltr'><strong>hunc</strong></span> <span class='ocrx_word' id='word_1_141' title='bbox 397 2264 472 2329; x_wconf 88' lang='lat' dir='ltr'><strong>ergo</strong></span> <span class='ocrx_word' id='word_1_142' title='bbox 496 2245 707 2329; x_wconf 83' lang='lat' dir='ltr'><strong>exquirentem</strong></span> <span class='ocrx_word' id='word_1_143' title='bbox 724 2264 758 2310; x_wconf 91' lang='lat' dir='ltr'><strong>se</strong></span> <span class='ocrx_word' id='word_1_144' title='bbox 774 2265 829 2325; x_wconf 91' lang='lat' dir='ltr'><strong>per</strong></span> <span class='ocrx_word' id='word_1_145' title='bbox 848 2243 1091 2329; x_wconf 87' lang='lat' dir='ltr'><strong>intellegentiam</strong></span> <span class='ocrx_word' id='word_1_146' title='bbox 1112 2244 1215 2309; x_wconf 90' lang='lat' dir='ltr'><strong>uirum</strong></span> 
     </span>
     <span class='ocr_line' id='line_1_18' title="bbox 66 2347 483 2428; baseline 0.007 -18"><span class='ocrx_word' id='word_1_147' title='bbox 66 2348 146 2412; x_wconf 85' lang='lat' dir='ltr'><strong>deus</strong></span> <span class='ocrx_word' id='word_1_148' title='bbox 170 2347 277 2412; x_wconf 88' lang='lat' dir='ltr'><strong>uidere</strong></span> <span class='ocrx_word' id='word_1_149' title='bbox 301 2356 483 2428; x_wconf 88' lang='lat' dir='ltr'><strong>prospectat.</strong></span> 
     </span>
    </p>
   </div>
   <div class='ocr_carea' id='block_1_3' title="bbox 61 2484 1272 3509">
    <p class='ocr_par' dir='ltr' id='par_1_3' title="bbox 61 2484 1272 3509">
     <span class='ocr_line' id='line_1_19' title="bbox 113 2484 1217 2572; baseline 0.003 -24"><span class='ocrx_word' id='word_1_150' title='bbox 113 2487 143 2549; x_wconf 80' lang='lat'><strong>7.</strong></span> <span class='ocrx_word' id='word_1_151' title='bbox 169 2484 226 2551; x_wconf 84' lang='lat' dir='ltr'><strong>llst</strong></span> <span class='ocrx_word' id='word_1_152' title='bbox 249 2487 331 2552; x_wconf 89' lang='lat' dir='ltr'><strong>enim</strong></span> <span class='ocrx_word' id='word_1_153' title='bbox 355 2485 575 2572; x_wconf 79' lang='lat' dir='ltr'><strong>intellegentia</strong></span> <span class='ocrx_word' id='word_1_154' title='bbox 598 2509 659 2551; x_wconf 91' lang='lat' dir='ltr'><strong>non</strong></span> <span class='ocrx_word' id='word_1_155' title='bbox 690 2488 838 2571; x_wconf 83' lang='lat' dir='ltr'><strong>exiguum</strong></span> <span class='ocrx_word' id='word_1_156' title='bbox 868 2487 1022 2564; x_wconf 86' lang='lat' dir='ltr'><strong>meritum,</strong></span> <span class='ocrx_word' id='word_1_157' title='bbox 1053 2485 1217 2552; x_wconf 87' lang='lat' dir='ltr'><strong>Salomone</strong></span> 
     </span>
     <span class='ocr_line' id='line_1_20' title="bbox 71 2589 1216 2676; baseline 0.003 -23"><span class='ocrx_word' id='word_1_158' title='bbox 71 2589 211 2655; x_wconf 84' lang='lat' dir='ltr'><strong>dicente:</strong></span> <span class='ocrx_word' id='word_1_159' title='bbox 234 2590 526 2676; x_wconf 88' lang='lat' dir='ltr'><strong>intellegentia</strong></span> <span class='ocrx_word' id='word_1_160' title='bbox 549 2593 652 2656; x_wconf 90' lang='lat' dir='ltr'><strong>enim</strong></span> <span class='ocrx_word' id='word_1_161' title='bbox 676 2593 780 2656; x_wconf 89' lang='lat' dir='ltr'><strong>bona</strong></span> <span class='ocrx_word' id='word_1_162' title='bbox 802 2590 997 2668; x_wconf 75' lang='lat' dir='ltr'><strong>omnibus</strong></span> <span class='ocrx_word' id='word_1_163' title='bbox 1019 2591 1086 2673; x_wconf 92' lang='lat' dir='ltr'><strong>qui</strong></span> <span class='ocrx_word' id='word_1_164' title='bbox 1109 2591 1216 2656; x_wconf 89' lang='lat' dir='ltr'><strong>inue-</strong></span> 
     </span>
     <span class='ocr_line' id='line_1_21' title="bbox 70 2692 1270 2777; baseline -0.002 -20"><span class='ocrx_word' id='word_1_165' title='bbox 70 2695 190 2758; x_wconf 87' lang='lat' dir='ltr'><strong>niunt</strong></span> <span class='ocrx_word' id='word_1_166' title='bbox 214 2715 309 2773; x_wconf 89' lang='lat' dir='ltr'><strong>eam;</strong></span> <span class='ocrx_word' id='word_1_167' title='bbox 341 2704 371 2760; x_wconf 87' lang='lat' dir='ltr'><strong>et</strong></span> <span class='ocrx_word' id='word_1_168' title='bbox 402 2716 525 2761; x_wconf 84' lang='lat' dir='ltr'><strong>rursum</strong></span> <span class='ocrx_word' id='word_1_169' title='bbox 556 2717 611 2777; x_wconf 92' lang='lat' dir='ltr'><strong>per</strong></span> <span class='ocrx_word' id='word_1_170' title='bbox 646 2695 739 2760; x_wconf 87' lang='lat' dir='ltr'><strong>aliurn</strong></span> <span class='ocrx_word' id='word_1_171' title='bbox 775 2694 969 2776; x_wconf 88' lang='lat' dir='ltr'><strong>prophetam:</strong></span> <span class='ocrx_word' id='word_1_172' title='bbox 1004 2692 1217 2771; x_wconf 88' lang='lat' dir='ltr'><strong>olsrahel,</strong></span> <span class='ocrx_word' id='word_1_173' title='bbox 1245 2718 1270 2755; x_wconf 79' lang='lat' dir='ltr'><strong>ro</strong></span> 
     </span>
     <span class='ocr_line' id='line_1_22' title="bbox 67 2798 1219 2884; baseline 0.001 -22"><span class='ocrx_word' id='word_1_174' title='bbox 67 2798 172 2881; x_wconf 87' lang='lat' dir='ltr'><strong>quid</strong></span> <span class='ocrx_word' id='word_1_175' title='bbox 209 2800 307 2865; x_wconf 91' lang='lat' dir='ltr'><strong>deus</strong></span> <span class='ocrx_word' id='word_1_176' title='bbox 341 2800 520 2884; x_wconf 90' lang='lat' dir='ltr'><strong>requirit</strong></span> <span class='ocrx_word' id='word_1_177' title='bbox 551 2822 569 2865; x_wconf 87' lang='lat' dir='ltr'><strong>a</strong></span> <span class='ocrx_word' id='word_1_178' title='bbox 602 2809 638 2864; x_wconf 91' lang='lat' dir='ltr'><strong>te</strong></span> <span class='ocrx_word' id='word_1_179' title='bbox 672 2800 753 2864; x_wconf 92' lang='lat' dir='ltr'><strong>nisi</strong></span> <span class='ocrx_word' id='word_1_180' title='bbox 785 2799 921 2864; x_wconf 85' lang='lat' dir='ltr'><strong>lacere</strong></span> <span class='ocrx_word' id='word_1_181' title='bbox 952 2798 1149 2863; x_wconf 90' lang='lat' dir='ltr'><strong>iudicium</strong></span> <span class='ocrx_word' id='word_1_182' title='bbox 1181 2802 1219 2863; x_wconf 89' lang='lat' dir='ltr'><strong>et</strong></span> 
     </span>
     <span class='ocr_line' id='line_1_23' title="bbox 65 2900 1218 2987; baseline -0.002 -20"><span class='ocrx_word' id='word_1_183' title='bbox 65 2900 322 2987; x_wconf 85' lang='lat' dir='ltr'><strong>intellegere</strong></span> <span class='ocrx_word' id='word_1_184' title='bbox 344 2905 480 2969; x_wconf 90' lang='lat' dir='ltr'><strong>iustiti</strong></span> <span class='ocrx_word' id='word_1_185' title='bbox 491 2902 570 2968; x_wconf 79' lang='lat' dir='ltr'><strong>am?</strong></span> <span class='ocrx_word' id='word_1_186' title='bbox 586 2904 744 2985; x_wconf 89' lang='lat' dir='ltr'><strong>proprium</strong></span> <span class='ocrx_word' id='word_1_187' title='bbox 757 2904 840 2968; x_wconf 91' lang='lat' dir='ltr'><strong>enim</strong></span> <span class='ocrx_word' id='word_1_188' title='bbox 853 2902 1063 2985; x_wconf 86' lang='lat' dir='ltr'><strong>intellegentia</strong></span> <span class='ocrx_word' id='word_1_189' title='bbox 1074 2900 1218 2966; x_wconf 82' lang='lat' dir='ltr'><strong>humana</strong></span> 
     </span>
     <span class='ocr_line' id='line_1_24' title="bbox 64 3003 1219 3087; baseline -0.002 -15"><span class='ocrx_word' id='word_1_190' title='bbox 64 3006 201 3072; x_wconf 85' lang='lat' dir='ltr'><strong>rationis</strong></span> <span class='ocrx_word' id='word_1_191' title='bbox 231 3007 368 3072; x_wconf 83' lang='lat' dir='ltr'><strong>cilicium</strong></span> <span class='ocrx_word' id='word_1_192' title='bbox 400 3016 461 3087; x_wconf 85' lang='lat' dir='ltr'><strong>est;</strong></span> <span class='ocrx_word' id='word_1_193' title='bbox 486 3009 653 3073; x_wconf 87' lang='lat' dir='ltr'><strong>etidcirco</strong></span> <span class='ocrx_word' id='word_1_194' title='bbox 683 3009 771 3073; x_wconf 92' lang='lat' dir='ltr'><strong>nobis</strong></span> <span class='ocrx_word' id='word_1_195' title='bbox 795 3016 905 3072; x_wconf 85' lang='lat' dir='ltr'><strong>natura</strong></span> <span class='ocrx_word' id='word_1_196' title='bbox 932 3007 1043 3071; x_wconf 78' lang='lat' dir='ltr'><strong>aalma</strong></span> <span class='ocrx_word' id='word_1_197' title='bbox 1073 3003 1219 3085; x_wconf 87' lang='lat' dir='ltr'><strong>spiritalis</strong></span> 
     </span>
     <span class='ocr_line' id='line_1_25' title="bbox 65 3107 1220 3197; baseline -0.002 -21"><span class='ocrx_word' id='word_1_198' title='bbox 65 3113 190 3176; x_wconf 84' lang='lat' dir='ltr'><strong>inserta</strong></span> <span class='ocrx_word' id='word_1_199' title='bbox 222 3120 275 3189; x_wconf 83' lang='lat' dir='ltr'><strong>est,</strong></span> <span class='ocrx_word' id='word_1_200' title='bbox 305 3120 340 3175; x_wconf 92' lang='lat' dir='ltr'><strong>ut</strong></span> <span class='ocrx_word' id='word_1_201' title='bbox 371 3133 425 3192; x_wconf 89' lang='lat' dir='ltr'><strong>per</strong></span> <span class='ocrx_word' id='word_1_202' title='bbox 455 3134 524 3177; x_wconf 81' lang='lat' dir='ltr'><strong>enin</strong></span> <span class='ocrx_word' id='word_1_203' title='bbox 556 3115 594 3176; x_wconf 83' lang='lat' dir='ltr'><strong>ed</strong></span> <span class='ocrx_word' id='word_1_204' title='bbox 625 3111 843 3197; x_wconf 81' lang='lat' dir='ltr'><strong>intellegentiae</strong></span> <span class='ocrx_word' id='word_1_205' title='bbox 877 3131 1013 3191; x_wconf 90' lang='lat' dir='ltr'><strong>sensum,</strong></span> <span class='ocrx_word' id='word_1_206' title='bbox 1049 3111 1102 3193; x_wconf 93' lang='lat' dir='ltr'><strong>qui</strong></span> <span class='ocrx_word' id='word_1_207' title='bbox 1136 3107 1220 3175; x_wconf 90' lang='lat' dir='ltr'><strong>solus</strong></span> 
     </span>
     <span class='ocr_line' id='line_1_26' title="bbox 63 3214 1272 3296; baseline -0.004 -16"><span class='ocrx_word' id='word_1_208' title='bbox 63 3214 202 3280; x_wconf 85' lang='lat' dir='ltr'><strong>rationis</strong></span> <span class='ocrx_word' id='word_1_209' title='bbox 232 3225 279 3281; x_wconf 89' lang='lat' dir='ltr'><strong>est</strong></span> <span class='ocrx_word' id='word_1_210' title='bbox 312 3217 476 3296; x_wconf 82' lang='lat' dir='ltr'><strong>particeps,</strong></span> <span class='ocrx_word' id='word_1_211' title='bbox 511 3218 716 3282; x_wconf 89' lang='lat' dir='ltr'><strong>tenderemus.</strong></span> <span class='ocrx_word' id='word_1_212' title='bbox 761 3217 818 3281; x_wconf 84' lang='lat' dir='ltr'><strong>sed</strong></span> <span class='ocrx_word' id='word_1_213' title='bbox 851 3215 950 3280; x_wconf 86' lang='lat' dir='ltr'><strong>obruti</strong></span> <span class='ocrx_word' id='word_1_214' title='bbox 984 3214 1067 3279; x_wconf 87' lang='lat' dir='ltr'><strong>uitiis</strong></span> <span class='ocrx_word' id='word_1_215' title='bbox 1102 3220 1133 3278; x_wconf 90' lang='lat' dir='ltr'><strong>et</strong></span> <span class='ocrx_word' id='word_1_216' title='bbox 1165 3232 1221 3294; x_wconf 91' lang='lat' dir='ltr'><strong>per</strong></span> <span class='ocrx_word' id='word_1_217' title='bbox 1248 3238 1272 3275; x_wconf 77' lang='lat' dir='ltr'><strong>a</strong></span> 
     </span>
     <span class='ocr_line' id='line_1_27' title="bbox 62 3317 1220 3404; baseline 0.001 -23"><span class='ocrx_word' id='word_1_218' title='bbox 62 3319 299 3385; x_wconf 67' lang='lat' dir='ltr'><strong>«oblectamenta</strong></span> <span class='ocrx_word' id='word_1_219' title='bbox 345 3321 480 3401; x_wconf 89' lang='lat' dir='ltr'><strong>corporis</strong></span> <span class='ocrx_word' id='word_1_220' title='bbox 527 3328 636 3386; x_wconf 90' lang='lat' dir='ltr'><strong>natura</strong></span> <span class='ocrx_word' id='word_1_221' title='bbox 681 3341 835 3400; x_wconf 88' lang='lat' dir='ltr'><strong>corporeae</strong></span> <span class='ocrx_word' id='word_1_222' title='bbox 880 3319 1043 3404; x_wconf 85' lang='lat' dir='ltr'><strong>grauitatis</strong></span> <span class='ocrx_word' id='word_1_223' title='bbox 1080 3317 1220 3398; x_wconf 88' lang='lat' dir='ltr'><strong>oppressi</strong></span> 
     </span>
     <span class='ocr_line' id='line_1_28' title="bbox 61 3423 999 3509; baseline -0.001 -20"><span class='ocrx_word' id='word_1_224' title='bbox 61 3423 266 3489; x_wconf 85' lang='lat' dir='ltr'><strong>declinamus</strong></span> <span class='ocrx_word' id='word_1_225' title='bbox 297 3445 352 3489; x_wconf 90' lang='lat' dir='ltr'><strong>nos</strong></span> <span class='ocrx_word' id='word_1_226' title='bbox 377 3446 393 3488; x_wconf 89' lang='lat' dir='ltr'><strong>n</strong></span> <span class='ocrx_word' id='word_1_227' title='bbox 417 3425 517 3490; x_wconf 89' lang='lat' dir='ltr'><strong>studio</strong></span> <span class='ocrx_word' id='word_1_228' title='bbox 547 3424 754 3509; x_wconf 85' lang='lat' dir='ltr'><strong>intellegentis</strong></span> <span class='ocrx_word' id='word_1_229' title='bbox 778 3423 999 3508; x_wconf 83' lang='lat' dir='ltr'><strong>exquisitionis</strong></span> 
     </span>
    </p>
   </div>
   <div class='ocr_carea' id='block_1_4' title="bbox 120 3564 873 3631">
    <p class='ocr_par' dir='ltr' id='par_1_4' title="bbox 120 3564 873 3631">
     <span class='ocr_line' id='line_1_29' title="bbox 120 3564 873 3631; baseline -0.003 -14"><span class='ocrx_word' id='word_1_230' title='bbox 120 3567 155 3617; x_wconf 81' lang='lat'><strong>19</strong></span> <span class='ocrx_word' id='word_1_231' title='bbox 175 3565 208 3616; x_wconf 83' lang='lat' dir='ltr'><strong>cl.</strong></span> <span class='ocrx_word' id='word_1_232' title='bbox 226 3564 304 3618; x_wconf 89' lang='lat' dir='ltr'><strong>Prov.</strong></span> <span class='ocrx_word' id='word_1_233' title='bbox 326 3565 373 3631; x_wconf 77' lang='grc' dir='ltr'><strong>ΙΙΙ,</strong></span> <span class='ocrx_word' id='word_1_234' title='bbox 395 3568 440 3619; x_wconf 81' lang='lat'><strong>13:</strong></span> <span class='ocrx_word' id='word_1_235' title='bbox 460 3564 532 3629; x_wconf 86' lang='lat' dir='ltr'><strong>VIII,</strong></span> <span class='ocrx_word' id='word_1_236' title='bbox 551 3567 592 3618; x_wconf 82' lang='lat'><strong>35.</strong></span> <span class='ocrx_word' id='word_1_237' title='bbox 629 3568 664 3619; x_wconf 78' lang='lat'><strong>20</strong></span> <span class='ocrx_word' id='word_1_238' title='bbox 681 3564 762 3618; x_wconf 92' lang='lat' dir='ltr'><strong>Deut.</strong></span> <span class='ocrx_word' id='word_1_239' title='bbox 782 3565 814 3631; x_wconf 81' lang='lat' dir='ltr'><strong>X,</strong></span> <span class='ocrx_word' id='word_1_240' title='bbox 835 3565 873 3616; x_wconf 77' lang='lat'><strong>12.</strong></span> 
     </span>
    </p>
   </div>
   <div class='ocr_carea' id='block_1_5' title="bbox 65 3699 1228 4555">
    <p class='ocr_par' dir='ltr' id='par_1_5' title="bbox 65 3699 1228 4555">
     <span class='ocr_line' id='line_1_30' title="bbox 118 3699 1224 3758; baseline -0.005 -2"><span class='ocrx_word' id='word_1_241' title='bbox 118 3709 128 3756; x_wconf 92' lang='grc'>1</span> <span class='ocrx_word' id='word_1_242' title='bbox 154 3719 208 3755; x_wconf 85' lang='lat' dir='ltr'><strong>non</strong></span> <span class='ocrx_word' id='word_1_243' title='bbox 227 3710 268 3756; x_wconf 86' lang='lat' dir='ltr'><strong>eet</strong></span> <span class='ocrx_word' id='word_1_244' title='bbox 286 3712 379 3757; x_wconf 87' lang='lat' dir='ltr'><strong>autem</strong></span> <span class='ocrx_word' id='word_1_245' title='bbox 398 3722 428 3756; x_wconf 78' lang='lat' dir='ltr'><strong>ez</strong></span> <span class='ocrx_word' id='word_1_246' title='bbox 446 3721 500 3756; x_wconf 89' lang='lat' dir='ltr'><strong>nou</strong></span> <span class='ocrx_word' id='word_1_247' title='bbox 525 3710 568 3758; x_wconf 85' lang='lat' dir='ltr'><strong>est</strong></span> <span class='ocrx_word' id='word_1_248' title='bbox 592 3705 627 3757; x_wconf 74' lang='lat' dir='ltr'><strong>ds</strong></span> <span class='ocrx_word' id='word_1_249' title='bbox 645 3710 737 3756; x_wconf 89' lang='lat' dir='ltr'><strong>autem</strong></span> <span class='ocrx_word' id='word_1_250' title='bbox 758 3723 789 3756; x_wconf 90' lang='lat' dir='ltr'><strong>m.</strong></span> <span class='ocrx_word' id='word_1_251' title='bbox 809 3702 829 3755; x_wconf 97' lang='grc'><em>2</em></span> <span class='ocrx_word' id='word_1_252' title='bbox 852 3702 877 3755; x_wconf 90' lang='lat' dir='ltr'><em>V</em></span> <span class='ocrx_word' id='word_1_253' title='bbox 926 3701 1031 3755; x_wconf 81' lang='lat' dir='ltr'><strong>sillud</strong></span> <span class='ocrx_word' id='word_1_254' title='bbox 1056 3708 1097 3754; x_wconf 90' lang='lat' dir='ltr'><strong>est</strong></span> <span class='ocrx_word' id='word_1_255' title='bbox 1123 3699 1224 3753; x_wconf 83' lang='lat' dir='ltr'><em>VPTE</em></span> 
     </span>
     <span class='ocr_line' id='line_1_31' title="bbox 65 3783 1225 3859; baseline -0.008 -15"><span class='ocrx_word' id='word_1_256' title='bbox 65 3790 246 3858; x_wconf 77' lang='lat' dir='ltr'><strong>arepperiri</strong></span> <span class='ocrx_word' id='word_1_257' title='bbox 279 3791 355 3843; x_wconf 86' lang='lat' dir='ltr'><strong>VRP</strong></span> <span class='ocrx_word' id='word_1_258' title='bbox 405 3792 547 3859; x_wconf 84' lang='lat' dir='ltr'><strong>prospexit</strong></span> <span class='ocrx_word' id='word_1_259' title='bbox 576 3792 600 3842; x_wconf 84' lang='lat' dir='ltr'><em>T</em></span> <span class='ocrx_word' id='word_1_260' title='bbox 651 3796 669 3845; x_wconf 81' lang='lat'>4</span> <span class='ocrx_word' id='word_1_261' title='bbox 692 3790 885 3858; x_wconf 77' lang='lat' dir='ltr'><strong>intellegentes</strong></span> <span class='ocrx_word' id='word_1_262' title='bbox 917 3790 940 3841; x_wconf 91' lang='lat' dir='ltr'><em>V</em></span> <span class='ocrx_word' id='word_1_263' title='bbox 990 3791 1007 3842; x_wconf 83' lang='lat'><strong>5</strong></span> <span class='ocrx_word' id='word_1_264' title='bbox 1031 3787 1175 3841; x_wconf 88' lang='lat' dir='ltr'><strong>inueniene</strong></span> <span class='ocrx_word' id='word_1_265' title='bbox 1201 3783 1225 3834; x_wconf 89' lang='lat' dir='ltr'><strong><em>P</em></strong></span> 
     </span>
     <span class='ocr_line' id='line_1_32' title="bbox 65 3874 1221 3946; baseline -0.005 -15"><span class='ocrx_word' id='word_1_266' title='bbox 65 3876 180 3931; x_wconf 72' lang='lat' dir='ltr'><strong>Gnelit</strong></span> <span class='ocrx_word' id='word_1_267' title='bbox 199 3894 229 3928; x_wconf 76' lang='lat' dir='ltr'><strong>ez</strong></span> <span class='ocrx_word' id='word_1_268' title='bbox 245 3877 498 3931; x_wconf 81' lang='lat' dir='ltr'><strong>uellitRuelletV</strong></span> <span class='ocrx_word' id='word_1_269' title='bbox 548 3879 610 3930; x_wconf 61' lang='lat' dir='ltr'><strong>sira</strong></span> <span class='ocrx_word' id='word_1_270' title='bbox 628 3878 654 3930; x_wconf 82' lang='lat' dir='ltr'><em>R</em></span> <span class='ocrx_word' id='word_1_271' title='bbox 673 3879 803 3946; x_wconf 73' lang='lat' dir='ltr'><strong>qrrirrqniee</strong></span> <span class='ocrx_word' id='word_1_272' title='bbox 822 3894 874 3945; x_wconf 90' lang='lat' dir='ltr'><strong>qur</strong></span> <span class='ocrx_word' id='word_1_273' title='bbox 892 3894 923 3929; x_wconf 76' lang='lat' dir='ltr'><strong>es</strong></span> <span class='ocrx_word' id='word_1_274' title='bbox 941 3891 990 3929; x_wconf 91' lang='lat' dir='ltr'><strong>cur</strong></span> <span class='ocrx_word' id='word_1_275' title='bbox 1008 3874 1068 3927; x_wconf 78' lang='lat' dir='ltr'><strong>nal</strong></span> <span class='ocrx_word' id='word_1_276' title='bbox 1123 3877 1157 3928; x_wconf 91' lang='lat'><strong>10</strong></span> <span class='ocrx_word' id='word_1_277' title='bbox 1173 3890 1221 3941; x_wconf 86' lang='lat' dir='ltr'><strong>pa·</strong></span> 
     </span>
     <span class='ocr_line' id='line_1_33' title="bbox 68 3961 1222 4033; baseline -0.004 -18"><span class='ocrx_word' id='word_1_278' title='bbox 68 3961 200 4017; x_wconf 70' lang='lat' dir='ltr'><strong>triarchas</strong></span> <span class='ocrx_word' id='word_1_279' title='bbox 218 3982 248 4017; x_wconf 75' lang='lat' dir='ltr'><strong>e:</strong></span> <span class='ocrx_word' id='word_1_280' title='bbox 264 3963 439 4033; x_wconf 73' lang='lat' dir='ltr'><strong>patriarchae</strong></span> <span class='ocrx_word' id='word_1_281' title='bbox 458 3984 491 4016; x_wconf 87' lang='lat' dir='ltr'><strong>m.</strong></span> <span class='ocrx_word' id='word_1_282' title='bbox 510 3962 530 4016; x_wconf 77' lang='lat'><em>2</em></span> <span class='ocrx_word' id='word_1_283' title='bbox 552 3964 579 4018; x_wconf 88' lang='lat' dir='ltr'><em>V</em></span> <span class='ocrx_word' id='word_1_284' title='bbox 629 3966 662 4017; x_wconf 83' lang='grc'><strong>12</strong></span> <span class='ocrx_word' id='word_1_285' title='bbox 679 3964 759 4029; x_wconf 76' lang='lat' dir='ltr'><strong>origo</strong></span> <span class='ocrx_word' id='word_1_286' title='bbox 787 3963 910 4016; x_wconf 88' lang='lat' dir='ltr'><strong>omnium</strong></span> <span class='ocrx_word' id='word_1_287' title='bbox 929 3961 985 4023; x_wconf 75' lang='lat' dir='ltr'><strong>(sed</strong></span> <span class='ocrx_word' id='word_1_288' title='bbox 1001 3964 1074 4031; x_wconf 71' lang='lat' dir='ltr'><strong>aigne</strong></span> <span class='ocrx_word' id='word_1_289' title='bbox 1093 3970 1222 4013; x_wconf 75' lang='lat' dir='ltr'><strong>transmu-</strong></span> 
     </span>
     <span class='ocr_line' id='line_1_34' title="bbox 69 4045 1222 4119; baseline -0.004 -16"><span class='ocrx_word' id='word_1_290' title='bbox 69 4052 181 4103; x_wconf 62' lang='lat' dir='ltr'><strong>ratane</strong></span> <span class='ocrx_word' id='word_1_291' title='bbox 204 4068 222 4101; x_wconf 85' lang='lat' dir='ltr'><strong>n</strong></span> <span class='ocrx_word' id='word_1_292' title='bbox 247 4069 279 4103; x_wconf 86' lang='lat' dir='ltr'><strong>m.</strong></span> <span class='ocrx_word' id='word_1_293' title='bbox 310 4051 323 4102; x_wconf 89' lang='grc'><em>1</em></span> <span class='ocrx_word' id='word_1_294' title='bbox 349 4051 449 4115; x_wconf 80' lang='lat' dir='ltr'><strong>addito)</strong></span> <span class='ocrx_word' id='word_1_295' title='bbox 468 4053 494 4104; x_wconf 84' lang='lat' dir='ltr'><em>R</em></span> <span class='ocrx_word' id='word_1_296' title='bbox 547 4068 618 4119; x_wconf 85' lang='lat' dir='ltr'><strong>quae</strong></span> <span class='ocrx_word' id='word_1_297' title='bbox 642 4050 666 4104; x_wconf 87' lang='lat' dir='ltr'><em>V</em></span> <span class='ocrx_word' id='word_1_298' title='bbox 719 4053 751 4104; x_wconf 82' lang='grc'><strong>13</strong></span> <span class='ocrx_word' id='word_1_299' title='bbox 769 4050 923 4104; x_wconf 85' lang='lat' dir='ltr'><strong>ministeria</strong></span> <span class='ocrx_word' id='word_1_300' title='bbox 941 4076 975 4085; x_wconf 96' lang='lat'>—</span> <span class='ocrx_word' id='word_1_301' title='bbox 993 4045 1222 4115; x_wconf 82' lang='lat' dir='ltr'><strong>archangelorum</strong></span> 
     </span>
     <span class='ocr_line' id='line_1_35' title="bbox 68 4132 1223 4207; baseline -0.003 -18"><span class='ocrx_word' id='word_1_302' title='bbox 68 4158 122 4191; x_wconf 75' lang='lat' dir='ltr'><strong>em.</strong></span> <span class='ocrx_word' id='word_1_303' title='bbox 149 4136 175 4188; x_wconf 91' lang='lat' dir='ltr'><em>V</em></span> <span class='ocrx_word' id='word_1_304' title='bbox 225 4140 257 4192; x_wconf 89' lang='lat'><strong>16</strong></span> <span class='ocrx_word' id='word_1_305' title='bbox 283 4137 334 4207; x_wconf 73' lang='lat' dir='ltr'><strong>sep</strong></span> <span class='ocrx_word' id='word_1_306' title='bbox 363 4137 583 4207; x_wconf 78' lang='lat' dir='ltr'><strong>intellegentiam</strong></span> <span class='ocrx_word' id='word_1_307' title='bbox 602 4138 628 4191; x_wconf 88' lang='lat' dir='ltr'><em>R</em></span> <span class='ocrx_word' id='word_1_308' title='bbox 680 4155 777 4191; x_wconf 87' lang='lat' dir='ltr'><strong>uerum</strong></span> <span class='ocrx_word' id='word_1_309' title='bbox 798 4137 824 4189; x_wconf 90' lang='lat' dir='ltr'><strong><em>P</em></strong></span> <span class='ocrx_word' id='word_1_310' title='bbox 847 4136 907 4190; x_wconf 88' lang='lat' dir='ltr'><strong>neri</strong></span> <span class='ocrx_word' id='word_1_311' title='bbox 932 4136 957 4187; x_wconf 85' lang='grc' dir='ltr'><em>Τ</em></span> <span class='ocrx_word' id='word_1_312' title='bbox 1011 4137 1042 4188; x_wconf 82' lang='grc'><strong>17</strong></span> <span class='ocrx_word' id='word_1_313' title='bbox 1070 4132 1166 4187; x_wconf 88' lang='lat' dir='ltr'><strong>uidere</strong></span> <span class='ocrx_word' id='word_1_314' title='bbox 1193 4149 1223 4185; x_wconf 78' lang='lat' dir='ltr'><strong>ec</strong></span> 
     </span>
     <span class='ocr_line' id='line_1_36' title="bbox 70 4218 1223 4291; baseline -0.005 -13"><span class='ocrx_word' id='word_1_315' title='bbox 70 4223 175 4278; x_wconf 81' lang='lat' dir='ltr'><strong>uidero</strong></span> <span class='ocrx_word' id='word_1_316' title='bbox 193 4242 225 4276; x_wconf 76' lang='lat' dir='ltr'><strong>m.</strong></span> <span class='ocrx_word' id='word_1_317' title='bbox 244 4222 264 4276; x_wconf 88' lang='grc'><em>2</em></span> <span class='ocrx_word' id='word_1_318' title='bbox 286 4224 312 4277; x_wconf 89' lang='lat' dir='ltr'><em>V</em></span> <span class='ocrx_word' id='word_1_319' title='bbox 364 4227 396 4279; x_wconf 87' lang='grc'><strong>18</strong></span> <span class='ocrx_word' id='word_1_320' title='bbox 414 4224 539 4278; x_wconf 83' lang='lat' dir='ltr'><strong>solomon</strong></span> <span class='ocrx_word' id='word_1_321' title='bbox 563 4225 587 4277; x_wconf 99' lang='lat' dir='ltr'><em>V</em></span> <span class='ocrx_word' id='word_1_322' title='bbox 636 4226 669 4278; x_wconf 78' lang='grc'><strong>21</strong></span> <span class='ocrx_word' id='word_1_323' title='bbox 694 4223 812 4291; x_wconf 87' lang='lat' dir='ltr'><strong>requirit</strong></span> <span class='ocrx_word' id='word_1_324' title='bbox 836 4239 867 4275; x_wconf 73' lang='lat' dir='ltr'><strong>ea·</strong></span> <span class='ocrx_word' id='word_1_325' title='bbox 884 4221 1007 4289; x_wconf 86' lang='lat' dir='ltr'><strong>requiret</strong></span> <span class='ocrx_word' id='word_1_326' title='bbox 1032 4238 1064 4272; x_wconf 89' lang='lat' dir='ltr'><strong>m.</strong></span> <span class='ocrx_word' id='word_1_327' title='bbox 1083 4218 1104 4272; x_wconf 85' lang='lat'><em>2</em></span> <span class='ocrx_word' id='word_1_328' title='bbox 1127 4220 1153 4273; x_wconf 89' lang='lat' dir='ltr'><em>V</em></span> <span class='ocrx_word' id='word_1_329' title='bbox 1176 4234 1223 4272; x_wconf 87' lang='lat' dir='ltr'><strong>ex·</strong></span> 
     </span>
     <span class='ocr_line' id='line_1_37' title="bbox 70 4304 1228 4381; baseline -0.007 -15"><span class='ocrx_word' id='word_1_330' title='bbox 70 4310 167 4381; x_wconf 82' lang='lat' dir='ltr'><strong>quirit</strong></span> <span class='ocrx_word' id='word_1_331' title='bbox 193 4309 242 4364; x_wconf 76' lang='lat'><strong>1⁷1·</strong></span> <span class='ocrx_word' id='word_1_332' title='bbox 267 4313 393 4380; x_wconf 84' lang='lat' dir='ltr'><strong>exquiret</strong></span> <span class='ocrx_word' id='word_1_333' title='bbox 415 4312 440 4365; x_wconf 81' lang='lat' dir='ltr'><em>R</em></span> <span class='ocrx_word' id='word_1_334' title='bbox 466 4309 593 4377; x_wconf 63' lang='lat' dir='ltr'><strong>(attane.</strong></span> <span class='ocrx_word' id='word_1_335' title='bbox 622 4310 712 4377; x_wconf 75' lang='lat' dir='ltr'><em>LXX)</em></span> <span class='ocrx_word' id='word_1_336' title='bbox 776 4326 792 4363; x_wconf 86' lang='lat' dir='ltr'><strong>e</strong></span> <span class='ocrx_word' id='word_1_337' title='bbox 818 4314 846 4363; x_wconf 91' lang='lat' dir='ltr'><strong>te</strong></span> <span class='ocrx_word' id='word_1_338' title='bbox 874 4326 904 4360; x_wconf 79' lang='lat' dir='ltr'><strong>ec</strong></span> <span class='ocrx_word' id='word_1_339' title='bbox 930 4325 946 4360; x_wconf 86' lang='lat' dir='ltr'><strong>a</strong></span> <span class='ocrx_word' id='word_1_340' title='bbox 972 4312 1000 4361; x_wconf 89' lang='lat' dir='ltr'><strong>te</strong></span> <span class='ocrx_word' id='word_1_341' title='bbox 1028 4306 1061 4359; x_wconf 73' lang='lat' dir='ltr'><strong>ds</strong></span> <span class='ocrx_word' id='word_1_342' title='bbox 1089 4325 1121 4360; x_wconf 87' lang='lat' dir='ltr'><strong>m.</strong></span> <span class='ocrx_word' id='word_1_343' title='bbox 1149 4304 1169 4359; x_wconf 90' lang='grc'><em>2</em></span> <span class='ocrx_word' id='word_1_344' title='bbox 1201 4304 1228 4358; x_wconf 88' lang='lat' dir='ltr'><em>V</em></span> 
     </span>
     <span class='ocr_line' id='line_1_38' title="bbox 70 4392 1225 4469; baseline -0.006 -17"><span class='ocrx_word' id='word_1_345' title='bbox 70 4400 108 4452; x_wconf 67' lang='lat'><strong>‘22</strong></span> <span class='ocrx_word' id='word_1_346' title='bbox 136 4398 345 4469; x_wconf 77' lang='lat' dir='ltr'><strong>intellegentiae</strong></span> <span class='ocrx_word' id='word_1_347' title='bbox 378 4398 451 4451; x_wconf 78' lang='lat' dir='ltr'><strong>Wr</strong></span> <span class='ocrx_word' id='word_1_348' title='bbox 501 4402 536 4453; x_wconf 75' lang='grc'><strong>23</strong></span> <span class='ocrx_word' id='word_1_349' title='bbox 562 4405 678 4453; x_wconf 82' lang='lat' dir='ltr'><strong>naturae</strong></span> <span class='ocrx_word' id='word_1_350' title='bbox 710 4397 735 4449; x_wconf 95' lang='lat' dir='ltr'><em>V</em></span> <span class='ocrx_word' id='word_1_351' title='bbox 785 4398 819 4450; x_wconf 85' lang='grc'><strong>26</strong></span> <span class='ocrx_word' id='word_1_352' title='bbox 846 4393 969 4462; x_wconf 76' lang='lat' dir='ltr'><strong>obpressi</strong></span> <span class='ocrx_word' id='word_1_353' title='bbox 1004 4393 1028 4447; x_wconf 95' lang='lat' dir='ltr'><em>V</em></span> <span class='ocrx_word' id='word_1_354' title='bbox 1077 4392 1111 4447; x_wconf 81' lang='grc'><strong>27</strong></span> <span class='ocrx_word' id='word_1_355' title='bbox 1138 4393 1173 4446; x_wconf 85' lang='lat' dir='ltr'><strong>ab</strong></span> <span class='ocrx_word' id='word_1_356' title='bbox 1201 4392 1225 4443; x_wconf 86' lang='grc' dir='ltr'><strong><em>Τ</em></strong></span> 
     </span>
     <span class='ocr_line' id='line_1_39' title="bbox 72 4486 325 4555; baseline -0.012 -14"><span class='ocrx_word' id='word_1_357' title='bbox 72 4486 271 4555; x_wconf 79' lang='lat' dir='ltr'><strong>intellegentes</strong></span> <span class='ocrx_word' id='word_1_358' title='bbox 294 4486 325 4539; x_wconf 84' lang='lat' dir='ltr'><strong>V.</strong></span> 
     </span>
    </p>
   </div>
   <div class='ocr_carea' id='block_1_6' title="bbox 0 158 1409 4844">
    <p class='ocr_par' dir='ltr' id='par_1_6' title="bbox 0 158 1409 4844">
     <span class='ocr_line' id='line_1_40' title="bbox 0 158 1409 4844; baseline 0 0"><span class='ocrx_word' id='word_1_359' title='bbox 0 158 1409 4844; x_wconf 95' lang='lat' dir='ltr'><strong> </strong></span> 
     </span>
    </p>
   </div>
  </div>
 </body>
</html>
