2790 4844
203 246 264 309 732
537 241 656 295 saneti
680 239 819 293 Hilarii
845 239 1009 306 episcopi

201 436 305 500 diem
327 432 597 507 Hierusalem,
621 431 689 514 qui
714 429 869 495 dieunt:
894 430 1350 506 exinanite'exinanita

201 539 480 624 quoadusque
506 535 817 602 fundamentum
845 535 883 599 in
908 556 958 600 ea.
1003 535 1109 601 Edem
1133 537 1348 620 iuterpretatur

201 652 368 709 terrenum.
413 642 488 706 uitia
518 640 622 724 itaque
652 639 768 705 terreni
797 639 932 720 corporis
963 642 1067 716 nostri,
1105 662 1191 725 qua,
1229 645 1301 726 quia
1318 664 1347 708 ex

201 759 310 811 natura
333 746 472 826 eorporis
496 752 617 820 exeunt,
641 743 743 808 Edem
766 743 820 808 tilii
845 752 1067 825 nuncupantur,
1094 745 1144 810 bis
1168 745 1346 832 Babyloniis,

162 875 174 911 s
201 853 232 917 id
256 860 304 916 est
326 849 558 916 confusionibus
582 856 612 914 et
634 849 916 930 perturbationibus
939 869 1049 914 sensus
1064 852 1169 916 nostri
1192 853 1345 932 imperant,

200 962 234 1020 ut
250 975 305 1021 nos
322 976 358 1020 ex
375 975 410 1019 ea
427 953 625 1034 plenitudine,
650 973 711 1036 qna
726 952 833 1034 repleti
850 973 967 1031 sumus
990 960 1155 1019 enaeuent.
1206 957 1343 1037 seriptum

201 1067 247 1124 est
270 1059 367 1124 enim:
392 1058 580 1142 qnoniam
605 1058 651 1123 de
674 1056 939 1138 plenitudine
961 1057 1049 1122 eius
1076 1078 1222 1125 omnes
1245 1079 1344 1126 aare

201 1163 339 1244 pimus.
388 1162 521 1246 quisque
544 1163 628 1227 enim
652 1182 747 1242 oapar
779 1169 826 1226 est
860 1163 984 1239 domini,
1008 1161 1076 1241 ipse
1101 1171 1133 1227 et
1157 1164 1199 1229 de
1223 1164 1344 1245 plenitu-

201 1268 273 1332 dine
296 1268 361 1332 eins
384 1265 517 1347 inpletus
541 1275 597 1330 est.
644 1273 691 1331 est
712 1272 814 1331 autem
839 1265 906 1330 haee
937 1273 1045 1330 natura
1076 1267 1197 1347 turbidi
1222 1267 1345 1334 eoniusi·

151 1400 173 1434 ω
202 1391 262 1455 que
297 1391 353 1451 per
386 1371 461 1435 uitia
494 1370 629 1452 eorporis
664 1390 782 1451 sensae,
816 1383 857 1440 ut.
892 1371 919 1435 si
952 1371 1048 1435 semel
1080 1391 1137 1436 nos
1155 1372 1203 1464 ,5¹¹
1229 1394 1343 1439 omnen

201 1474 319 1560 peceati
354 1474 544 1540 uoluntatem
579 1481 610 1539 et
642 1474 897 1539 consuetudinem
935 1475 1070 1553 traxerit,
1109 1478 1259 1543 omnibus
1295 1498 1344 1542 nos
1389 1542 1391 1563 ,

202 1579 351 1643 bonamm
374 1579 520 1644 uirtutum
546 1579 656 1644 studiis
679 1578 842 1643 exinaniat.
889 1577 956 1643 baeo
979 1599 1053 1663 ergo
1076 1580 1152 1644 uitia
1171 1580 1223 1647 bis
1243 1603 1343 1648 seusus

200 1685 296 1748 nostri
320 1684 451 1749 turbidis
475 1683 706 1748 eoniusionibus
729 1683 889 1763 imperant,
912 1683 956 1747 uti
979 1703 1036 1748 nos
1060 1683 1270 1753 fundamento
1285 1688 1344 1768 ipsa
1389 1738 1391 1743 .

201 1787 385 1852 exinanient.
430 1787 562 1871 quisque
593 1787 676 1851 enim
708 1793 832 1851 sanetus
863 1792 918 1864 est,
948 1806 1003 1866 pre
1033 1793 1121 1867 parts
1151 1787 1343 1856 Hierusalem
1389 1774 1391 1825 1

150 1919 174 1955 u
202 1892 268 1971 ipse
292 1898 353 1968 est;
385 1893 456 1975 quia
487 1911 523 1955 ex
554 1897 708 1956 conuentu
737 1891 898 1956 beatorum
921 1891 1058 1955 uirorum
1083 1898 1115 1956 et
1137 1892 1258 1960 oaelesti
1281 1914 1346 1959 mn·

201 1996 295 2060 sertin
330 1997 493 2079 dignorum
527 1993 721 2060 Hierusalem
750 1996 891 2060 uiuorum
918 2002 950 2059 et
983 1996 1188 2076 pretiosomm
1214 1998 1342 2080 lapidum

200 2099 310 2164 ciuitas
344 2100 409 2177 erit,
444 2119 536 2183 qnam
572 2098 640 2164 hae
674 2105 797 2164 terrena
828 2099 901 2164 uitia
922 2119 1020 2182 usque
1045 2101 1083 2164 ad
1109 2098 1343 2168 fundamentum

201 2203 357 2268 exinanire
381 2205 529 2269 nituntur.
575 2210 606 2268 et
629 2205 712 2287 quod
736 2202 969 2269 fundamentum
993 2203 1024 2266 in
1048 2204 1139 2269 nobis
1154 2205 1208 2282 sit,
1233 2213 1345 2288 aposto

198 2307 246 2372 lus
283 2308 372 2373 dotet
404 2307 527 2373 disens:
574 2306 878 2373 fundamentum
912 2313 1041 2372 eutem
1080 2307 1196 2373 aliud
1237 2331 1343 2376 nemo

149 2438 175 2474 πο
201 2420 337 2494 potest
370 2431 519 2494 ponere
553 2418 702 2493 praeter
746 2410 860 2487 illud,
907 2412 1009 2495 quod
1048 2418 1110 2477 est
1144 2411 1345 2480 Christus

200 2536 291 2580 omne
314 2516 407 2601 igitur
431 2516 589 2600 religionis
611 2515 740 2592 initium,
768 2536 859 2581 omne
882 2514 1119 2581 fundamentum
1144 2519 1214 2598 spei
1238 2527 1345 2584 nestra

200 2640 350 2686 euacuare
373 2627 535 2701 temptant,
560 2641 598 2684 ne
621 2640 682 2703 qua
705 2621 735 2685 in
759 2620 847 2684 nobis
873 2620 1023 2685 memoria
1046 2626 1077 2686 et
1098 2623 1280 2688 recordatio
1302 2625 1346 2689 dei

199 2725 342 2805 resideat,
377 2744 416 2789 ne
451 2745 512 2808 qua
546 2744 617 2805 spes
649 2724 719 2788 bani
743 2723 873 2788 alieuius
896 2723 1097 2806 relinquatur.
1146 2727 1348 2792 fundamento

199 2829 282 2893 enim
306 2828 389 2910 fidei,
414 2829 495 2912 quod
519 2836 565 2893 est
581 2827 731 2906 Christus,
755 2834 841 2892 eruto
858 2840 887 2893 et
902 2847 1012 2893 euerso
1034 2848 1073 2893 ne
1096 2829 1200 2909 ipsius
1224 2833 1346 2915 quidem

146 2957 171 2995 ss
199 2932 390 2998 aedificandae
414 2933 502 2999 nobis
525 2953 580 3013 per
603 2933 813 3014 paenitentiam
836 2933 935 2997 ueniae
958 2931 1127 2997 consolatio
1146 2934 1346 3021 relinquet-ur.

241 3093 256 3142 7
276 3089 331 3142 lob.
351 3091 371 3158 I,
391 3091 430 3144 16.
469 3091 532 3143 191
552 3090 613 3144 Cor.
631 3092 657 3157 3,
677 3090 718 3143 11.

243 3232 254 3282 l
276 3231 384 3281 alterurn
411 3229 552 3282 exinanite
578 3231 605 3281 in
632 3246 684 3281 ras.
706 3228 731 3280 Ρ
779 3227 889 3295 equod
916 3227 950 3282 sd
977 3245 1064 3296 nsque
1083 3228 1111 3281 R
1130 3247 1281 3300 quousque
1300 3233 1346 3286 PT

196 3334 373 3386 dterrenum
393 3332 471 3385 RPE
484 3311 557 3386 iren‘
578 3333 602 3385 Τ
654 3349 725 3401 quae
752 3333 817 3400 quia
846 3330 968 3385 awai
995 3332 1061 3400 quia
1087 3332 1140 3385 R’s
1195 3336 1279 3390 shis
1300 3337 1348 3389 RE

195 3418 404 3525 n÷r>¹¹ii⁰r
456 3452 700 3540 aalys-'ronias
752 3474 819 3526 sex
834 3433 918 3525 elne
933 3471 1095 3525 arrsxr
1151 3477 1347 3545 'incoepimus

314 3568 326 3596 θ

196 3610 248 3662 PE
264 3611 415 3679 aooipimus
435 3612 459 3663 Τ
476 3611 643 3680 aoeipiemus
661 3612 687 3664 R
739 3610 936 3679 dquisqueP
960 3610 1055 3678 quisq:
1083 3610 1110 3663 Τ
1137 3613 1226 3683 quisq
1254 3616 1280 3669 R
1304 3613 1347 3680 (a.

195 3699 276 3750 alred.
292 3696 383 3767 pa29)
403 3697 566 3766 quisquisE
616 3698 868 3767 enimaapr.scr.P
901 3712 988 3766 oapsx
998 3697 1048 3750 PT
1048 3697 1076 3749 E
1091 3700 1188 3765 pexR
1246 3702 1350 3756 domiui

195 3784 275 3836 RTE
291 3785 347 3837 diro
367 3785 392 3836 P
443 3785 476 3839 de
499 3803 571 3854 supr.
595 3803 643 3837 ser.
663 3785 689 3837 P
744 3787 775 3838 ll
800 3784 975 3838 uoluntatem
999 3781 1120 3837 RPT¹E
1145 3787 1299 3857 uoluptate
1318 3785 1351 3842 Ρ

196 3873 229 3923 la
246 3872 384 3924 bonorum
395 3872 446 3924 RP
500 3872 567 3926 haee
585 3887 652 3940 ergo
666 3873 720 3923 RE
736 3888 803 3939 ergo
822 3870 951 3924 baeolH'
1003 3871 1036 3925 13
1053 3869 1096 3924 uti
1115 3873 1255 3928 nosI’Fd
1273 3882 1305 3930 ut
1322 3876 1349 3929 in

195 3973 243 4009 nos
262 3958 288 4010 R
306 3965 337 4012 ut
354 3975 435 4012 nose
490 3961 522 4012 14
539 3958 800 4027 quisququuisq:
821 3958 864 4010 Τα
876 3957 1158 4026 quiququisquiea
1218 3965 1253 4017 16
1273 3963 1346 4017 uiro·

194 4060 256 4097 rum
275 4050 303 4097 et
320 4046 522 4113 praetiosorum
533 4045 559 4097 P
609 4048 644 4100 20
661 4047 697 4098 sic
710 4045 793 4111 m,
803 4049 914 4114 praeter
931 4043 1003 4098 illud
1020 4040 1060 4110 (id
1071 4046 1101 4108 o)
1122 4048 1202 4114 quod
1221 4051 1346 4117 positum

195 4134 236 4183 est
263 4131 338 4199 quod
364 4138 406 4185 est
434 4131 558 4185 Christus
578 4133 606 4184 E
656 4133 691 4186 25
708 4130 758 4201 per
776 4150 825 4185 om.
843 4132 870 4184 P
926 4130 1024 4185 ueniae
1041 4147 1091 4184 om.
1117 4131 1145 4185 R
1201 4136 1345 4206 relinque·

194 4222 272 4270 retur
291 4214 333 4270 1³².
