2790 4844
345 272 527 323 tractatus
551 269 585 323 in
609 271 779 338 psalmum
805 270 924 324 CXVIII.
1146 269 1209 335 365

50 460 157 522 corde
182 458 232 522 dei
256 458 429 524 testimonia
452 460 637 543 inquirenda
660 468 741 535 sunt,
763 467 804 536 ut,
821 460 893 543 quia
916 467 987 524 sunt
1003 469 1033 525 et
1047 460 1119 540 alia,
1141 480 1210 544 quae

51 562 109 626 dei
137 581 201 625 non
224 571 303 639 suut,
328 583 372 639 ea,
396 584 465 647 quae
489 565 540 630 dei
562 564 711 629 discimus
735 583 814 640 csse,
845 584 904 628 non
935 571 1062 629 auocato
1092 566 1123 628 in
1151 565 1211 629 alia

52 666 194 750 negotia
216 667 309 732 corde
333 674 516 733 scrutemur.

104 770 158 834 10.
184 770 648 838 Succeditdeindehicuersus:
673 793 747 836 non
771 775 882 845 enim,
899 774 966 856 qui
990 781 1210 854 operantur

42 875 340 958 iniquitatem,
376 878 413 941 in
447 879 527 943 uiis
562 878 648 942 eius
683 875 1003 944 ambulaucrunt
1048 879 1079 941 in
1110 879 1210 957 primo
1249 902 1262 940 a

42 998 159 1044 uersu
182 980 379 1063 singulariter
401 982 452 1045 uia
474 988 742 1058 commemoratur,
765 983 797 1046 in
821 981 879 1046 hoc
903 982 992 1047 tortio
1016 980 1127 1062 plures.
1174 1002 1210 1045 ex

40 1102 124 1167 quo
149 1083 394 1168 intellegendum
419 1093 471 1160 est
496 1107 550 1167 per
573 1085 686 1150 multas
709 1088 775 1151 uias
798 1087 838 1150 ad
861 1106 953 1150 uuam
983 1087 1154 1167 perueniri;
1178 1086 1209 1149 in

39 1205 126 1271 qua
150 1188 282 1271 quisque
316 1190 520 1255 inmaculatus
555 1192 581 1257 si
611 1192 659 1265 sit,
696 1191 747 1255 hic
776 1192 884 1256 beatus
908 1196 963 1254 est.
1009 1190 1048 1255 de
1070 1190 1210 1270 plurimis

36 1296 171 1358 autem
213 1292 273 1356 uiis
314 1299 406 1376 atque
444 1315 506 1358 una
542 1295 691 1360 Ieremias
724 1296 810 1376 paria
844 1301 971 1360 testatus
1005 1300 1054 1359 est
1087 1295 1208 1359 dicens:

39 1417 72 1460 s
94 1399 174 1460 tate
197 1396 235 1460 iu
259 1398 338 1462 uiis
362 1405 400 1463 et
423 1400 682 1483 interrogate
704 1401 792 1464 uias
815 1399 967 1463 domini
989 1398 1208 1462 aeternales
1237 1423 1260 1458 ιο

41 1503 111 1561 et
144 1502 322 1583 quarite,
361 1523 444 1586 quae
483 1505 538 1568 sit
571 1506 634 1570 uia
668 1504 779 1570 bona.
824 1505 855 1568 in
890 1503 1031 1584 plurimis
1054 1523 1129 1587 ergo
1152 1504 1209 1568 uiis

42 1606 211 1669 standum
235 1612 291 1684 est,
325 1615 357 1671 el
390 1607 529 1688 plurimae
563 1609 792 1693 interrogandae
826 1614 912 1673 suut:
948 1615 977 1673 et
1011 1607 1059 1672 hae
1083 1608 1210 1691 quidem

52 1701 172 1782 pluras
194 1717 226 1774 et
248 1710 365 1775 domini
394 1719 467 1776 suut
497 1719 526 1777 et
556 1712 726 1790 aeternales,
756 1720 787 1778 et
817 1714 848 1776 in
872 1712 920 1776 his
936 1713 1132 1778 ceruendum
1156 1720 1209 1788 est,

57 1825 140 1884 quae
161 1814 272 1878 sitnia
294 1816 417 1898 optima.
463 1816 521 1881 uia
544 1816 648 1897 plures
672 1825 742 1882 sunt
765 1823 795 1882 et
817 1817 951 1897 plurima
974 1817 1091 1882 domini
1123 1837 1209 1880 man-

63 1905 148 1992 dala
172 1917 273 2000 plures
296 1919 465 2000 prophetae,
488 1941 543 2001 per
566 1941 642 2004 quos
665 1942 773 1986 omnes
796 1923 826 1985 ia
849 1941 944 1985 unam
960 1921 1041 1985 uiam
1057 1920 1209 2004 pergitur:
1237 1942 1262 1979 a

67 2015 126 2078 sed
149 2021 179 2085 in
202 2022 251 2087 his
281 2025 412 2104 operarii
442 2025 613 2108 iniquitatis
644 2047 705 2092 non
737 2026 980 2090 ambulauerunt.
1026 2044 1098 2088 nam
1129 2025 1154 2088 si
1178 2024 1209 2087 in

71 2106 139 2196 ¹⁹30
164 2128 358 2205 mansissent,
382 2149 481 2212 usque
504 2131 543 2194 ad
567 2131 716 2211 optimam
739 2130 824 2194 illam
847 2130 918 2194 noui
938 2129 1112 2194 testamenti
1127 2129 1208 2192 uiam

72 2227 272 2296 lrefucairent.
318 2241 365 2297 est
387 2234 437 2298 uia
460 2255 515 2315 per
530 2234 671 2319 Moysen,
696 2242 743 2299 est
759 2254 813 2314 per
827 2232 943 2311 Iesum,
968 2240 1014 2297 est
1030 2253 1084 2313 per
1099 2232 1209 2308 Dauid,

72 2327 105 2381 aa
134 2350 192 2410 per
214 2334 349 2413 Esaiam,
382 2345 430 2402 est
460 2358 514 2417 per
538 2338 712 2415 Ieremiam,
744 2346 791 2403 est
814 2358 869 2419 per
891 2336 1062 2421 apostolom
1094 2345 1124 2401 et
1154 2355 1209 2416 per

70 2411 115 2535 ils
150 2458 257 2504 omnes
280 2460 408 2506 necesse
426 2448 474 2507 est
496 2443 535 2507 ad
558 2463 628 2507 eum
652 2443 815 2524 pemaniri,
838 2442 891 2525 qui
916 2442 1006 2505 dixit:
1031 2460 1103 2523 ego
1126 2459 1209 2504 sum
1236 2461 1261 2497 a

67 2536 125 2592 ¹¹¹8
157 2549 191 2606 et
213 2563 325 2608 nemo
348 2547 462 2610 uadit
483 2549 702 2630 adpatrem
729 2546 975 2627 nisiperme.
1009 2543 1210 2627 similequid·

64 2622 137 2699 iarn
168 2646 220 2710 sub
251 2650 427 2733 margaritae
461 2652 588 2716 nomine
623 2653 739 2716 dictum
774 2671 843 2716 esee
876 2649 1119 2733 intellegendum
1153 2653 1207 2712 est.

63 2733 231 2815 multarum
266 2755 350 2817 enim
384 2756 620 2839 margaritamm
654 2757 879 2839 negotiatorem
913 2774 982 2819 esse
1018 2759 1143 2833 oportet,
1177 2759 1211 2817 ut

63 2851 166 2913 ΠΜ]
199 2858 396 2940 margaritam
434 2859 523 2924 multi
561 2861 651 2941 pretii
688 2865 902 2942 consequatur.
956 2858 994 2922 de
1033 2857 1209 2941 margaritis

65 2957 134 3007 <⁶⁰¹ss
174 2957 203 3021 fit.
232 2980 344 3037 sermo,
378 2962 493 3027 suflicit
526 2965 566 3027 ad
601 2963 748 3029 honorem
780 2983 896 3040 earum,
927 2963 1010 3046 quod
1032 2962 1210 3044 margaritae
1238 2976 1263 3017 ²⁶

104 3098 150 3154 ¹0
171 3112 283 3170 arerem.
302 3118 349 3184 vr,
371 3122 408 3174 ro.
444 3122 480 3175 ao
497 3119 553 3173 ron.
573 3120 644 3187 arv,
664 3125 688 3174 e.

114 3255 129 3304 ¹
155 3273 229 3327 corde
247 3294 277 3328 ex
296 3276 379 3329 cordo
404 3296 436 3330 m.
456 3278 476 3329 2
500 3277 523 3330 V
573 3277 738 3346 inquirenda
765 3295 794 3330 ec
819 3276 1012 3341 inquirendam
1037 3276 1061 3328 V
1111 3230 1159 3327 ali⁸
1190 3275 1215 3327 V

85 3337 136 3395 Η
156 3362 254 3421 quaec
303 3365 496 3419 dscrutemur
514 3362 652 3430 (eiuras.)
671 3367 696 3416 ll
749 3364 830 3417 duia
848 3362 981 3416 addua?
997 3363 1021 3414 l'
1070 3361 1128 3422 uiui
1147 3360 1209 3425 (ric)

90 3440 139 3503 Vm
156 3456 376 3503 commemoratur
394 3461 472 3521 repet.
492 3470 524 3505 m.
545 3453 560 3504 1
579 3453 604 3504 lt
657 3452 780 3504 lmulta
807 3469 836 3503 er
863 3449 958 3503 multis
983 3447 1102 3500 aar
1152 3450 1212 3502 uias

96 3538 115 3571 ω
141 3525 200 3585 lium
226 3553 258 3588 m.
286 3535 307 3588 :²
331 3537 353 3590 V
404 3539 551 3607 peruenire
572 3541 594 3591 ί*
645 3539 754 3607 Squiq.
780 3538 803 3590 V
852 3536 898 3589 hic
926 3554 974 3589 om.
1003 3538 1025 3588 (¹
1075 3536 1152 3587 ττενόα
1177 3537 1211 3589 dc

96 3603 349 3677 plurimis-eston..
366 3625 386 3677 V
436 3625 660 3695 9hioremiast
713 3625 818 3693 pariter
827 3628 974 3677 attestatus
987 3624 1063 3675 estt'
1114 3624 1144 3675 ll
1158 3622 1211 3675 uiis

12 3708 21 3735 ’-
96 3710 136 3749 ⁰¹¹¹·
152 3701 170 3751 (’
212 3711 243 3763 12
262 3710 287 3763 ei
306 3711 444 3779 plurimae
459 3713 482 3765 C
532 3718 560 3766 et
578 3712 665 3798 heep
684 3711 799 3765 ethaeo
817 3711 868 3763 ΒΓ
918 3709 1029 3778 quidem
1048 3737 1082 3746 -
1101 3713 1165 3762 sunt
1183 3716 1212 3761 et

10 3832 25 3852 .-
92 3798 141 3856 add.
164 3825 190 3861 a.
217 3812 236 3863 2
268 3813 292 3865 V
345 3817 377 3869 la
395 3817 424 3869 in
451 3818 475 3871 is
505 3816 528 3865 R
594 3820 625 3870 14
642 3817 749 3870 obtima
778 3819 800 3867 C
859 3819 887 3867 et
904 3815 986 3882 pluro
1015 3814 1052 3883 (lp
1114 3813 1158 3866 slei
1185 3813 1213 3864 E

91 3890 230 3960 ¹⁶⁰l³0fflri
264 3901 287 3953 V
338 3905 370 3956 17
389 3920 477 3970 usqne
504 3923 534 3957 ea
561 3921 664 3971 nequae
697 3904 720 3956 V
771 3903 906 3970 optimum
935 3900 1003 3953 illud
1037 3900 1061 3952 V
1118 3899 1163 3952 uia
1193 3900 1215 3951 0

88 3982 120 4039 19
133 3984 223 4039 eceman
243 3988 370 4042 Viraiarn
381 4009 401 4059 ρ
455 3989 637 4060 hieremia'GC
691 3992 725 4043 20
744 3989 778 4041 ad
798 4005 861 4041 cum
880 4004 992 4040 necesse
1010 3992 1051 4039 cat
1063 3986 1211 4055 peruenire

83 4070 147 4137 r'pE
160 4073 192 4125 ad
208 4090 321 4129 neccsse
348 4084 390 4130 est
416 4077 558 4146 perueniri
585 4078 620 4130 ad
647 4076 680 4130 εὖ
710 4077 796 4146 (priua
815 4076 850 4128 ad
867 4093 887 4128 a.
905 4093 955 4127 scr.
974 4093 1006 4125 ra.
1027 4075 1049 4138 1,
1073 4073 1108 4126 ad
1133 4071 1166 4125 εἴτ
1186 4073 1212 4124 ia

78 4174 140 4211 ,ma
154 4159 243 4213 irretiat.
257 4164 318 4216 add.
334 4181 364 4214 m.
379 4162 407 4228 1)
424 4165 450 4217 R
502 4167 534 4219 21
554 4170 583 4218 et
601 4165 688 4218 ooaR
740 4165 775 4216 24
793 4160 849 4216 υτιιῖ
875 4162 898 4214 V
948 4160 1046 4230 praetii
1074 4161 1096 4212 V
1146 4175 1212 4212 oon·

72 4250 201 4315 aequatur
218 4266 248 4300 ex
265 4252 469 4318 consequantur
487 4253 513 4305 R
564 4253 599 4306 25
617 4268 707 4305 sermo
725 4252 785 4303 cclii.
804 4268 836 4303 m.
856 4252 875 4300 2
900 4249 927 4301 V.
