2790 4844
343 272 524 321 tractatus
544 267 579 320 in
598 268 769 335 psalmum
789 266 933 320 CXXXIV.
1150 266 1212 350 ἹΟΙΙ

10 478 18 520 r
109 458 520 526 rememoreramus
552 457 598 521 ab
628 462 808 522 extremo
839 464 956 522 terra
988 457 1150 542 fulgora
1173 458 1212 522 in

10 583 21 623 t
57 565 243 650 pluuium
268 565 377 642 fecit,
402 562 468 647 qui
500 562 692 643 producit
726 570 872 626 uentos
895 563 941 626 de
973 562 1212 627 thensauris

10 688 20 729 r
59 671 158 736 suis.
214 669 369 750 praeterito
403 666 592 743 thronorum,
627 666 882 743 dominationum,
919 667 1145 747 principatuum
1183 673 1213 731 et

10 796 13 836 r
57 780 262 858 potestatum,
274 771 442 837 Cherubim
459 777 490 836 et
502 769 677 851 Seraphim,
694 769 874 854 augelorum
892 776 924 835 et
939 769 1211 854 archangelorum,

10 900 16 942 r
58 878 140 956 caeli,
171 887 270 956 terrea,
301 875 405 953 maris,
443 875 547 959 abyssi
573 874 718 939 miraculo
742 875 773 938 in
797 873 846 938 his
870 874 975 940 omnia
1009 875 1093 953 deus,
1128 894 1212 958 quae
1253 900 1266 937 a

10 1008 15 1046 ι
59 982 206 1060 uoluit,
231 981 334 1073 fecit
355 981 394 1045 in
418 978 514 1045 caelo
538 985 576 1044 et
598 978 635 1042 in
661 983 779 1057 terra,
803 978 841 1042 in
865 979 965 1043 mari
989 986 1027 1043 et
1046 980 1211 1064 abysso:

10 1108 17 1151 r
60 1088 245 1154 educens
269 1085 465 1149 nubesab
501 1092 678 1148 extremo
713 1088 830 1146 terrae
866 1082 1031 1166 fulgura
1061 1083 1100 1146 in
1131 1081 1212 1163 plu·

59 1192 186 1257 uiam·
213 1190 330 1267 facit,
373 1188 672 1273 quiaprouueit
713 1193 858 1252 uentos
893 1187 938 1251 de
973 1187 1212 1252 thensauris

10 1332 15 1353 ·
61 1294 176 1363 suis?
221 1314 260 1358 an
285 1293 353 1358 haec
377 1299 497 1357 tantum
519 1291 665 1372 perfectae
687 1292 718 1355 in
736 1292 794 1356 deo
810 1290 974 1356 uoluntatis
990 1291 1213 1372 omnipotentia

10 1424 29 1466 r·
62 1406 123 1478 est,
141 1406 240 1464 terras
255 1397 402 1463 exhalare
416 1398 525 1473 nubes,
538 1415 700 1460 coruscare
717 1395 828 1476 pluuiis
845 1396 1067 1461 inminentibus
1079 1394 1211 1480 fulgura,
1240 1419 1264 1454 lu

10 1540 16 1563 ⁵
61 1503 256 1569 alternantes
272 1501 437 1584 spiralibus
452 1499 526 1564 flare
543 1500 674 1565 uentos?
718 1502 773 1565 sed
789 1507 923 1583 arguunt
940 1499 1019 1567 hauc
1036 1501 1212 1581 opinionem

10 1668 15 1675 .
61 1614 204 1673 nostram
239 1607 366 1671 uirtutes
400 1605 563 1670 uerborum
599 1610 630 1668 at
664 1610 780 1668 naturae
819 1623 979 1688 generum.
1025 1605 1212 1683 educens,

65 1712 179 1795 inquit,
213 1709 339 1775 nubes
373 1709 419 1789 ab
454 1714 636 1773 extremo
671 1716 804 1777 terrae:
840 1708 913 1792 quid
945 1709 1027 1773 enirn
1058 1709 1116 1774 sibi
1140 1708 1212 1786 uult,

66 1815 148 1899 quod
183 1815 281 1880 nubes
314 1814 483 1880 educuntur
518 1818 548 1877 et
582 1814 752 1877 educuntur
786 1812 832 1876 ab
864 1818 1044 1878 extremo
1069 1811 1211 1879 terrae?

69 1918 212 1984 exhalant
234 1918 363 2002 quidem
386 1916 481 1983 ualles
504 1918 605 1981 uuida
629 1915 772 1994 nabulas;
807 1917 863 1982 sed
897 1936 999 2004 neque
1033 1916 1129 1983 ualles
1160 1937 1210 1982 ex·
1240 1937 1264 1974 ra

71 2036 166 2088 treme
190 2031 280 2088 terrae
313 2028 393 2099 sunt,
429 2041 528 2105 neque
560 2021 726 2104 quisquam
757 2020 902 2089 nebulam
926 2023 958 2085 id
980 2023 1084 2102 ipsum
1107 2023 1212 2087 existi·

76 2129 164 2193 mauit
195 2147 273 2205 esse,
308 2128 389 2212 qnod
425 2126 547 2190 unbem.
605 2123 718 2189 dehinc
754 2124 919 2209 fulgura
956 2126 994 2190 in
1032 2125 1211 2207 pluuium

79 2228 177 2296 fecit.
214 2252 298 2333 ¹quala
331 2229 383 2296 hic
417 2229 546 2295 humani
581 2249 688 2294 sensus
722 2228 934 2313 intellegentia
968 2230 1036 2294 est?
1089 2230 1211 2315 fulgura

83 2351 299 2421 nonnumquam
322 2336 389 2400 sine
413 2333 524 2418 pluuiis
554 2333 696 2399 uidemus
732 2340 763 2398 et
785 2333 904 2413 pluuias
938 2354 1021 2415 sape
1052 2355 1121 2400 esse
1144 2336 1211 2400 siue

86 2433 195 2523 fulgure.
242 2461 302 2504 non
337 2440 447 2520 pluuiae
481 2436 605 2522 fulgura
635 2437 785 2513 adferunt,
820 2456 919 2520 neque
942 2458 1064 2502 rursum
1089 2437 1211 2524 fulgura
1238 2455 1263 2491 ²⁰

10 2564 13 2569 ·
90 2537 360 2616 pluuiasdaferunt.
405 2542 545 2626 sequitur
575 2561 713 2625 quoque:
745 2541 811 2625 qui
843 2542 1034 2622 producit
1068 2549 1210 2609 uentos

17 2688 22 2693 -
90 2641 126 2706 de
143 2646 378 2714 thensauris
409 2648 501 2712 suis.
548 2665 617 2729 quae
641 2645 692 2710 hic
716 2645 843 2710 humaui
867 2666 977 2711 sensus
999 2645 1211 2731 intellegentia

21 2770 25 2775 ’
90 2746 145 2812 tat?
184 2772 263 2818 anne
286 2752 318 2816 in
341 2770 476 2817 concaua
499 2749 601 2833 aliquo
624 2757 655 2815 et
677 2750 866 2814 communito
883 2733 1210 2817 thensaurorumloco

17 2910 23 2915 .
89 2854 206 2922 unditus
236 2875 305 2922 esse
334 2863 443 2921 uentos
467 2853 722 2932 existimabimus,
757 2875 794 2918 ex
829 2855 940 2938 quibus
973 2855 1057 2919 uenti
1092 2855 1211 2921 soleant

12 2982 26 3023 r.
88 2951 225 3042 llfflquem
248 2959 472 3042 pretiosissima
495 2957 653 3023 thensauri
675 2958 770 3038 portio
788 2958 937 3038 produci?
981 2965 1095 3024 etcum
1110 2959 1211 3025 solent
1237 2975 1261 3010 ²⁶

27 3092 30 3097 ·
86 3064 250 3130 mucrones
280 3072 441 3129 uentorum
477 3063 656 3146 frequentes
679 3068 711 3127 et
732 3063 859 3127 incertae
889 3083 973 3143 saepe
997 3069 1028 3129 et
1050 3065 1211 3130 contrariae

25 3348 28 3353 ¹
122 3287 255 3363 lfulgora
274 3294 327 3348 GP
342 3293 375 3357 qs.
393 3293 469 3346 Nem
485 3293 613 3345 Fermenl.
629 3292 652 3354 I,
674 3292 725 3344 175
744 3291 855 3360 fulgura
875 3293 927 3345 TE
977 3296 994 3346 2
1013 3292 1170 3348 thensauris
1185 3296 1210 3348 G

24 3426 28 3435 .
83 3360 204 3434 lherauria
223 3381 302 3434 ΡΤΕ
351 3379 536 3435 Btbronuum
557 3379 582 3431 P
632 3378 803 3433 loherubin
823 3384 851 3431 et
870 3380 1000 3448 seraphin
1016 3381 1041 3431 T
1092 3382 1211 3435 bmira·

12 3472 29 3529 5]
86 3454 242 3520 eu10GP¹Y
258 3467 394 3549 miracula
409 3463 445 3518 P’
498 3465 650 3547 (lhabyaeo
660 3466 687 3517 P
739 3467 771 3520 10
783 3466 929 3519 exalareP
970 3466 1134 3521 choruscare
1148 3467 1210 3521 (ῗΡι

24 3538 31 3651 ζ
88 3552 112 3608 ll
129 3569 281 3626 alternantis
309 3570 458 3639 spiratrbne
484 3570 510 3622 G
536 3571 570 3637 cs.
591 3571 672 3623 Aaou.
688 3588 716 3640 p.
736 3568 770 3621 41
798 3569 942 3624 alternatis
970 3570 1114 3638 spiritibus
1133 3571 1212 3624 ΡΓΕ

17 3672 28 3753 p
91 3642 116 3700 13
129 3653 216 3727 inquid
235 3659 261 3713 G
315 3661 348 3713 14
366 3658 523 3712 educuntur
541 3662 570 3710 et
587 3656 744 3710 educuntur
764 3657 833 3708 GTa
853 3654 894 3722 (ia
912 3657 936 3708 G
954 3659 993 3710 lu‘c
1012 3675 1108 3726 potoque
1126 3660 1173 3711 litt.
1192 3677 1210 3713 u

10 3760 30 3833 'f
88 3788 159 3849 aaut
175 3800 274 3853 litterae
291 3814 321 3865 a;
345 3798 440 3852 Sedlm.
459 3799 573 3850 notauit:
601 3743 754 3850 educalntur
773 3802 801 3849 et
819 3741 983 3863 educlnrur)
1001 3810 1035 3840 Ξ
1054 3797 1210 3851 educuntur

10 3924 18 3951 ,
88 3883 271 3940 aeouanntur
288 3885 315 3938 P
330 3883 506 3939 deducuntur
526 3888 554 3936 et
572 3884 756 3937 educuntnre
810 3885 842 3937 15
861 3881 1030 3949 exultantlll
1043 3884 1068 3935 G
1121 3884 1210 3937 humi·

10 3970 18 4069 i
86 3964 163 4024 Μ’
214 3976 248 4028 lu
266 3971 438 4026 existimauit
458 3970 511 4023 GP
526 3969 740 4025 existimabitT
792 3971 827 4024 20
845 3967 926 4023 rursu
948 3970 1000 4022 GP
1014 3989 1086 4039 supr.
1105 3973 1165 4024 odd.
1186 3971 1211 4022 T

10 4070 17 4121 ζ
80 4058 107 4112 21
123 4058 250 4114 deferunt
269 4059 295 4111 G
313 4057 468 4112 defundunt
486 4058 537 4110 1⁷!
538 4059 564 4109 Ε
614 4060 648 4111 92
667 4057 784 4111 tesauris
812 4056 837 4109 G
861 4074 931 4124 quae
950 4085 983 4093 -
1002 4074 1096 4110 sensus
1116 4076 1164 4110 om.
1186 4058 1210 4107 G

10 4128 18 4191 ³¹-
76 4147 107 4202 23
123 4163 199 4201 unu*
220 4145 271 4200 G?
289 4150 405 4219 et3ne
435 4145 461 4196 Ρ
528 4146 562 4198 25
586 4144 802 4212 praetiosissima
831 4143 855 4197 G
925 4146 959 4197 26
987 4152 1015 4197 et
1045 4144 1168 4198 incertae
1195 4161 1211 4197 a

73 4262 99 4298 aa
116 4240 149 4309 ll)
169 4242 203 4295 G.
