2790 4844
142 249 205 312 8¹44
489 248 606 299 sancti
625 247 760 300 Hilarii
779 246 944 314 episcopi

142 440 172 502 in
197 459 242 515 ea,
278 459 346 520 quae
382 435 547 516 prophetas
578 436 690 500 occidit
713 444 743 501 et
766 434 881 515 lapidat
903 455 964 507 eos,
996 438 1049 518 qui
1082 437 1122 499 ad
1147 456 1181 499 se
1206 438 1282 500 missi

142 541 237 607 sunt?
283 541 350 606 herc
374 541 480 625 utique
505 540 596 604 hodie
619 541 682 604 iam
704 560 765 603 oon
790 546 837 604 est
860 548 890 604 et
913 541 1068 622 quomodo
1093 541 1236 604 dominus
1258 542 1281 603 in

143 654 292 712 aeternum
323 645 466 729 regnabit
496 645 584 728 regni
615 646 662 709 sui
685 645 759 710 sede
782 642 955 708 subuersa‘?
1001 646 1056 708 sed
1089 645 1232 728 regnabit
1258 646 1281 706 in

145 772 188 828 ea,
223 769 292 834 quae
326 758 425 813 mater
458 749 590 813 celestis
620 755 674 815 est.
709 768 777 831 quae
799 747 878 812 uiuis
902 747 1057 828 lapidibus
1081 756 1237 813 exst-meta
1258 762 1281 811 er

106 885 117 920 a
145 855 259 920 sanctis
293 854 411 918 ciuibus
443 853 532 933 plena
560 873 617 934 per
650 853 880 936 generationem
911 851 991 936 legis
1015 860 1046 916 et
1069 873 1127 934 per
1161 873 1282 938 genera-

145 959 260 1022 tionem
293 957 366 1021 fidei
401 957 646 1041 frequentabitur
668 977 685 1020 a
709 957 886 1021 domesticis
909 958 959 1021 dei
984 964 1017 1020 et
1039 959 1160 1022 domini
1196 958 1281 1020 nostn'

146 1063 216 1127 lesu
240 1061 363 1127 Christi.
388 1063 438 1144 qui
464 1062 711 1126 estbenedictus
741 1061 770 1124 in
803 1060 915 1125 saecula
950 1060 1144 1126 saeculorum.
1189 1081 1281 1124 arnon.

546 1267 731 1351 Pslhlllls
760 1267 893 1349 clthl.

621 1442 812 1507 arrerura.

96 1628 120 1661 ιο
192 1600 371 1663 Laudate
395 1600 606 1676 dominum,
631 1599 816 1681 quoniam
842 1599 968 1662 bonus
999 1605 1061 1663 est
1096 1597 1279 1678 psalmus:

148 1706 219 1768 deo
241 1711 382 1768 nostro
405 1703 582 1767 iucunda
604 1705 658 1767 sit
681 1702 864 1766 laudat-io
887 1712 918 1768 et
941 1701 1068 1786 reliqna.

193 1846 320 1924 lssPost
349 1860 479 1939 primam
513 1858 705 1922 Hiemsalem
754 1859 989 1923 subuersionem
1025 1860 1224 1940 traductoque
1253 1857 1277 1919 in

150 1963 352 2047 Babyloniam
387 1962 499 2042 populo
533 1965 653 2042 captiuo
688 1963 872 2027 aedificatam
906 1983 1030 2027 rursum
1062 1964 1193 2026 eandem
1215 1961 1277 2025 ciui-

149 2075 243 2132 tatem
261 2068 357 2132 fuisse
374 2078 404 2131 et
420 2067 548 2131 historia
571 2067 751 2149 Regnorum
776 2073 806 2131 et
828 2065 898 2131 libri
920 2065 1031 2130 llsdrac
1054 2066 1199 2131 locuntur.
1230 2065 1274 2127 sed

97 2194 122 2232 ιο
151 2171 241 2236 hodie
265 2172 393 2236 eandem
418 2170 534 2234 nullam
558 2191 626 2235 esse
649 2191 751 2235 rerum
775 2171 853 2235 fides
877 2172 991 2235 edocet.
1038 2178 1070 2235 et
1091 2170 1150 2234 hoc
1176 2169 1273 2234 ideireo

152 2277 358 2356 praediximus,
383 2296 430 2346 ne.
453 2276 525 2359 quia
546 2274 782 2340 translatoribus
801 2277 900 2339 uisum
925 2283 973 2340 est
996 2275 1070 2339 huic
1094 2283 1125 2340 et
1146 2272 1271 2337 anteriori

149 2380 266 2460 psalmo
289 2382 321 2444 in
345 2381 503 2463 Aggaeum
526 2386 557 2444 et
579 2378 762 2443 Zachariam
794 2377 913 2443 titulum
945 2381 1156 2459 prescribere,
1185 2375 1269 2442 existi·

150 2504 269 2548 memus
292 2485 323 2547 in
347 2482 429 2548 illius
449 2485 594 2563 temporis
611 2482 754 2548 homines
770 2482 939 2564 prophetia
956 2483 1048 2548 huius
1064 2481 1266 2563 praescientiam

150 2589 323 2653 conuenire.
369 2586 519 2669 propheta
553 2588 635 2651 enim
660 2608 720 2651 non
743 2588 870 2671 ignarus
893 2588 1031 2669 mysterii
1057 2587 1192 2652 caelestis.
1212 2601 1263 2647 curu

97 2713 122 2750 20
149 2694 179 2756 in
208 2693 410 2757 audirlmtione
444 2692 495 2756 dei
528 2691 658 2756 ciuitatis
694 2691 861 2755 humanam
896 2691 1132 2756 aedificationem
1165 2690 1261 2752 inanem

149 2817 218 2862 esse
242 2797 378 2872 dixisset,
409 2816 480 2860 cum
504 2797 561 2859 deo
584 2796 692 2859 ciuitas
716 2797 775 2860 nisi
799 2817 855 2876 per
877 2796 980 2875 ipsum
1003 2795 1154 2860 adificare
1174 2804 1261 2857 artemi

149 2921 300 2966 essenon
327 2908 439 2982 posset,
470 2920 530 2963 non
562 2920 617 2964 nos
647 2920 728 2964 nunc
759 2902 797 2963 ad
829 2899 1067 2983 gratulationem
1091 2897 1258 2963 adificatas

151 3007 208 3072 deo
231 3025 355 3070 rursum
381 3002 573 3068 Hierusalem
598 3003 780 3080 hortaretur,
804 3024 900 3087 quam
923 3005 953 3067 in
976 3023 1092 3067 uanum
1123 3003 1160 3066 ab
1186 2995 1257 3063 honi·

150 3109 242 3173 nibus
266 3108 411 3174 aedificari
434 3115 505 3172 ante
521 3108 713 3188 praedixerat.
760 3109 841 3191 quod
865 3109 889 3171 si
914 3109 984 3190 quis
1008 3109 1087 3171 l'ortc
1110 3104 1213 3187 putabit
1230 3097 1256 3160 id.

190 3304 208 3353 4
226 3300 297 3353 uiuis
317 3300 454 3367 lapidibus
465 3300 489 3351 lt
501 3299 573 3352 uluis
592 3315 627 3351 ex
645 3299 782 3366 lapidibus
795 3300 821 3350 E
871 3303 888 3353 ὁ
908 3300 986 3351 uerbo
1005 3299 1076 3367 legis
1095 3307 1122 3352 et
1139 3314 1182 3366 per
1196 3303 1254 3359 gene

149 3386 285 3439 rationem
304 3405 352 3439 oni.
371 3387 404 3449 R,
424 3389 522 3438 litterae
539 3388 593 3438 cod.
616 3387 640 3436 G
658 3388 681 3436 h.
700 3387 716 3438 l.
736 3397 903 3453 cucurrerunt,
930 3388 977 3439 scd
1003 3389 1054 3438 rarsi
1076 3388 1178 3456 apetiam
1192 3376 1253 3448 J'ullil

148 3476 183 3526 ibi
191 3476 304 3541 fueruat
322 3476 383 3526 boec
401 3474 488 3531 uerba,
507 3490 571 3540 ‹pune
598 3484 658 3524 rictu
685 3474 733 3524 ille
760 3475 921 3525 aberrorioae
948 3475 975 3525 in
994 3473 1020 3525 R
1030 3474 1117 3541 focile
1139 3465 1253 3524 §amidae

145 3571 299 3630 potnerunt
335 3572 442 3613 ceterum
470 3561 503 3620 rs.
532 3560 627 3612 llened.
663 3562 690 3611 in
717 3563 777 3612 odii.
805 3570 828 3612 et
855 3577 919 3628 quoe
945 3561 1000 3612 diri
1027 3561 1108 3612 Acori.
1132 3577 1158 3629 p.
1179 3551 1211 3604 3?
1228 3562 1252 3611 il*

149 3655 165 3706 6
192 3649 279 3703 nostri
307 3666 355 3699 om.
384 3647 408 3699 ll
461 3645 584 3712 Explicit
611 3646 685 3713 psals
713 3644 809 3698 CXLV
835 3646 934 3714 incipit
961 3646 1035 3713 psals
1063 3644 1167 3699 CXLVI
1184 3641 1203 3691 (ι’
1216 3634 1253 3688 Fu·

148 3738 228 3806 plicit
246 3737 367 3804 psalmus
385 3733 480 3786 CXLV
499 3729 564 3801 inoffi
583 3733 691 3785 CXLVI
711 3734 736 3785 li
791 3737 823 3787 13
841 3731 985 3785 aedificato
1004 3734 1030 3785 h
1084 3736 1116 3786 14
1133 3728 1226 3784 hesdrae
1237 3722 1253 3762 (ἱ

148 3824 276 3877 locuntur
297 3823 322 3873 G
339 3821 472 3888 loquutur
492 3821 516 3872 li
571 3822 603 3872 15
627 3820 724 3872 edocet
744 3821 798 3870 (ili
820 3821 900 3873 docet
919 3821 943 3872 ll
1005 3826 1034 3873 et
1052 3820 1104 3873 hoc
1124 3822 1148 3871 (ι’
1163 3817 1204 3868 boc
1219 3803 1254 3860 ills¹

151 3914 182 3964 16
201 3910 326 3977 nequitia
344 3907 377 3972 (l)
399 3910 424 3959 (J
476 3907 550 3959 hunc
569 3907 739 3959 anteriorill
794 3909 825 3959 17
845 3906 1010 3974 inAggeum
1021 3907 1065 3959 Ra
1117 3890 1254 3959 aitituluull

150 4051 182 4101 18
200 4005 440 4116 piesoienaiamG
493 4047 527 4097 20
545 4061 576 4094 a*
589 4045 792 4098 edificationem
810 4039 840 4098 di
859 4045 981 4099 ciuitatis
1001 4044 1027 4097 G
1079 4047 1114 4098 23
1131 4040 1256 4095 hortaretur

150 4134 175 4186 Η
194 4130 238 4196 (de
259 4133 283 4182 G
301 4136 324 4186 b.
345 4135 361 4186 l.
380 4152 430 4185 aaa
449 4133 560 4196 consecr)
579 4131 774 4185 adhortaretur
792 4133 820 4183 E
870 4149 954 4199 qnam
972 4134 1001 4185 in
1019 4149 1123 4185 uanum
1145 4114 1256 4196 repud·

149 4220 282 4282 Al›u.]1'‚
302 4220 338 4272 Γ.)
357 4238 439 4287 quarn
457 4235 544 4273 uana*
565 4224 589 4268 (ι’
608 4237 690 4287 quam
710 4236 810 4271 uanum
830 4220 954 4286 liquam
973 4235 1044 4272 nane
1065 4220 1097 4270 E.
