2790 4844
427 266 609 314 tractatus
633 260 667 313 in
692 261 862 329 psalmum
888 261 944 314 LX.
1193 259 1255 325 205

104 448 241 514 insidias
272 450 459 515 sustinemus
491 451 645 515 tutissima
668 448 833 514 aduersum
857 470 927 514 cum
951 449 1166 535 spiritalesque
1188 453 1252 516 eius

104 553 269 637 nequitias
302 551 375 617 fidei
412 554 581 618 munitione
618 554 771 634 consepti:
810 573 880 618 cum
915 554 946 617 in
981 553 1176 619 tabernaculo
1206 556 1254 620 dei

100 653 281 722 habitaturi
305 658 404 722 simus
426 658 456 722 in
482 656 602 735 sucula,
638 659 705 722 sine
738 656 798 722 ullo
832 657 951 724 scilicet
979 659 1078 723 aetatis
1109 659 1254 725 modain

99 767 263 825 aternum
288 760 451 826 fluentibus
474 761 594 827 saeculis
617 762 867 846 temporibusque
891 763 1036 827 mansuri.

156 865 186 928 1.
211 864 267 932 Set
300 865 372 948 quia
405 864 480 943 baec,
515 866 658 949 quamuis
693 886 746 947 spe
777 868 909 947 reposita
943 867 1005 931 iam
1035 867 1150 939 sanctis
1184 866 1254 944 sint,

95 982 216 1034 tamen
240 968 342 1034 adhuc
366 970 424 1034 sub
437 970 668 1050 dispensatione
685 976 858 1050 tempomm
875 969 1064 1047 differantur,
1080 989 1141 1054 qua
1155 971 1254 1035 muni·

95 1074 195 1138 tione
217 1073 344 1138 interim
369 1080 450 1137 tutus
473 1075 522 1151 sit,
546 1074 705 1139 interiecto
721 1073 894 1154 diapsalma
920 1077 1111 1139 demonstrat
1134 1074 1251 1138 dicens:

97 1183 309 1261 protegar
332 1178 369 1241 in
394 1177 624 1243 uelamento
647 1177 800 1242 alarum
825 1179 1253 1262 tuarumquoniamtn,

95 1281 441 1353 «iens,eraudisti
466 1283 694 1346 orationem
718 1301 851 1346 meam.
897 1283 1119 1362 protectionem
1135 1282 1255 1347 miseri·

94 1385 226 1449 cordia}
250 1386 298 1449 dei
324 1386 380 1450 sub
403 1384 579 1450 uelamento
602 1385 720 1450 alarum
751 1387 872 1450 diuinus
903 1406 1005 1450 sermo
1028 1385 1192 1469 significat,
1216 1386 1254 1449 de
1282 1418 1287 1451 1

95 1507 173 1571 quo
197 1491 270 1572 quia
292 1490 501 1574 superioribus
524 1496 687 1555 tractatum
712 1497 766 1563 est,
790 1490 961 1571 superfluus
984 1510 1064 1554 nuno
1089 1497 1120 1554 et
1142 1489 1255 1554 otiosus

96 1594 171 1657 erit
194 1613 306 1658 sermo.
352 1596 407 1660 sed
431 1595 629 1676 protectionis
653 1595 795 1659 meritum
813 1615 850 1659 cx
866 1593 928 1659 fide
944 1595 1088 1659 orationis
1104 1592 1255 1657 indultum

97 1707 162 1760 est
184 1699 354 1762 secundum
378 1696 470 1764 illud:
494 1699 627 1779 petite
651 1704 689 1762 et
712 1699 875 1763 dabitur
897 1699 1022 1762 uobis.

159 1801 186 1865 5.
212 1800 290 1882 Quin
315 1803 407 1866 etiarn
431 1804 586 1884 adquam
613 1822 700 1883 spem
731 1803 920 1883 protectione
943 1801 1058 1866 alarum
1084 1802 1133 1868 dei
1157 1801 1255 1865 inum·

101 1904 248 1969 bandus
287 1912 384 1977 esset,
430 1907 566 1970 ostendit
611 1906 732 1970 dicens:
779 1905 933 1970 dedisti
978 1904 1287 1971 hereditatern1

106 2007 357 2074 timentibus
393 2029 533 2075 nomen
576 2017 692 2074 tuum.
739 2011 826 2074 dies
865 2029 984 2089 super
1022 2009 1110 2073 dies
1143 2010 1254 2094 regis

106 2110 279 2190 adicies,
303 2133 428 2178 annos
452 2114 538 2178 eins
562 2133 688 2196 iisqne
712 2115 748 2178 in
774 2113 877 2178 diem
908 2112 1193 2197 generationis
1217 2119 1255 2177 et

113 2218 409 2292 generationis.
455 2224 670 2301 permanet
691 2218 729 2282 in
753 2224 944 2282 aeternum
973 2218 1010 2281 in
1035 2223 1254 2297 conspectu

115 2313 190 2383 dei.
233 2321 299 2386 hac
333 2322 414 2386 enim
449 2321 605 2387 hereditas
639 2322 737 2386 sancti
772 2327 826 2398 est
860 2321 922 2385 uita
953 2328 983 2385 et
1016 2321 1201 2401 incorruptio
1224 2327 1256 2384 et

120 2433 244 2504 regnum
269 2432 301 2490 et
324 2432 474 2491 coeterna
505 2427 563 2491 deo
588 2425 744 2490 habitatio.
791 2446 849 2489 nou
884 2423 1002 2489 Israhel
1038 2431 1156 2488 tanturn
1188 2422 1254 2487 hac
1281 2453 1287 2489 r

120 2513 268 2594 hereditas
303 2530 415 2610 scripta
447 2538 502 2606 ast,
537 2531 593 2594 sed
618 2529 796 2597 timentibus
832 2530 880 2594 dei
916 2547 1035 2593 nomen.
1082 2528 1148 2592 dies
1171 2527 1253 2592 enim

123 2635 219 2697 artemi
241 2641 315 2699 snut
337 2634 428 2718 regis,
453 2635 517 2697 siue
541 2634 612 2716 quia
635 2635 743 2709 sancti,
767 2634 818 2717 qui
842 2634 960 2713 peccati
983 2632 1064 2697 serui
1080 2651 1140 2695 non
1156 2638 1252 2708 emat,

121 2739 205 2814 fuges
226 2746 299 2803 sunt
329 2738 497 2803 secundum
526 2736 599 2801 illud
624 2736 767 2818 apostoli:
798 2738 873 2801 iam
906 2738 993 2803 sine
1024 2736 1140 2800 uobis
1169 2755 1254 2819 reg·

126 2843 245 2907 tastis
270 2853 307 2908 et
330 2843 483 2907 utinam
519 2841 764 2925 regnaretis,
798 2849 839 2906 ut
873 2850 911 2905 et
944 2861 1013 2905 nos
1046 2840 1253 2906 uobiscum

125 2947 466 3032 tenregnaremns
491 2946 556 3010 siue
579 2946 650 3029 quia
674 2945 724 3009 hic
746 2945 829 3010 idem
854 2946 946 3010 etiam
970 2965 1023 3010 rex
1039 2944 1080 3009 sit
1094 2942 1251 3025 propheta,
1278 2973 1287 3010 r

164 3085 191 3140 ra
208 3085 306 3140 aaran.
325 3085 385 3153 vn,
405 3088 435 3151 r;
454 3086 521 3139 nuc.
541 3086 587 3151 xr,
606 3088 631 3138 o.
667 3087 701 3138 aa
720 3085 731 3136 1
751 3084 812 3138 oar.
830 3087 856 3148 a,
874 3085 898 3137 a.

163 3208 321 3262 induemus
330 3223 416 3260 eume
456 3206 711 3289 imunitionernP
756 3206 907 3274 coneptiV
949 3205 1096 3259 ssmodiV
1141 3207 1253 3258 4man·

131 3309 186 3362 turia
213 3312 236 3364 R
287 3313 365 3365 beet
398 3311 474 3364 Vet
502 3312 526 3363 R
584 3309 672 3364 saneti
707 3309 767 3363 Vi'e
820 3309 857 3361 sit
889 3310 913 3361 V
964 3312 1090 3362 Vtutnm
1118 3313 1176 3371 (orat.
1204 3308 1251 3374 sit)

131 3389 168 3447 ΡΤ
232 3399 404 3466 diabpsalma
432 3398 458 3449 P
525 3400 542 3452 8
570 3401 698 3466 protegat
728 3396 753 3448 V
820 3398 836 3447 9
864 3412 952 3448 meam
984 3412 1031 3447 oon
1066 3395 1089 3446 V
1158 3397 1188 3448 ll
1209 3412 1253 3447 su-

127 3484 266 3546 purioribus
292 3485 408 3553 psalmis
440 3483 542 3536 Wrn
592 3488 742 3536 tractatum
770 3501 799 3534 er
826 3488 947 3536 tractum
977 3482 1001 3534 P
1052 3484 1084 3535 13
1102 3481 1252 3534 secundum

123 3565 183 3624 ittae
201 3572 292 3624 om.V
345 3573 377 3625 14
394 3570 646 3640 pmtectionemV
697 3569 896 3623 inumbrandus
924 3569 960 3621 sit
987 3570 1031 3634 (eu
1049 3568 1104 3629 set)
1129 3585 1195 3621 corr.
1220 3586 1253 3621 nr.

120 3656 175 3711 VV
226 3660 258 3712 16
276 3657 439 3712 timentibus
457 3663 485 3711 te
504 3657 581 3709 RPY
633 3657 752 3741 repeaV
807 3658 835 3708 17
855 3655 985 3708 annusV
1036 3655 1063 3708 in
1082 3653 1256 3706 diesam'n‘

116 3761 297 3830 generationis
310 3766 339 3814 et
350 3760 524 3831 generationi
535 3779 565 3813 ea·
577 3759 718 3829 generatio
729 3761 793 3812 ar.2)
808 3759 1026 3828 Vgenerationis
1038 3760 1061 3810 R
1116 3756 1149 3811 18
1158 3775 1253 3826 sapen

114 3855 205 3902 nranet
228 3849 313 3910 (lertio
336 3858 400 3900 nutu
424 3865 454 3902 aa
469 3847 543 3912 salac
573 3847 697 3899 diuisione
727 3846 908 3899 uocabulorum
938 3851 967 3898 et
984 3845 1157 3914 generationi
1177 3861 1251 3914 aper·

111 3933 214 4000 manet)
242 3934 265 3988 V
313 3937 349 3989 20
366 3945 425 3988 uate
447 3933 582 3987 habitatio
602 3932 618 3985 i
638 3936 684 3986 h'tt.
703 3951 777 4000 erus,
796 3951 904 4001 proram
922 3930 942 3983 3
952 3934 1034 4001 prior.
1057 3931 1112 3985 hab
1136 3943 1209 3984 crura
1228 3932 1253 3983 R

109 4022 226 4078 histrael
242 4020 585 4075 Vlsraheliuellaraeiihl
626 4023 658 4074 21
679 4019 839 4074 timentibus
853 4035 953 4072 nomen
964 4019 1080 4072 tuumR
1126 4020 1161 4072 22
1179 4017 1252 4086 regie

107 4130 138 4165 α
158 4124 240 4178 reges
258 4126 291 4161 m.
310 4108 331 4161 ἶ)
353 4108 377 4161 V
426 4110 460 4162 28
478 4108 614 4176 regnastis
639 4106 799 4173 Vregnatis
818 4106 921 4159 nm·
938 4106 972 4173 cs.
988 4106 1052 4176 phil.
1072 4105 1134 4158 Aba.
1154 4105 1171 4157 I
1175 4103 1204 4172 V,
1214 4102 1250 4156 84

104 4252 142 4305 26
161 4260 397 4315 oonoegnaremus
419 4245 522 4299 VPTE
538 4261 738 4315 conregnemus
756 4245 782 4297 R
834 4191 888 4312 quh
906 4260 973 4298 corr.
992 4244 1060 4298 m.l
1086 4243 1113 4296 V.
