2790 4844
373 291 551 337 tractatus
570 285 605 337 in
623 285 795 353 psalmum
814 284 920 339 CXXV.
1152 284 1214 351 605

68 481 316 551 pernostra,
352 474 421 556 qui
453 473 555 539 fecit
587 482 760 557 utraque
796 495 920 552 unum,
944 475 1085 541 domiuus
1108 481 1213 541 noster

66 574 161 640 Iesus
184 573 334 642 Christus.
360 577 412 660 qui
435 578 688 643 estbenedictus
711 578 741 642 in
766 577 886 642 saecula.
933 599 1033 643 amen.

480 766 663 849 tsttttus
691 766 810 848 extu.

422 907 630 971 Canticum
655 909 860 990 graduum.

113 1027 156 1089 ln
188 1030 415 1093 auertendo
447 1030 648 1093 dominum
680 1030 967 1110 captiuitatem
991 1031 1085 1095 Sion
1110 1031 1212 1096 secti
1253 1058 1266 1095 a

66 1152 204 1196 suiuus
228 1132 336 1196 siout
359 1132 573 1198 consolati.

113 1238 141 1300 1,
167 1236 237 1300 Nisi
261 1246 365 1301 esseut
386 1238 418 1301 in
441 1237 570 1318 psalmis
594 1230 735 1321 quaedam
760 1237 836 1303 tales
859 1239 1036 1319 prophetiae,
1059 1247 1098 1306 ut.
1112 1240 1144 1303 in
1161 1259 1211 1305 res

65 1352 160 1424 atque
185 1340 327 1405 homines
350 1362 455 1406 eorum
479 1350 664 1424 temporum,
686 1343 796 1425 quibus
819 1345 935 1426 scripta
957 1353 1037 1426 sunt,
1053 1363 1113 1407 non
1137 1362 1210 1409 eon·

65 1446 220 1520 uenirent,
244 1445 382 1526 profecto
405 1449 555 1512 auderent
589 1446 675 1510 molti
705 1445 781 1510 nibil
812 1448 843 1510 in
875 1447 1001 1527 psalmis
1032 1437 1210 1528 spiritaliter

67 1551 184 1614 dietum
222 1551 399 1615 existimare
437 1556 640 1633 putarentque
682 1570 739 1616 nos
785 1554 936 1632 quasdam
981 1552 1264 1616 commenticiarum

68 1654 256 1719 assertiones
280 1661 311 1718 et
333 1655 496 1719 ementitas
513 1655 780 1734 interpretationes
804 1656 966 1739 inquirere,
990 1656 1101 1739 quibus
1123 1657 1211 1721 uide-

70 1778 174 1823 remur
209 1757 300 1822 altius
334 1759 438 1823 neseio
472 1759 546 1842 quid
581 1779 616 1823 ao
651 1760 831 1842 profundius
854 1773 1026 1824 ceterorum
1049 1779 1141 1824 sensu
1164 1760 1211 1823 iu·

71 1861 232 1938 tollerasse,
256 1864 386 1942 proinde
410 1864 499 1947 quasi
522 1883 579 1928 nos
602 1865 705 1928 sensui
729 1872 834 1927 nostro
851 1883 894 1941 ea,
919 1882 988 1946 quae
1003 1864 1117 1944 scripta
1132 1877 1210 1940 suut,

72 1973 251 2047 coaptemus
274 1975 304 2032 et
327 1987 387 2030 uon
422 1968 523 2051 magis
557 1989 594 2032 ex
629 1967 688 2048 bis,
724 1987 791 2051 quae
826 1968 941 2052 scripta
974 1974 1052 2043 sunt,
1086 1988 1211 2033 sensum

75 2069 226 2151 diligentis
242 2081 273 2135 et
288 2070 425 2137 sollicitae
442 2071 660 2156 intellegentiae
676 2092 909 2156 consequamur.
956 2073 1106 2153 scriptura
1129 2073 1210 2136 enim
1239 2091 1264 2128 ιι

76 2171 149 2256 legis
183 2182 292 2240 manet
325 2186 416 2260 atque
449 2185 497 2240 est
530 2177 733 2242 anterioribus
779 2197 871 2261 quam
906 2177 1030 2242 adesset
1063 2177 1212 2253 dominus,
1316 2162 1320 2170 ’

79 2280 264 2360 temporibus
283 2290 495 2345 consummata
517 2301 536 2344 a
557 2281 725 2362 prophetis,
750 2282 833 2346 edita
848 2302 866 2345 a
882 2281 1003 2356 Iudaeis,
1026 2288 1212 2362 pertractata

79 2384 252 2468 aregibus
287 2393 428 2465 suscepta
459 2405 477 2449 a
508 2387 661 2469 gentibus,
696 2387 751 2450 sed
786 2385 939 2451 intellecta
972 2391 1004 2450 et
1034 2386 1163 2466 probata
1193 2406 1210 2448 a

80 2480 260 2553 Christianis.

14 2664 17 2669 ,
120 2590 141 2654 2.
163 2593 231 2657 Hoc
266 2593 344 2658 forte
378 2594 512 2659 insolens
547 2595 743 2659 existimetur.
796 2593 886 2676 plane
921 2594 1057 2660 insolens
1091 2602 1146 2670 est,
1182 2594 1208 2658 si
1236 2612 1261 2651 oo

20 2782 23 2787 Ι
81 2691 158 2760 nobis
179 2696 259 2761 hane
283 2697 412 2780 gloriam
430 2699 657 2778 praesumimus
688 2699 713 2763 si
744 2711 862 2763 tantum
894 2699 1066 2763 infirmitati
1095 2706 1210 2763 nostrae

79 2788 160 2864 liuere
192 2801 343 2873 uolumus,
378 2812 413 2867 ut
435 2804 528 2868 tentis
551 2804 739 2884 temporibus
773 2805 922 2877 abstrusa,
957 2803 1050 2868 tantis
1082 2803 1209 2868 humani

76 2906 189 2971 aeneas
210 2907 344 2971 obseura
366 2907 515 2979 aetatibus.
538 2908 568 2971 in
594 2909 706 2990 quibas
732 2907 951 2991 intellegendis
976 2908 1089 2972 frustra
1111 2927 1204 2989 repes
1263 2890 1267 2901 ¹

10 2998 25 3059 'f
77 2990 279 3084 laboratorias,
313 3011 372 3093 ipsi
407 3012 550 3077 doctores
584 3027 614 3077 et
648 3013 788 3097 magistri
823 3012 901 3096 legis
936 3005 1114 3088 errauerint
1148 3031 1205 3077 nos

22 3104 29 3187 ζ
77 3104 153 3175 stulti
174 3114 286 3180 saeoulo
309 3121 339 3179 et
361 3124 566 3200 purgamento
588 3117 695 3180 muudi
727 3125 757 3181 et
786 3116 991 3181 deliramenta
1014 3116 1204 3195 sapientibus
1236 3130 1262 3169 2⁵

23 3204 32 3307 l
78 3217 175 3281 eorum
205 3218 416 3303 intellegentia
449 3220 624 3303 gloriemur.
669 3220 724 3285 sed
755 3231 857 3285 tamen
889 3219 1106 3304 intellegimus,
1138 3221 1209 3303 quia

115 3383 175 3445 2in
198 3393 307 3446 saecula
334 3410 413 3448 amen
432 3396 457 3447 a
475 3396 504 3448 in
532 3395 640 3448 saecula
664 3396 687 3447 V
703 3396 733 3448 iu
760 3396 869 3448 saecula
896 3395 1069 3448 saeculorum
1087 3411 1167 3447 amen
1186 3394 1212 3446 P

83 3456 177 3536 Exorat.
208 3482 331 3549 psalmus
365 3481 490 3536 oxxrur
523 3482 605 3551 incip.
639 3482 761 3550 psalmus
796 3482 893 3535 (trau
926 3481 1047 3534 ferreae·
1080 3480 1210 3534 urna

22 3592 25 3596 ·
85 3550 142 3613 llll·
164 3567 287 3621 Cxxlm
310 3568 411 3636 incipit
435 3569 531 3622 CXXV
557 3570 582 3621 R
606 3569 682 3622 Finit
706 3570 827 3636 psalmus
851 3568 977 3622 cxxllll
1002 3564 1066 3634 inopi
1084 3567 1207 3635 psalmus

10 3670 13 3675 ¹
89 3631 169 3703 CXXV
185 3654 210 3706 P
259 3658 276 3707 b
303 3654 454 3708 auertendo
488 3656 512 3708 V
535 3657 722 3709 conuertendo
751 3657 775 3708 R
803 3651 867 3708 db’m
888 3655 1054 3709 Vdominne
1074 3655 1099 3707 R
1118 3653 1154 3720 (ἐν
1169 3662 1208 3722 τῷ

15 3740 30 3751 “
92 3721 222 3806 “mairiu
233 3742 325 3810 κύριον
336 3741 421 3808 LXX)
430 3744 465 3812 cs.
474 3745 538 3813 infr.
544 3763 573 3814 p.
584 3742 651 3810 606,
661 3742 700 3795 20
753 3742 916 3796 sconsulatt
932 3741 966 3794 V¹
1019 3741 1209 3796 llementitas

93 3811 122 3866 3²
142 3828 230 3882 entus
257 3828 284 3881 P
307 3830 466 3883 ementitias
493 3832 507 3882 b
565 3830 826 3898 interpraetationes
853 3831 879 3882 R
938 3832 970 3883 ta
989 3846 1021 3881 ao
1048 3847 1078 3881 ea
1103 3827 1155 3881 heo
1183 3827 1209 3880 R

92 3902 118 3955 1³
132 3913 215 3978 ‹pinde
234 3917 259 3969 R
280 3916 393 3985 ‘pinque
412 3917 438 3969 P
454 3917 569 3985 proinde
587 3937 606 3967 α
624 3917 739 3986 perinde
757 3936 769 3967 e
824 3920 856 3971 14
875 3933 985 3969 sensum
1004 3916 1058 3968 RE
1082 3930 1164 3969 seusu
1184 3913 1211 3966 P

91 3992 117 4048 16
129 3998 225 4056 menet
244 4003 322 4057 RPE
348 4004 383 4057 ad
407 4004 447 4058 eis
465 4011 494 4057 et
514 4006 539 4055 G
594 4008 625 4057 17
645 4008 837 4057 consummato
856 4003 890 4069 (l)
911 4003 935 4054 G
989 4002 1137 4070 aprosetis
1158 3999 1209 4053 GR

90 4079 116 4137 18
129 4087 170 4141 red
186 4089 331 4144 intellectu
357 4109 405 4144 om.
425 4091 452 4143 P
502 4097 530 4145 et
547 4092 665 4160 probata
683 4109 731 4143 ora.
752 4089 775 4138 a
795 4091 945 4157 exepbrnta
965 4089 990 4141 P
1039 4090 1074 4141 23
1091 4089 1209 4141 obseura

85 4173 204 4229 mutibus
216 4176 268 4230 Ga
277 4177 473 4232 obscuritatib:
486 4177 513 4231 P
562 4179 636 4245 regie
648 4179 673 4230 G
725 4179 760 4230 24
778 4176 935 4230 errauerint
948 4176 1000 4229 GP
1010 4174 1210 4229 erraueruntR

78 4259 110 4316 at
123 4260 309 4317 delemmente
320 4264 345 4316 G
354 4263 542 4318 delet-amenta
552 4265 578 4316 P
628 4267 662 4318 26
682 4264 873 4332 intellegentia
884 4264 909 4316 G
918 4262 1139 4331 intellegentiam
1150 4261 1209 4314 PR.
