<?xml version="1.0" encoding="UTF-8"?>
<!DOCTYPE html PUBLIC "-//W3C//DTD XHTML 1.0 Transitional//EN"
    "http://www.w3.org/TR/xhtml1/DTD/xhtml1-transitional.dtd">
<html xmlns="http://www.w3.org/1999/xhtml" xml:lang="en" lang="en">
 <head>
  <title>
</title>
<meta http-equiv="Content-Type" content="text/html;charset=utf-8" />
  <meta name='ocr-system' content='tesseract 3.04.00' />
  <meta name='ocr-capabilities' content='ocr_page ocr_carea ocr_par ocr_line ocrx_word'/>
</head>
<body>
  <div class='ocr_page' id='page_1' title='image "./shilariiepiscop00hilagoog_0820.png"; bbox 0 0 2790 4844; ppageno 0'>
   <div class='ocr_carea' id='block_1_1' title="bbox 207 265 1008 333">
    <p class='ocr_par' dir='ltr' id='par_1_1' title="bbox 207 265 1008 333">
     <span class='ocr_line' id='line_1_1' title="bbox 207 265 1008 333; baseline -0.011 -8"><span class='ocrx_word' id='word_1_1' title='bbox 207 268 270 333; x_wconf 80' lang='grc'>790</span> <span class='ocrx_word' id='word_1_2' title='bbox 554 267 670 319; x_wconf 83' lang='lat' dir='ltr'>sancti</span> <span class='ocrx_word' id='word_1_3' title='bbox 694 265 825 318; x_wconf 89' lang='lat' dir='ltr'>Hilarii</span> <span class='ocrx_word' id='word_1_4' title='bbox 850 265 1008 332; x_wconf 83' lang='lat' dir='ltr'>episcopi</span> 
     </span>
    </p>
   </div>
   <div class='ocr_carea' id='block_1_2' title="bbox 99 453 1355 3552">
    <p class='ocr_par' dir='ltr' id='par_1_2' title="bbox 99 453 1355 3552">
     <span class='ocr_line' id='line_1_2' title="bbox 207 453 1355 540; baseline -0.003 -17"><span class='ocrx_word' id='word_1_5' title='bbox 207 457 435 538; x_wconf 83' lang='lat' dir='ltr'>deprauabitur,</span> <span class='ocrx_word' id='word_1_6' title='bbox 473 475 535 520; x_wconf 90' lang='lat' dir='ltr'>non</span> <span class='ocrx_word' id='word_1_7' title='bbox 574 456 732 539; x_wconf 82' lang='lat' dir='ltr'><strong>dirigetur.</strong></span> <span class='ocrx_word' id='word_1_8' title='bbox 777 455 834 519; x_wconf 88' lang='lat' dir='ltr'>sed</span> <span class='ocrx_word' id='word_1_9' title='bbox 867 455 949 536; x_wconf 92' lang='lat' dir='ltr'>quod</span> <span class='ocrx_word' id='word_1_10' title='bbox 983 453 1040 516; x_wconf 85' lang='lat' dir='ltr'>ait:</span> <span class='ocrx_word' id='word_1_11' title='bbox 1079 455 1298 540; x_wconf 81' lang='lat' dir='ltr'><strong>dirigatur</strong></span> <span class='ocrx_word' id='word_1_12' title='bbox 1327 473 1355 519; x_wconf 80' lang='lat' dir='ltr'>ur</span> 
     </span>
     <span class='ocr_line' id='line_1_3' title="bbox 207 557 1355 644; baseline 0 -19"><span class='ocrx_word' id='word_1_13' title='bbox 207 562 427 637; x_wconf 87' lang='lat' dir='ltr'>incensum,</span> <span class='ocrx_word' id='word_1_14' title='bbox 451 559 695 644; x_wconf 88' lang='lat' dir='ltr'>intellegendum</span> <span class='ocrx_word' id='word_1_15' title='bbox 718 572 773 635; x_wconf 87' lang='lat' dir='ltr'>est,</span> <span class='ocrx_word' id='word_1_16' title='bbox 796 559 870 643; x_wconf 90' lang='lat' dir='ltr'>quid</span> <span class='ocrx_word' id='word_1_17' title='bbox 893 558 951 623; x_wconf 87' lang='lat' dir='ltr'>sibi</span> <span class='ocrx_word' id='word_1_18' title='bbox 983 557 1057 622; x_wconf 91' lang='lat' dir='ltr'>uelit</span> <span class='ocrx_word' id='word_1_19' title='bbox 1087 561 1277 640; x_wconf 77' lang='lat' dir='ltr'>conparatio</span> <span class='ocrx_word' id='word_1_20' title='bbox 1298 581 1355 641; x_wconf 88' lang='lat' dir='ltr'>pro·</span> 
     </span>
     <span class='ocr_line' id='line_1_4' title="bbox 205 662 1353 747; baseline -0.001 -18"><span class='ocrx_word' id='word_1_21' title='bbox 205 666 305 747; x_wconf 90' lang='lat' dir='ltr'>posita</span> <span class='ocrx_word' id='word_1_22' title='bbox 327 665 455 729; x_wconf 80' lang='lat' dir='ltr'><strong>incensi.</strong></span> <span class='ocrx_word' id='word_1_23' title='bbox 501 671 530 728; x_wconf 90' lang='lat' dir='ltr'>et</span> <span class='ocrx_word' id='word_1_24' title='bbox 551 665 688 745; x_wconf 91' lang='lat' dir='ltr'>primum</span> <span class='ocrx_word' id='word_1_25' title='bbox 710 670 820 728; x_wconf 89' lang='lat' dir='ltr'>natura</span> <span class='ocrx_word' id='word_1_26' title='bbox 842 662 961 727; x_wconf 79' lang='lat' dir='ltr'>incensi</span> <span class='ocrx_word' id='word_1_27' title='bbox 985 682 1020 727; x_wconf 89' lang='lat' dir='ltr'>ea</span> <span class='ocrx_word' id='word_1_28' title='bbox 1046 673 1106 741; x_wconf 88' lang='lat' dir='ltr'>est,</span> <span class='ocrx_word' id='word_1_29' title='bbox 1142 673 1177 729; x_wconf 91' lang='lat' dir='ltr'>ut</span> <span class='ocrx_word' id='word_1_30' title='bbox 1208 665 1240 729; x_wconf 94' lang='lat' dir='ltr'>in</span> <span class='ocrx_word' id='word_1_31' title='bbox 1272 666 1353 730; x_wconf 88' lang='lat' dir='ltr'>altum</span> 
     </span>
     <span class='ocr_line' id='line_1_5' title="bbox 99 766 1350 848; baseline -0.001 -14"><span class='ocrx_word' id='word_1_32' title='bbox 99 813 101 816; x_wconf 78' lang='lat'><em>.</em></span> <span class='ocrx_word' id='word_1_33' title='bbox 206 789 240 834; x_wconf 90' lang='lat' dir='ltr'>se</span> <span class='ocrx_word' id='word_1_34' title='bbox 265 771 303 834; x_wconf 91' lang='lat' dir='ltr'>de</span> <span class='ocrx_word' id='word_1_35' title='bbox 326 768 495 833; x_wconf 87' lang='lat' dir='ltr'>humilibus</span> <span class='ocrx_word' id='word_1_36' title='bbox 518 766 645 833; x_wconf 82' lang='lat' dir='ltr'>extollat</span> <span class='ocrx_word' id='word_1_37' title='bbox 667 768 789 848; x_wconf 82' lang='lat' dir='ltr'>spirans</span> <span class='ocrx_word' id='word_1_38' title='bbox 812 767 925 847; x_wconf 90' lang='lat' dir='ltr'>optime</span> <span class='ocrx_word' id='word_1_39' title='bbox 949 774 979 830; x_wconf 88' lang='lat' dir='ltr'>et</span> <span class='ocrx_word' id='word_1_40' title='bbox 1002 786 1037 832; x_wconf 89' lang='lat' dir='ltr'>so</span> <span class='ocrx_word' id='word_1_41' title='bbox 1062 768 1158 834; x_wconf 92' lang='lat' dir='ltr'>nobis</span> <span class='ocrx_word' id='word_1_42' title='bbox 1187 771 1350 835; x_wconf 88' lang='lat' dir='ltr'>insensum</span> 
     </span>
     <span class='ocr_line' id='line_1_6' title="bbox 167 870 1349 958; baseline 0 -20"><span class='ocrx_word' id='word_1_43' title='bbox 167 872 427 938; x_wconf 81' lang='lat' dir='ltr'>ssuaueolentiae</span> <span class='ocrx_word' id='word_1_44' title='bbox 448 873 617 937; x_wconf 75' lang='lat' dir='ltr'>inmittens.</span> <span class='ocrx_word' id='word_1_45' title='bbox 662 870 736 935; x_wconf 93' lang='lat' dir='ltr'>hinc</span> <span class='ocrx_word' id='word_1_46' title='bbox 767 892 804 936; x_wconf 84' lang='lat' dir='ltr'>ex</span> <span class='ocrx_word' id='word_1_47' title='bbox 834 876 976 953; x_wconf 88' lang='lat' dir='ltr'>quattuor</span> <span class='ocrx_word' id='word_1_48' title='bbox 1010 873 1247 939; x_wconf 79' lang='lat' dir='ltr'>odoratissimis</span> <span class='ocrx_word' id='word_1_49' title='bbox 1269 895 1349 958; x_wconf 75' lang='lat' dir='ltr'>gene</span> 
     </span>
     <span class='ocr_line' id='line_1_7' title="bbox 206 975 1347 1056; baseline 0.001 -15"><span class='ocrx_word' id='word_1_50' title='bbox 206 976 292 1042; x_wconf 91' lang='lat' dir='ltr'>ribus</span> <span class='ocrx_word' id='word_1_51' title='bbox 322 976 355 1040; x_wconf 92' lang='lat' dir='ltr'>iu</span> <span class='ocrx_word' id='word_1_52' title='bbox 380 977 546 1040; x_wconf 84' lang='lat' dir='ltr'>maximam</span> <span class='ocrx_word' id='word_1_53' title='bbox 569 975 767 1040; x_wconf 82' lang='lat' dir='ltr'>subtilitatem</span> <span class='ocrx_word' id='word_1_54' title='bbox 792 975 987 1038; x_wconf 88' lang='lat' dir='ltr'>comminutis</span> <span class='ocrx_word' id='word_1_55' title='bbox 1010 984 1221 1056; x_wconf 89' lang='lat' dir='ltr'>conparatur:</span> <span class='ocrx_word' id='word_1_56' title='bbox 1253 987 1347 1053; x_wconf 85' lang='lat' dir='ltr'>stacte,</span> 
     </span>
     <span class='ocr_line' id='line_1_8' title="bbox 207 1076 1345 1165; baseline 0.001 -20"><span class='ocrx_word' id='word_1_57' title='bbox 207 1080 336 1165; x_wconf 88' lang='lat' dir='ltr'>onyche,</span> <span class='ocrx_word' id='word_1_58' title='bbox 370 1079 512 1164; x_wconf 88' lang='lat' dir='ltr'>galbano,</span> <span class='ocrx_word' id='word_1_59' title='bbox 537 1088 619 1157; x_wconf 90' lang='lat' dir='ltr'>ture;</span> <span class='ocrx_word' id='word_1_60' title='bbox 654 1097 723 1162; x_wconf 84' lang='lat' dir='ltr'>quae</span> <span class='ocrx_word' id='word_1_61' title='bbox 746 1079 850 1142; x_wconf 91' lang='lat' dir='ltr'>omnia</span> <span class='ocrx_word' id='word_1_62' title='bbox 872 1076 940 1142; x_wconf 85' lang='lat' dir='ltr'>haec</span> <span class='ocrx_word' id='word_1_63' title='bbox 963 1079 994 1141; x_wconf 94' lang='lat' dir='ltr'>in</span> <span class='ocrx_word' id='word_1_64' title='bbox 1018 1079 1158 1144; x_wconf 86' lang='lat' dir='ltr'>formam</span> <span class='ocrx_word' id='word_1_65' title='bbox 1186 1083 1345 1146; x_wconf 86' lang='lat' dir='ltr'>orationum</span> 
     </span>
     <span class='ocr_line' id='line_1_9' title="bbox 207 1180 1347 1266; baseline 0.001 -17"><span class='ocrx_word' id='word_1_66' title='bbox 207 1183 343 1249; x_wconf 85' lang='lat' dir='ltr'>fidelium</span> <span class='ocrx_word' id='word_1_67' title='bbox 378 1184 542 1249; x_wconf 88' lang='lat' dir='ltr'>constituta</span> <span class='ocrx_word' id='word_1_68' title='bbox 577 1203 644 1247; x_wconf 89' lang='lat' dir='ltr'>esse</span> <span class='ocrx_word' id='word_1_69' title='bbox 679 1183 760 1247; x_wconf 88' lang='lat' dir='ltr'>beati</span> <span class='ocrx_word' id='word_1_70' title='bbox 793 1180 943 1247; x_wconf 87' lang='lat' dir='ltr'>Iohannis</span> <span class='ocrx_word' id='word_1_71' title='bbox 968 1181 1182 1266; x_wconf 86' lang='lat' dir='ltr'>Apocalypsis</span> <span class='ocrx_word' id='word_1_72' title='bbox 1217 1187 1347 1250; x_wconf 80' lang='lat' dir='ltr'>ostendit</span> 
     </span>
     <span class='ocr_line' id='line_1_10' title="bbox 208 1286 1345 1378; baseline -0.001 -25"><span class='ocrx_word' id='word_1_73' title='bbox 208 1309 278 1354; x_wconf 91' lang='lat' dir='ltr'>cum</span> <span class='ocrx_word' id='word_1_74' title='bbox 301 1289 358 1352; x_wconf 89' lang='lat' dir='ltr'>ait:</span> <span class='ocrx_word' id='word_1_75' title='bbox 394 1294 432 1352; x_wconf 91' lang='lat' dir='ltr'>et</span> <span class='ocrx_word' id='word_1_76' title='bbox 464 1286 528 1350; x_wconf 89' lang='lat' dir='ltr'>illi</span> <span class='ocrx_word' id='word_1_77' title='bbox 563 1287 725 1369; x_wconf 91' lang='lat' dir='ltr'>quidem</span> <span class='ocrx_word' id='word_1_78' title='bbox 759 1286 911 1370; x_wconf 90' lang='lat' dir='ltr'>uiginti</span> <span class='ocrx_word' id='word_1_79' title='bbox 946 1292 1144 1378; x_wconf 88' lang='lat' dir='ltr'>quattuor</span> <span class='ocrx_word' id='word_1_80' title='bbox 1168 1290 1345 1354; x_wconf 87' lang='lat' dir='ltr'>seniores</span> 
     </span>
     <span class='ocr_line' id='line_1_11' title="bbox 158 1389 1345 1477; baseline 0.003 -23"><span class='ocrx_word' id='word_1_81' title='bbox 158 1419 182 1455; x_wconf 79' lang='grc' dir='ltr'>ιο</span> <span class='ocrx_word' id='word_1_82' title='bbox 209 1393 481 1474; x_wconf 89' lang='lat' dir='ltr'>prociderunt</span> <span class='ocrx_word' id='word_1_83' title='bbox 504 1397 596 1455; x_wconf 89' lang='lat' dir='ltr'>aute</span> <span class='ocrx_word' id='word_1_84' title='bbox 620 1411 772 1474; x_wconf 83' lang='lat' dir='ltr'>agnum,</span> <span class='ocrx_word' id='word_1_85' title='bbox 804 1389 1005 1455; x_wconf 89' lang='lat' dir='ltr'>habentes</span> <span class='ocrx_word' id='word_1_86' title='bbox 1029 1391 1208 1477; x_wconf 88' lang='lat' dir='ltr'>quisque</span> <span class='ocrx_word' id='word_1_87' title='bbox 1233 1394 1345 1458; x_wconf 87' lang='lat' dir='ltr'>citha·</span> 
     </span>
     <span class='ocr_line' id='line_1_12' title="bbox 208 1494 1344 1581; baseline 0 -21"><span class='ocrx_word' id='word_1_88' title='bbox 208 1516 289 1560; x_wconf 87' lang='lat' dir='ltr'>ram</span> <span class='ocrx_word' id='word_1_89' title='bbox 314 1494 537 1576; x_wconf 88' lang='lat' dir='ltr'>etphialas</span> <span class='ocrx_word' id='word_1_90' title='bbox 571 1515 714 1559; x_wconf 89' lang='lat' dir='ltr'>aureas</span> <span class='ocrx_word' id='word_1_91' title='bbox 750 1494 893 1575; x_wconf 87' lang='lat' dir='ltr'>plenas</span> <span class='ocrx_word' id='word_1_92' title='bbox 927 1494 1136 1571; x_wconf 76' lang='lat' dir='ltr'>odoribus</span> <span class='ocrx_word' id='word_1_93' title='bbox 1174 1499 1344 1581; x_wconf 83' lang='lat' dir='ltr'>quisunt</span> 
     </span>
     <span class='ocr_line' id='line_1_13' title="bbox 208 1600 1344 1682; baseline 0 -18"><span class='ocrx_word' id='word_1_94' title='bbox 208 1600 417 1664; x_wconf 89' lang='lat' dir='ltr'>orationes</span> <span class='ocrx_word' id='word_1_95' title='bbox 448 1605 689 1663; x_wconf 90' lang='lat' dir='ltr'>sanctorum.</span> <span class='ocrx_word' id='word_1_96' title='bbox 735 1606 877 1682; x_wconf 90' lang='lat' dir='ltr'>quattuor</span> <span class='ocrx_word' id='word_1_97' title='bbox 905 1604 1009 1662; x_wconf 89' lang='lat' dir='ltr'>aulem</span> <span class='ocrx_word' id='word_1_98' title='bbox 1039 1619 1160 1682; x_wconf 86' lang='lat' dir='ltr'>genera</span> <span class='ocrx_word' id='word_1_99' title='bbox 1183 1603 1344 1667; x_wconf 89' lang='lat' dir='ltr'>orationum</span> 
     </span>
     <span class='ocr_line' id='line_1_14' title="bbox 209 1701 1343 1786; baseline 0.001 -18"><span class='ocrx_word' id='word_1_100' title='bbox 209 1702 364 1784; x_wconf 89' lang='lat' dir='ltr'>apostolus</span> <span class='ocrx_word' id='word_1_101' title='bbox 388 1723 455 1767; x_wconf 88' lang='lat' dir='ltr'>esse</span> <span class='ocrx_word' id='word_1_102' title='bbox 479 1701 635 1786; x_wconf 88' lang='lat' dir='ltr'>significat</span> <span class='ocrx_word' id='word_1_103' title='bbox 656 1704 695 1766; x_wconf 90' lang='lat' dir='ltr'>ad</span> <span class='ocrx_word' id='word_1_104' title='bbox 719 1701 915 1767; x_wconf 81' lang='lat' dir='ltr'>Timotheum</span> <span class='ocrx_word' id='word_1_105' title='bbox 946 1703 1102 1768; x_wconf 89' lang='lat' dir='ltr'>scribens:</span> <span class='ocrx_word' id='word_1_106' title='bbox 1136 1704 1343 1770; x_wconf 84' lang='lat' dir='ltr'>exhortare</span> 
     </span>
     <span class='ocr_line' id='line_1_15' title="bbox 210 1807 1343 1891; baseline 0 -19"><span class='ocrx_word' id='word_1_107' title='bbox 210 1827 305 1891; x_wconf 90' lang='lat' dir='ltr'>ergo</span> <span class='ocrx_word' id='word_1_108' title='bbox 337 1808 463 1888; x_wconf 90' lang='lat' dir='ltr'>primo</span> <span class='ocrx_word' id='word_1_109' title='bbox 497 1807 672 1872; x_wconf 92' lang='lat' dir='ltr'>omnium</span> <span class='ocrx_word' id='word_1_110' title='bbox 708 1807 805 1871; x_wconf 83' lang='lat' dir='ltr'>fieri</span> <span class='ocrx_word' id='word_1_111' title='bbox 840 1808 1110 1887; x_wconf 69' lang='lat' dir='ltr'>precationes</span> <span class='ocrx_word' id='word_1_112' title='bbox 1136 1811 1343 1882; x_wconf 75' lang='lat' dir='ltr'>orationes,</span> 
     </span>
     <span class='ocr_line' id='line_1_16' title="bbox 158 1910 1342 1994; baseline 0.003 -21"><span class='ocrx_word' id='word_1_113' title='bbox 158 1937 182 1974; x_wconf 80' lang='lat' dir='ltr'>re</span> <span class='ocrx_word' id='word_1_114' title='bbox 209 1910 528 1992; x_wconf 71' lang='lat' dir='ltr'>postulationes</span> <span class='ocrx_word' id='word_1_115' title='bbox 553 1912 779 1994; x_wconf 90' lang='lat' dir='ltr'>gratiarum</span> <span class='ocrx_word' id='word_1_116' title='bbox 801 1911 997 1976; x_wconf 88' lang='lat' dir='ltr'>actiones.</span> <span class='ocrx_word' id='word_1_117' title='bbox 1043 1911 1226 1978; x_wconf 86' lang='lat' dir='ltr'>humilitatis</span> <span class='ocrx_word' id='word_1_118' title='bbox 1242 1920 1342 1978; x_wconf 81' lang='lat' dir='ltr'>nostra</span> 
     </span>
     <span class='ocr_line' id='line_1_17' title="bbox 209 2013 1342 2098; baseline 0.002 -19"><span class='ocrx_word' id='word_1_119' title='bbox 209 2021 257 2080; x_wconf 90' lang='lat' dir='ltr'>est</span> <span class='ocrx_word' id='word_1_120' title='bbox 279 2016 447 2098; x_wconf 87' lang='lat' dir='ltr'>deprecari,</span> <span class='ocrx_word' id='word_1_121' title='bbox 483 2013 723 2098; x_wconf 79' lang='lat' dir='ltr'>magnificentiae</span> <span class='ocrx_word' id='word_1_122' title='bbox 746 2015 796 2079; x_wconf 90' lang='lat' dir='ltr'>dei</span> <span class='ocrx_word' id='word_1_123' title='bbox 820 2022 867 2079; x_wconf 92' lang='lat' dir='ltr'>est</span> <span class='ocrx_word' id='word_1_124' title='bbox 900 2016 988 2085; x_wconf 82' lang='lat' dir='ltr'>orari.</span> <span class='ocrx_word' id='word_1_125' title='bbox 1022 2014 1096 2081; x_wconf 88' lang='lat' dir='ltr'>fidei</span> <span class='ocrx_word' id='word_1_126' title='bbox 1120 2023 1170 2082; x_wconf 88' lang='lat' dir='ltr'>est</span> <span class='ocrx_word' id='word_1_127' title='bbox 1193 2017 1342 2098; x_wconf 85' lang='lat' dir='ltr'>postulare.</span> 
     </span>
     <span class='ocr_line' id='line_1_18' title="bbox 210 2117 1342 2207; baseline -0.001 -23"><span class='ocrx_word' id='word_1_128' title='bbox 210 2120 410 2184; x_wconf 82' lang='lat' dir='ltr'>confessionis</span> <span class='ocrx_word' id='word_1_129' title='bbox 427 2125 457 2184; x_wconf 91' lang='lat' dir='ltr'>et</span> <span class='ocrx_word' id='word_1_130' title='bbox 471 2118 570 2183; x_wconf 86' lang='lat' dir='ltr'>laudis</span> <span class='ocrx_word' id='word_1_131' title='bbox 587 2125 633 2183; x_wconf 87' lang='lat' dir='ltr'>cst</span> <span class='ocrx_word' id='word_1_132' title='bbox 649 2117 806 2203; x_wconf 86' lang='lat' dir='ltr'>gratulari.</span> <span class='ocrx_word' id='word_1_133' title='bbox 854 2125 883 2183; x_wconf 89' lang='lat' dir='ltr'>et</span> <span class='ocrx_word' id='word_1_134' title='bbox 906 2119 985 2184; x_wconf 85' lang='lat' dir='ltr'>forte</span> <span class='ocrx_word' id='word_1_135' title='bbox 1009 2126 1155 2202; x_wconf 90' lang='lat' dir='ltr'>quattuor</span> <span class='ocrx_word' id='word_1_136' title='bbox 1170 2120 1223 2185; x_wconf 91' lang='lat' dir='ltr'>illa</span> <span class='ocrx_word' id='word_1_137' title='bbox 1239 2141 1342 2207; x_wconf 88' lang='lat' dir='ltr'>genera</span> 
     </span>
     <span class='ocr_line' id='line_1_19' title="bbox 209 2221 1340 2306; baseline -0.001 -19"><span class='ocrx_word' id='word_1_138' title='bbox 209 2224 337 2288; x_wconf 92' lang='lat' dir='ltr'>odorum</span> <span class='ocrx_word' id='word_1_139' title='bbox 360 2223 400 2287; x_wconf 91' lang='lat' dir='ltr'>ad</span> <span class='ocrx_word' id='word_1_140' title='bbox 422 2242 516 2287; x_wconf 92' lang='lat' dir='ltr'>uuum</span> <span class='ocrx_word' id='word_1_141' title='bbox 540 2221 710 2306; x_wconf 85' lang='lat' dir='ltr'>thymiama</span> <span class='ocrx_word' id='word_1_142' title='bbox 733 2243 770 2286; x_wconf 83' lang='lat' dir='ltr'>ex</span> <span class='ocrx_word' id='word_1_143' title='bbox 793 2222 932 2302; x_wconf 88' lang='lat' dir='ltr'>partibus</span> <span class='ocrx_word' id='word_1_144' title='bbox 956 2223 1169 2290; x_wconf 87' lang='lat' dir='ltr'>subtilissimis</span> <span class='ocrx_word' id='word_1_145' title='bbox 1187 2241 1340 2305; x_wconf 87' lang='lat' dir='ltr'>conparata</span> 
     </span>
     <span class='ocr_line' id='line_1_20' title="bbox 209 2327 1341 2411; baseline -0.001 -19"><span class='ocrx_word' id='word_1_146' title='bbox 209 2327 340 2411; x_wconf 88' lang='lat' dir='ltr'>singulis</span> <span class='ocrx_word' id='word_1_147' title='bbox 375 2347 496 2411; x_wconf 85' lang='lat' dir='ltr'>quoque</span> <span class='ocrx_word' id='word_1_148' title='bbox 537 2327 705 2410; x_wconf 86' lang='lat' dir='ltr'>generibus</span> <span class='ocrx_word' id='word_1_149' title='bbox 746 2327 880 2407; x_wconf 90' lang='lat' dir='ltr'>poterint</span> <span class='ocrx_word' id='word_1_150' title='bbox 916 2329 1169 2393; x_wconf 73' lang='lat' dir='ltr'>consummandae</span> <span class='ocrx_word' id='word_1_151' title='bbox 1206 2329 1341 2394; x_wconf 85' lang='lat' dir='ltr'>orationis</span> 
     </span>
     <span class='ocr_line' id='line_1_21' title="bbox 158 2430 1340 2515; baseline 0.005 -25"><span class='ocrx_word' id='word_1_152' title='bbox 158 2453 182 2490; x_wconf 80' lang='lat' dir='ltr'>ao</span> <span class='ocrx_word' id='word_1_153' title='bbox 210 2433 317 2512; x_wconf 87' lang='lat' dir='ltr'>aptari.</span> <span class='ocrx_word' id='word_1_154' title='bbox 362 2449 549 2515; x_wconf 88' lang='lat' dir='ltr'>quamquam</span> <span class='ocrx_word' id='word_1_155' title='bbox 561 2430 696 2510; x_wconf 87' lang='lat' dir='ltr'>speciem</span> <span class='ocrx_word' id='word_1_156' title='bbox 710 2450 833 2514; x_wconf 91' lang='lat' dir='ltr'>quoque</span> <span class='ocrx_word' id='word_1_157' title='bbox 845 2437 987 2514; x_wconf 88' lang='lat' dir='ltr'>quattuor</span> <span class='ocrx_word' id='word_1_158' title='bbox 1003 2430 1228 2498; x_wconf 89' lang='lat' dir='ltr'>elementorum</span> <span class='ocrx_word' id='word_1_159' title='bbox 1246 2434 1340 2497; x_wconf 90' lang='lat' dir='ltr'>horum</span> 
     </span>
     <span class='ocr_line' id='line_1_22' title="bbox 210 2535 1340 2619; baseline 0.001 -21"><span class='ocrx_word' id='word_1_160' title='bbox 210 2543 351 2619; x_wconf 90' lang='lat' dir='ltr'>quattuor</span> <span class='ocrx_word' id='word_1_161' title='bbox 374 2537 501 2600; x_wconf 89' lang='lat' dir='ltr'>odorum</span> <span class='ocrx_word' id='word_1_162' title='bbox 525 2543 634 2598; x_wconf 90' lang='lat' dir='ltr'>natura</span> <span class='ocrx_word' id='word_1_163' title='bbox 656 2542 686 2599; x_wconf 89' lang='lat' dir='ltr'>et</span> <span class='ocrx_word' id='word_1_164' title='bbox 708 2535 828 2614; x_wconf 88' lang='lat' dir='ltr'>species</span> <span class='ocrx_word' id='word_1_165' title='bbox 851 2535 1029 2618; x_wconf 85' lang='lat' dir='ltr'>significare</span> <span class='ocrx_word' id='word_1_166' title='bbox 1056 2536 1208 2615; x_wconf 88' lang='lat' dir='ltr'>uideatur,</span> <span class='ocrx_word' id='word_1_167' title='bbox 1232 2546 1265 2602; x_wconf 90' lang='lat' dir='ltr'>ut</span> <span class='ocrx_word' id='word_1_168' title='bbox 1293 2546 1340 2601; x_wconf 88' lang='lat' dir='ltr'>tus.</span> 
     </span>
     <span class='ocr_line' id='line_1_23' title="bbox 210 2638 1342 2726; baseline 0.003 -22"><span class='ocrx_word' id='word_1_169' title='bbox 210 2641 292 2724; x_wconf 91' lang='lat' dir='ltr'>quod</span> <span class='ocrx_word' id='word_1_170' title='bbox 308 2638 590 2719; x_wconf 87' lang='lat' dir='ltr'>perlucidissimum</span> <span class='ocrx_word' id='word_1_171' title='bbox 606 2645 663 2719; x_wconf 87' lang='lat' dir='ltr'>est,</span> <span class='ocrx_word' id='word_1_172' title='bbox 686 2639 805 2720; x_wconf 89' lang='lat' dir='ltr'>spiritui</span> <span class='ocrx_word' id='word_1_173' title='bbox 828 2648 1020 2720; x_wconf 78' lang='lat' dir='ltr'>conparetur,</span> <span class='ocrx_word' id='word_1_174' title='bbox 1044 2646 1144 2706; x_wconf 87' lang='lat' dir='ltr'>stacte</span> <span class='ocrx_word' id='word_1_175' title='bbox 1167 2661 1241 2707; x_wconf 89' lang='lat' dir='ltr'>uero</span> <span class='ocrx_word' id='word_1_176' title='bbox 1256 2641 1342 2726; x_wconf 79' lang='lat' dir='ltr'>aquis</span> 
     </span>
     <span class='ocr_line' id='line_1_24' title="bbox 209 2742 1343 2827; baseline 0.001 -20"><span class='ocrx_word' id='word_1_177' title='bbox 209 2742 376 2827; x_wconf 85' lang='lat' dir='ltr'>galbanum</span> <span class='ocrx_word' id='word_1_178' title='bbox 399 2749 429 2808; x_wconf 91' lang='lat' dir='ltr'>et</span> <span class='ocrx_word' id='word_1_179' title='bbox 451 2763 531 2826; x_wconf 82' lang='lat' dir='ltr'>onyx</span> <span class='ocrx_word' id='word_1_180' title='bbox 555 2751 644 2808; x_wconf 77' lang='lat' dir='ltr'>terrae</span> <span class='ocrx_word' id='word_1_181' title='bbox 667 2749 759 2827; x_wconf 90' lang='lat' dir='ltr'>atque</span> <span class='ocrx_word' id='word_1_182' title='bbox 782 2743 864 2826; x_wconf 86' lang='lat' dir='ltr'>igni:</span> <span class='ocrx_word' id='word_1_183' title='bbox 887 2753 921 2808; x_wconf 91' lang='lat' dir='ltr'>ut</span> <span class='ocrx_word' id='word_1_184' title='bbox 942 2764 997 2824; x_wconf 88' lang='lat' dir='ltr'>per</span> <span class='ocrx_word' id='word_1_185' title='bbox 1019 2743 1088 2808; x_wconf 77' lang='lat' dir='ltr'>hnc</span> <span class='ocrx_word' id='word_1_186' title='bbox 1119 2746 1270 2818; x_wconf 82' lang='lat' dir='ltr'>omnium,</span> <span class='ocrx_word' id='word_1_187' title='bbox 1300 2744 1343 2827; x_wconf 90' lang='lat' dir='ltr'>qui</span> 
     </span>
     <span class='ocr_line' id='line_1_25' title="bbox 209 2846 1344 2930; baseline 0.002 -19"><span class='ocrx_word' id='word_1_188' title='bbox 209 2847 239 2911; x_wconf 92' lang='lat' dir='ltr'>iu</span> <span class='ocrx_word' id='word_1_189' title='bbox 263 2847 337 2912; x_wconf 85' lang='lat' dir='ltr'>caelo</span> <span class='ocrx_word' id='word_1_190' title='bbox 361 2854 390 2911; x_wconf 90' lang='lat' dir='ltr'>et</span> <span class='ocrx_word' id='word_1_191' title='bbox 412 2847 494 2911; x_wconf 82' lang='lat' dir='ltr'>infra</span> <span class='ocrx_word' id='word_1_192' title='bbox 516 2846 624 2911; x_wconf 81' lang='lat' dir='ltr'>calum</span> <span class='ocrx_word' id='word_1_193' title='bbox 649 2854 680 2912; x_wconf 88' lang='lat' dir='ltr'>et</span> <span class='ocrx_word' id='word_1_194' title='bbox 701 2847 732 2909; x_wconf 93' lang='lat' dir='ltr'>in</span> <span class='ocrx_word' id='word_1_195' title='bbox 756 2854 838 2911; x_wconf 86' lang='lat' dir='ltr'>terra</span> <span class='ocrx_word' id='word_1_196' title='bbox 861 2849 945 2911; x_wconf 88' lang='lat' dir='ltr'>etin</span> <span class='ocrx_word' id='word_1_197' title='bbox 969 2848 1055 2930; x_wconf 85' lang='lat' dir='ltr'>aquis</span> <span class='ocrx_word' id='word_1_198' title='bbox 1072 2849 1143 2924; x_wconf 88' lang='lat' dir='ltr'>sint,</span> <span class='ocrx_word' id='word_1_199' title='bbox 1168 2849 1280 2930; x_wconf 86' lang='lat' dir='ltr'>placita</span> <span class='ocrx_word' id='word_1_200' title='bbox 1295 2853 1344 2914; x_wconf 83' lang='lat' dir='ltr'>deo</span> 
     </span>
     <span class='ocr_line' id='line_1_26' title="bbox 157 2949 1345 3038; baseline 0.006 -28"><span class='ocrx_word' id='word_1_201' title='bbox 157 2973 181 3010; x_wconf 75' lang='lat' dir='ltr'>a</span> <span class='ocrx_word' id='word_1_202' title='bbox 209 2951 327 3016; x_wconf 86' lang='lat' dir='ltr'>incensi</span> <span class='ocrx_word' id='word_1_203' title='bbox 351 2953 442 3015; x_wconf 92' lang='lat' dir='ltr'>modo</span> <span class='ocrx_word' id='word_1_204' title='bbox 466 2951 532 3016; x_wconf 88' lang='lat' dir='ltr'>haee</span> <span class='ocrx_word' id='word_1_205' title='bbox 563 2949 707 3016; x_wconf 86' lang='lat' dir='ltr'>efferatur</span> <span class='ocrx_word' id='word_1_206' title='bbox 737 2951 835 3015; x_wconf 87' lang='lat' dir='ltr'>laudis</span> <span class='ocrx_word' id='word_1_207' title='bbox 865 2952 968 3016; x_wconf 89' lang='lat' dir='ltr'>oratio.</span> <span class='ocrx_word' id='word_1_208' title='bbox 1014 2953 1071 3017; x_wconf 90' lang='lat' dir='ltr'>sed</span> <span class='ocrx_word' id='word_1_209' title='bbox 1093 2952 1165 3018; x_wconf 89' lang='lat' dir='ltr'>haec</span> <span class='ocrx_word' id='word_1_210' title='bbox 1190 2954 1248 3032; x_wconf 85' lang='lat' dir='ltr'>his,</span> <span class='ocrx_word' id='word_1_211' title='bbox 1278 2973 1345 3038; x_wconf 87' lang='lat' dir='ltr'>qnos</span> 
     </span>
     <span class='ocr_line' id='line_1_27' title="bbox 208 3055 1348 3140; baseline 0.003 -22"><span class='ocrx_word' id='word_1_212' title='bbox 208 3055 416 3136; x_wconf 86' lang='lat' dir='ltr'>profundioris</span> <span class='ocrx_word' id='word_1_213' title='bbox 428 3056 566 3120; x_wconf 79' lang='lat' dir='ltr'>scientiae</span> <span class='ocrx_word' id='word_1_214' title='bbox 581 3055 716 3139; x_wconf 86' lang='lat' dir='ltr'>cognitio</span> <span class='ocrx_word' id='word_1_215' title='bbox 729 3055 869 3133; x_wconf 84' lang='lat' dir='ltr'>delectat,</span> <span class='ocrx_word' id='word_1_216' title='bbox 885 3055 1110 3140; x_wconf 85' lang='lat' dir='ltr'>relinquamus:</span> <span class='ocrx_word' id='word_1_217' title='bbox 1134 3058 1227 3124; x_wconf 89' lang='lat' dir='ltr'>nohis</span> <span class='ocrx_word' id='word_1_218' title='bbox 1243 3059 1348 3123; x_wconf 84' lang='lat' dir='ltr'>sufficit</span> 
     </span>
     <span class='ocr_line' id='line_1_28' title="bbox 209 3158 1349 3244; baseline 0.005 -22"><span class='ocrx_word' id='word_1_219' title='bbox 209 3158 388 3240; x_wconf 81' lang='lat' dir='ltr'>prophetica</span> <span class='ocrx_word' id='word_1_220' title='bbox 403 3166 496 3243; x_wconf 88' lang='lat' dir='ltr'>atque</span> <span class='ocrx_word' id='word_1_221' title='bbox 511 3158 678 3240; x_wconf 89' lang='lat' dir='ltr'>apostolica</span> <span class='ocrx_word' id='word_1_222' title='bbox 697 3160 868 3236; x_wconf 88' lang='lat' dir='ltr'>auctoritas,</span> <span class='ocrx_word' id='word_1_223' title='bbox 892 3180 959 3244; x_wconf 85' lang='lat' dir='ltr'>quae</span> <span class='ocrx_word' id='word_1_224' title='bbox 976 3166 1007 3225; x_wconf 87' lang='lat' dir='ltr'>et</span> <span class='ocrx_word' id='word_1_225' title='bbox 1021 3161 1188 3226; x_wconf 89' lang='lat' dir='ltr'>incensum</span> <span class='ocrx_word' id='word_1_226' title='bbox 1205 3165 1349 3228; x_wconf 88' lang='lat' dir='ltr'>orationes</span> 
     </span>
     <span class='ocr_line' id='line_1_29' title="bbox 209 3263 1260 3348; baseline 0.004 -19"><span class='ocrx_word' id='word_1_227' title='bbox 209 3283 278 3329; x_wconf 88' lang='lat' dir='ltr'>esse</span> <span class='ocrx_word' id='word_1_228' title='bbox 301 3263 456 3347; x_wconf 89' lang='lat' dir='ltr'>significat</span> <span class='ocrx_word' id='word_1_229' title='bbox 479 3275 508 3327; x_wconf 88' lang='lat' dir='ltr'>et</span> <span class='ocrx_word' id='word_1_230' title='bbox 531 3264 684 3328; x_wconf 82' lang='lat' dir='ltr'>orationes</span> <span class='ocrx_word' id='word_1_231' title='bbox 709 3264 889 3343; x_wconf 88' lang='lat' dir='ltr'>deprecatur</span> <span class='ocrx_word' id='word_1_232' title='bbox 913 3264 1004 3348; x_wconf 81' lang='lat' dir='ltr'>dirigi</span> <span class='ocrx_word' id='word_1_233' title='bbox 1026 3274 1060 3329; x_wconf 94' lang='lat' dir='ltr'>ut</span> <span class='ocrx_word' id='word_1_234' title='bbox 1083 3266 1260 3332; x_wconf 90' lang='lat' dir='ltr'>incensum.</span> 
     </span>
     <span class='ocr_line' id='line_1_30' title="bbox 254 3367 1352 3454; baseline 0.005 -22"><span class='ocrx_word' id='word_1_235' title='bbox 254 3368 281 3432; x_wconf 87' lang='grc'>3.</span> <span class='ocrx_word' id='word_1_236' title='bbox 306 3367 368 3432; x_wconf 84' lang='lat' dir='ltr'>Sed</span> <span class='ocrx_word' id='word_1_237' title='bbox 393 3369 444 3450; x_wconf 90' lang='lat' dir='ltr'>qui</span> <span class='ocrx_word' id='word_1_238' title='bbox 469 3368 651 3450; x_wconf 81' lang='lat' dir='ltr'>deprecatus</span> <span class='ocrx_word' id='word_1_239' title='bbox 674 3375 722 3431; x_wconf 90' lang='lat' dir='ltr'>est</span> <span class='ocrx_word' id='word_1_240' title='bbox 737 3367 908 3432; x_wconf 88' lang='lat' dir='ltr'>orationem</span> <span class='ocrx_word' id='word_1_241' title='bbox 924 3388 1010 3433; x_wconf 89' lang='lat' dir='ltr'>suam</span> <span class='ocrx_word' id='word_1_242' title='bbox 1026 3369 1118 3454; x_wconf 87' lang='lat' dir='ltr'>dirigi</span> <span class='ocrx_word' id='word_1_243' title='bbox 1136 3382 1171 3436; x_wconf 88' lang='lat' dir='ltr'>ut</span> <span class='ocrx_word' id='word_1_244' title='bbox 1187 3372 1352 3439; x_wconf 91' lang='lat' dir='ltr'>incensum.</span> 
     </span>
     <span class='ocr_line' id='line_1_31' title="bbox 157 3470 1351 3552; baseline 0.006 -16"><span class='ocrx_word' id='word_1_245' title='bbox 157 3493 182 3528; x_wconf 79' lang='lat' dir='ltr'>ro</span> <span class='ocrx_word' id='word_1_246' title='bbox 210 3472 302 3536; x_wconf 90' lang='lat' dir='ltr'>etiam</span> <span class='ocrx_word' id='word_1_247' title='bbox 326 3470 400 3536; x_wconf 90' lang='lat' dir='ltr'>illud</span> <span class='ocrx_word' id='word_1_248' title='bbox 435 3478 503 3552; x_wconf 87' lang='lat' dir='ltr'>post</span> <span class='ocrx_word' id='word_1_249' title='bbox 535 3471 601 3536; x_wconf 77' lang='lat' dir='ltr'>hac</span> <span class='ocrx_word' id='word_1_250' title='bbox 636 3472 693 3535; x_wconf 89' lang='lat' dir='ltr'>ait:</span> <span class='ocrx_word' id='word_1_251' title='bbox 729 3471 926 3536; x_wconf 91' lang='lat' dir='ltr'>alleuatio</span> <span class='ocrx_word' id='word_1_252' title='bbox 960 3492 1143 3538; x_wconf 86' lang='lat' dir='ltr'>manuum</span> <span class='ocrx_word' id='word_1_253' title='bbox 1181 3497 1351 3542; x_wconf 87' lang='lat' dir='ltr'>mearum</span> 
     </span>
    </p>
   </div>
   <div class='ocr_carea' id='block_1_3' title="bbox 252 3645 744 3713">
    <p class='ocr_par' dir='ltr' id='par_1_3' title="bbox 252 3645 744 3713">
     <span class='ocr_line' id='line_1_32' title="bbox 252 3645 744 3713; baseline 0.002 -15"><span class='ocrx_word' id='word_1_254' title='bbox 252 3649 268 3698; x_wconf 89' lang='lat'>9</span> <span class='ocrx_word' id='word_1_255' title='bbox 287 3650 372 3713; x_wconf 76' lang='lat' dir='ltr'>apoc.</span> <span class='ocrx_word' id='word_1_256' title='bbox 392 3646 424 3713; x_wconf 83' lang='grc' dir='ltr'>ν,</span> <span class='ocrx_word' id='word_1_257' title='bbox 443 3648 466 3699; x_wconf 88' lang='lat' dir='ltr'>s.</span> <span class='ocrx_word' id='word_1_258' title='bbox 505 3648 537 3699; x_wconf 84' lang='lat' dir='ltr'>ra</span> <span class='ocrx_word' id='word_1_259' title='bbox 556 3647 567 3698; x_wconf 92' lang='lat'>1</span> <span class='ocrx_word' id='word_1_260' title='bbox 586 3645 656 3698; x_wconf 81' lang='lat' dir='ltr'>Tim.</span> <span class='ocrx_word' id='word_1_261' title='bbox 675 3648 700 3712; x_wconf 84' lang='lat' dir='ltr'>a,</span> <span class='ocrx_word' id='word_1_262' title='bbox 721 3649 744 3699; x_wconf 88' lang='lat' dir='ltr'>r.</span> 
     </span>
    </p>
   </div>
   <div class='ocr_carea' id='block_1_4' title="bbox 207 3809 1361 4315">
    <p class='ocr_par' dir='ltr' id='par_1_4' title="bbox 207 3809 1361 4315">
     <span class='ocr_line' id='line_1_33' title="bbox 250 3809 1360 3882; baseline 0.005 -21"><span class='ocrx_word' id='word_1_263' title='bbox 250 3809 406 3876; x_wconf 86' lang='lat' dir='ltr'>4optimae</span> <span class='ocrx_word' id='word_1_264' title='bbox 426 3809 451 3860; x_wconf 88' lang='lat' dir='ltr'><em>R</em></span> <span class='ocrx_word' id='word_1_265' title='bbox 513 3812 540 3860; x_wconf 92' lang='lat' dir='ltr'>et</span> <span class='ocrx_word' id='word_1_266' title='bbox 559 3824 617 3861; x_wconf 83' lang='lat' dir='ltr'>sese</span> <span class='ocrx_word' id='word_1_267' title='bbox 638 3809 665 3859; x_wconf 86' lang='lat' dir='ltr'><em>E</em></span> <span class='ocrx_word' id='word_1_268' title='bbox 725 3811 860 3862; x_wconf 77' lang='lat' dir='ltr'>bsuauae</span> <span class='ocrx_word' id='word_1_269' title='bbox 879 3809 997 3862; x_wconf 82' lang='lat' dir='ltr'>olentiae</span> <span class='ocrx_word' id='word_1_270' title='bbox 1017 3810 1042 3862; x_wconf 99' lang='lat' dir='ltr'><em>R</em></span> <span class='ocrx_word' id='word_1_271' title='bbox 1096 3813 1360 3882; x_wconf 74' lang='lat' dir='ltr'>deomponiturh‘</span> 
     </span>
     <span class='ocr_line' id='line_1_34' title="bbox 208 3894 1356 3964; baseline 0.009 -20"><span class='ocrx_word' id='word_1_272' title='bbox 208 3895 409 3962; x_wconf 82' lang='lat' dir='ltr'>&#39;lonychaeR</span> <span class='ocrx_word' id='word_1_273' title='bbox 463 3899 541 3947; x_wconf 86' lang='lat' dir='ltr'>turae</span> <span class='ocrx_word' id='word_1_274' title='bbox 569 3895 594 3947; x_wconf 93' lang='lat' dir='ltr'><em>R</em></span> <span class='ocrx_word' id='word_1_275' title='bbox 621 3894 703 3948; x_wconf 90' lang='lat' dir='ltr'>thure</span> <span class='ocrx_word' id='word_1_276' title='bbox 727 3896 755 3947; x_wconf 84' lang='lat' dir='ltr'><em>E</em></span> <span class='ocrx_word' id='word_1_277' title='bbox 808 3899 840 3949; x_wconf 87' lang='lat'>10</span> <span class='ocrx_word' id='word_1_278' title='bbox 858 3895 1000 3964; x_wconf 83' lang='lat' dir='ltr'>cytharam</span> <span class='ocrx_word' id='word_1_279' title='bbox 1028 3907 1056 3950; x_wconf 87' lang='lat' dir='ltr'>ct</span> <span class='ocrx_word' id='word_1_280' title='bbox 1080 3895 1162 3951; x_wconf 81' lang='lat' dir='ltr'>fialas</span> <span class='ocrx_word' id='word_1_281' title='bbox 1189 3902 1217 3953; x_wconf 88' lang='lat' dir='ltr'><em>R</em></span> <span class='ocrx_word' id='word_1_282' title='bbox 1275 3906 1308 3958; x_wconf 84' lang='lat'>13</span> <span class='ocrx_word' id='word_1_283' title='bbox 1325 3902 1356 3954; x_wconf 86' lang='lat' dir='ltr'>ad</span> 
     </span>
     <span class='ocr_line' id='line_1_35' title="bbox 208 3980 1361 4056; baseline 0.006 -23"><span class='ocrx_word' id='word_1_284' title='bbox 208 3980 437 4034; x_wconf 86' lang='lat' dir='ltr'>TimothaeumR</span> <span class='ocrx_word' id='word_1_285' title='bbox 489 3981 621 4034; x_wconf 85' lang='lat' dir='ltr'>exhortor</span> <span class='ocrx_word' id='word_1_286' title='bbox 636 3983 807 4035; x_wconf 76' lang='lat' dir='ltr'>coaiBeaed.</span> <span class='ocrx_word' id='word_1_287' title='bbox 863 3984 894 4034; x_wconf 85' lang='grc'>18</span> <span class='ocrx_word' id='word_1_288' title='bbox 912 3981 1037 4035; x_wconf 83' lang='lat' dir='ltr'>timiama</span> <span class='ocrx_word' id='word_1_289' title='bbox 1053 3983 1079 4035; x_wconf 89' lang='lat' dir='ltr'><em>R</em></span> <span class='ocrx_word' id='word_1_290' title='bbox 1136 3987 1170 4039; x_wconf 87' lang='grc'>19</span> <span class='ocrx_word' id='word_1_291' title='bbox 1191 3989 1361 4056; x_wconf 82' lang='lat' dir='ltr'>poteruntR</span> 
     </span>
     <span class='ocr_line' id='line_1_36' title="bbox 207 4068 1359 4138; baseline 0.007 -19"><span class='ocrx_word' id='word_1_292' title='bbox 207 4069 242 4136; x_wconf 89' lang='lat' dir='ltr'>cs.</span> <span class='ocrx_word' id='word_1_293' title='bbox 261 4069 292 4120; x_wconf 84' lang='lat' dir='ltr'>F.</span> <span class='ocrx_word' id='word_1_294' title='bbox 312 4069 385 4121; x_wconf 83' lang='lat' dir='ltr'>Neue</span> <span class='ocrx_word' id='word_1_295' title='bbox 405 4069 533 4121; x_wconf 74' lang='lat' dir='ltr'>Fornacal.</span> <span class='ocrx_word' id='word_1_296' title='bbox 559 4069 597 4131; x_wconf 86' lang='lat' dir='ltr'>Il,</span> <span class='ocrx_word' id='word_1_297' title='bbox 622 4068 681 4122; x_wconf 72' lang='grc'>6112</span> <span class='ocrx_word' id='word_1_298' title='bbox 749 4072 784 4122; x_wconf 77' lang='lat' dir='ltr'>ab</span> <span class='ocrx_word' id='word_1_299' title='bbox 802 4087 876 4138; x_wconf 78' lang='lat' dir='ltr'>quoq</span> <span class='ocrx_word' id='word_1_300' title='bbox 894 4070 920 4121; x_wconf 93' lang='lat' dir='ltr'><em>R</em></span> <span class='ocrx_word' id='word_1_301' title='bbox 937 4071 1019 4122; x_wconf 71' lang='lat' dir='ltr'>anab</span> <span class='ocrx_word' id='word_1_302' title='bbox 1090 4071 1359 4129; x_wconf 83' lang='lat' dir='ltr'>aelementorumR</span> 
     </span>
     <span class='ocr_line' id='line_1_37' title="bbox 208 4155 1360 4226; baseline 0.008 -19"><span class='ocrx_word' id='word_1_303' title='bbox 208 4156 241 4207; x_wconf 79' lang='lat'>22</span> <span class='ocrx_word' id='word_1_304' title='bbox 260 4155 434 4222; x_wconf 87' lang='lat' dir='ltr'>perlucidum</span> <span class='ocrx_word' id='word_1_305' title='bbox 455 4157 481 4206; x_wconf 84' lang='lat' dir='ltr'><em>E</em></span> <span class='ocrx_word' id='word_1_306' title='bbox 550 4157 610 4224; x_wconf 70' lang='lat' dir='ltr'>spui</span> <span class='ocrx_word' id='word_1_307' title='bbox 628 4175 699 4226; x_wconf 77' lang='lat' dir='ltr'>crrpr.</span> <span class='ocrx_word' id='word_1_308' title='bbox 718 4175 766 4209; x_wconf 83' lang='lat' dir='ltr'>scr.</span> <span class='ocrx_word' id='word_1_309' title='bbox 785 4175 818 4208; x_wconf 87' lang='lat' dir='ltr'>m.</span> <span class='ocrx_word' id='word_1_310' title='bbox 840 4158 853 4207; x_wconf 89' lang='grc'><strong>1</strong></span> <span class='ocrx_word' id='word_1_311' title='bbox 872 4157 897 4209; x_wconf 99' lang='lat' dir='ltr'><em>R</em></span> <span class='ocrx_word' id='word_1_312' title='bbox 967 4160 1074 4211; x_wconf 81' lang='lat' dir='ltr'>stacten</span> <span class='ocrx_word' id='word_1_313' title='bbox 1095 4158 1121 4210; x_wconf 91' lang='lat' dir='ltr'><em>R</em></span> <span class='ocrx_word' id='word_1_314' title='bbox 1196 4165 1235 4216; x_wconf 75' lang='lat'>23</span> <span class='ocrx_word' id='word_1_315' title='bbox 1253 4163 1360 4216; x_wconf 84' lang='lat' dir='ltr'>onixR</span> 
     </span>
     <span class='ocr_line' id='line_1_38' title="bbox 208 4241 1359 4315; baseline 0.007 -21"><span class='ocrx_word' id='word_1_316' title='bbox 208 4247 236 4294; x_wconf 88' lang='lat' dir='ltr'>et</span> <span class='ocrx_word' id='word_1_317' title='bbox 254 4241 312 4308; x_wconf 85' lang='lat' dir='ltr'>igni</span> <span class='ocrx_word' id='word_1_318' title='bbox 332 4241 359 4292; x_wconf 89' lang='lat' dir='ltr'><em>E</em></span> <span class='ocrx_word' id='word_1_319' title='bbox 410 4259 479 4309; x_wconf 89' lang='lat' dir='ltr'>quae</span> <span class='ocrx_word' id='word_1_320' title='bbox 495 4243 523 4295; x_wconf 83' lang='lat' dir='ltr'><em>E</em></span> <span class='ocrx_word' id='word_1_321' title='bbox 572 4245 607 4297; x_wconf 76' lang='lat'>⁶25</span> <span class='ocrx_word' id='word_1_322' title='bbox 625 4244 739 4296; x_wconf 87' lang='lat' dir='ltr'>incensu</span> <span class='ocrx_word' id='word_1_323' title='bbox 758 4244 783 4296; x_wconf 99' lang='lat' dir='ltr'><em>R</em></span> <span class='ocrx_word' id='word_1_324' title='bbox 836 4241 967 4296; x_wconf 83' lang='lat' dir='ltr'>offeratur</span> <span class='ocrx_word' id='word_1_325' title='bbox 985 4243 1013 4295; x_wconf 85' lang='grc' dir='ltr'><em>Ε</em></span> <span class='ocrx_word' id='word_1_326' title='bbox 1063 4245 1100 4296; x_wconf 78' lang='lat'>28</span> <span class='ocrx_word' id='word_1_327' title='bbox 1118 4245 1312 4315; x_wconf 77' lang='lat' dir='ltr'>depraecetur</span> <span class='ocrx_word' id='word_1_328' title='bbox 1330 4252 1359 4304; x_wconf 91' lang='lat' dir='ltr'>R.</span> 
     </span>
    </p>
   </div>
   <div class='ocr_carea' id='block_1_5' title="bbox 0 0 1400 4844">
    <p class='ocr_par' dir='ltr' id='par_1_5' title="bbox 0 0 1400 4844">
     <span class='ocr_line' id='line_1_39' title="bbox 0 0 1400 4844; baseline 0 1"><span class='ocrx_word' id='word_1_329' title='bbox 0 0 1400 4844; x_wconf 95' lang='lat' dir='ltr'> </span> 
     </span>
    </p>
   </div>
  </div>
 </body>
</html>
