2790 4844
410 293 590 340 tractatus
609 287 644 339 in
666 289 838 355 psalmum
858 288 978 342 CXVIII.
1200 286 1262 352 457

55 527 57 530 .
120 483 151 539 et
187 475 390 540 inuisibilium
428 484 691 541 sacramentorum
730 477 862 542 extollat.
920 498 978 543 uec
1016 498 1092 543 sane
1130 477 1265 541 humana

120 580 287 644 infirmitas
309 582 340 645 in
364 580 516 646 caelestem
541 581 704 646 scientiam
727 601 760 646 se
791 582 857 661 ipsa
887 581 1083 665 proueheret,
1117 583 1175 646 nisi
1207 585 1264 647 deo

121 687 238 748 donum
263 685 400 750 scientiae
422 706 479 766 per
502 685 671 749 doctrinam
689 687 813 765 spiritus
829 686 980 770 largiente
995 690 1035 752 ad
1056 687 1265 770 cognitionem

121 788 237 853 diuinae
260 798 291 854 et
313 789 559 870 inperspicabilis
582 801 701 854 naturae
723 791 904 855 erudiretur.
950 790 1056 855 uolens
1079 792 1172 875 igitur·
1194 810 1264 870 pro·

120 891 217 971 pheta
240 900 386 974 praestare
410 914 466 958 nos
489 914 526 958 ac
549 893 699 975 perlicere
716 898 775 959 deo
791 895 902 978 dignos
919 903 950 959 et
969 896 1071 959 sciens
1094 895 1263 974 repositum
1291 923 1303 959 s

119 994 268 1062 humanae
299 999 362 1078 spei
395 1018 473 1074 esse,
508 1006 541 1063 ut
574 1000 604 1062 in
640 998 795 1064 calestem
831 998 972 1081 gloriam.
1010 1000 1036 1063 si
1071 997 1265 1079 disciplinam

120 1100 256 1167 caelestis
290 1102 486 1167 oboedientiae
519 1111 758 1178 consectaretur,
793 1106 961 1180 accederet,
1001 1104 1044 1167 ita
1082 1104 1188 1184 coepit:
1226 1103 1265 1165 iu

119 1204 323 1283 saeculum,
347 1207 515 1271 domine.
539 1216 752 1286 perrrranet
780 1207 944 1271 uerbum
969 1217 1075 1272 tuum
1099 1208 1138 1271 iu
1161 1204 1265 1272 oaelo.

161 1329 192 1392 2.
220 1327 264 1390 In
289 1327 383 1392 oaelo
407 1328 457 1406 ait,
482 1329 634 1411 quiescit
658 1330 687 1391 in
712 1329 802 1392 terris
825 1337 951 1409 propter
974 1328 1141 1393 falsitatem
1164 1328 1265 1391 homi·

114 1449 193 1494 num
218 1451 280 1494 non
305 1451 439 1496 manere.
487 1440 517 1496 et
548 1434 700 1515 quomodo
736 1434 765 1495 in
801 1433 875 1496 caelo
910 1418 1040 1501 maneat.
1075 1433 1143 1512 ipsa
1172 1431 1266 1497 ueluti
1293 1457 1318 1496 ιο

114 1536 291 1615 corporalis
314 1536 580 1617 contemplationis
614 1537 677 1601 fide
712 1537 855 1601 cernitur.
901 1556 960 1600 non
995 1545 1042 1601 est
1074 1536 1137 1601 illic
1167 1546 1265 1600 trans·

108 1641 253 1721 gressio,
278 1660 337 1704 non
361 1640 536 1705 demutatio.
560 1661 622 1703 non
645 1642 816 1716 infirmitas,
840 1661 900 1703 non
918 1642 1020 1705 otium.
1066 1651 1268 1706 contueamur

108 1744 194 1808 solis
218 1764 357 1808 annuum
380 1765 504 1808 cursum
528 1754 558 1809 et
581 1753 772 1809 menstruum
806 1744 886 1808 lunae
917 1730 1084 1822 recursum,
1115 1755 1267 1809 astrorum

108 1867 247 1931 quoque
270 1859 322 1913 aut
345 1849 493 1913 stationes
515 1856 567 1912 aut
589 1849 804 1913 clonuersienes
828 1860 879 1913 aut
909 1850 1148 1915 demutationes:
1179 1869 1267 1913 num·

108 1951 198 2032 quid
221 1973 284 2016 non
307 1951 420 2016 finibus
444 1952 507 2017 suis
524 1965 553 2017 et
569 1953 743 2016 constitutis
759 1953 900 2017 terminis
916 1974 952 2017 ac
965 1954 1099 2018 decretis
1115 1954 1265 2018 uicissim·
1295 1976 1319 2012 ra

109 2052 247 2121 dinibus
271 2057 490 2121 continentur?
536 2056 612 2120 nihil
637 2055 697 2120 illic
718 2057 901 2121 demutatur.
925 2056 1002 2120 nihil
1020 2056 1166 2134 differtur,
1191 2056 1266 2120 nihil

105 2160 316 2246 neglegitur:
340 2162 394 2225 sed
416 2161 448 2224 in
471 2161 698 2226 constitutionis
722 2180 784 2225 suae
801 2169 906 2225 manet
922 2161 991 2244 legs
1009 2162 1084 2225 etin
1101 2162 1267 2226 indefessis

106 2256 318 2330 obedientia
343 2251 521 2329 ministeriis
544 2274 732 2345 perseuerat.

170 2380 196 2447 3.
221 2386 283 2450 Sed
317 2386 452 2450 seruauit
487 2385 566 2450 hauc
602 2387 840 2450 desinendorum
865 2393 894 2450 et
917 2387 1175 2466 praeteriturorum
1200 2387 1266 2449 oili-

99 2476 239 2553 ciomm
276 2490 425 2571 urophete
455 2491 603 2554 rationem
635 2491 757 2554 dicens:
792 2491 828 2553 in
865 2489 1063 2562 saeculum,
1098 2491 1267 2557 domine.
1295 2511 1320 2549 20

95 2593 333 2658 permanet
356 2596 521 2659 uerbum
550 2604 655 2659 tuum
687 2593 854 2659 incaelo.
902 2594 999 2658 Latini
1025 2595 1150 2677 quidam
1176 2595 1268 2659 iuter-

96 2693 228 2762 preses
251 2699 399 2783 ambigua
423 2699 453 2762 id
477 2699 703 2783 significatione
727 2713 757 2762 et
780 2700 881 2762 minus
899 2699 1019 2778 propria
1039 2698 1268 2763 transtulerunt.

94 2792 195 2860 n*lm
230 2803 312 2884 qued
342 2804 423 2883 apud
454 2801 521 2866 illos
546 2812 604 2868 est:
634 2802 679 2876 εἰς
702 2803 763 2866 τόν
786 2801 899 2869 αἰῶνα.
922 2801 1022 2884 κύριε,
1052 2803 1083 2867 id
1108 2803 1269 2867 nobiscnm

99 2898 159 2953 ⁰⁸t
193 2905 232 2970 iu
256 2914 457 2981 alternum,
481 2907 640 2971 domine
664 2906 854 2971 translatum.
900 2907 997 2988 accipi
1028 2913 1128 2971 autem
1160 2915 1296 2972 aeter·

102 2999 214 3073 Itum
238 3011 278 3074 ita
301 3023 411 3091 potest,
441 3024 473 3074 ut
497 3011 694 3094 intellegatur
727 3010 809 3074 nullo
844 3011 883 3075 id.
918 3013 999 3095 quod
1034 3021 1181 3076 eternum
1213 3025 1268 3084 est,
1296 3029 1321 3067 π

167 3230 386 3290 lextollat'om.
407 3237 429 3284 (¹
479 3237 567 3290 dnisi
587 3237 658 3290 deno
678 3237 808 3290 scientiae
828 3238 853 3288 R
906 3239 1043 3290 5testare
1063 3255 1110 3289 nos
1134 3238 1156 3287 l'
1207 3238 1270 3292 ein

133 3319 176 3362 ⁰¹¹¹·
203 3323 273 3392 plui)
337 3324 532 3377 'lascenderct
557 3321 647 3393 pullu
674 3325 709 3392 cf.
737 3325 818 3376 „leod
843 3342 871 3394 p.
899 3323 937 3375 :10
995 3324 1141 3378 Bdomine
1169 3344 1216 3376 οηι.
1246 3326 1271 3377 R

138 3403 243 3463 uerbum
262 3420 341 3464 tuum
360 3416 505 3478 permanet
525 3414 564 3480 I'p
581 3428 652 3479 euin.
670 3428 718 3462 scr.
738 3428 770 3462 nr.
791 3411 807 3461 1
829 3410 854 3462 R
908 3412 924 3461 9
942 3409 1084 3463 hominum
1105 3429 1135 3464 ea
1152 3411 1270 3465 hominis

145 3497 306 3550 ‘Omnem'
360 3501 392 3551 lo
410 3497 439 3549 in
457 3497 548 3550 caelos
566 3497 589 3548 Γ
640 3497 698 3564 ipse
716 3497 737 3547 Γ
791 3499 819 3549 II
840 3494 922 3549 fidem
940 3497 962 3548 Γ
1015 3499 1046 3549 12
1065 3513 1120 3549 non
1139 3498 1270 3550 otium—

147 3569 211 3636 lunae
228 3585 253 3636 in
273 3602 355 3652 cnoro.
374 3585 451 3653 affer.
470 3585 565 3635 addc·
618 3586 649 3636 13
668 3600 812 3636 mensuum
832 3581 894 3646 (sir)
913 3585 971 3635 odd.
993 3601 1022 3634 m.
1044 3582 1064 3634 ἱ)
1080 3583 1104 3634 Γ
1156 3587 1187 3637 14
1206 3601 1270 3637 con·

147 3671 299 3724 uenationes
325 3671 347 3722 Γ
402 3672 433 3724 15
451 3670 481 3722 in
500 3669 599 3723 linibus
626 3670 648 3719 Γ
698 3669 810 3722 termini
829 3667 1033 3723 externiue?
1052 3670 1076 3721 Γ
1127 3673 1158 3724 16
1176 3670 1271 3724 differ·

54 3792 56 3797 -
144 3758 180 3806 tur
196 3775 223 3809 er
242 3757 382 3811 differitur
396 3758 421 3810 R
436 3756 584 3826 deserit‘p
640 3759 670 3808 ll
698 3756 812 3810 defessis
832 3757 857 3808 R
921 3759 953 3809 19
971 3757 1092 3809 seruabit
1120 3758 1141 3806 Γ
1193 3775 1272 3826 prae·

54 3886 64 3903 „
139 3844 274 3897 teritorum
308 3844 399 3897 l'Rl'o
456 3847 489 3898 ‘21
519 3843 631 3911 quidem
665 3844 698 3895 Γ(
705 3846 737 3913 'pe
800 3843 979 3910 interpraetes
1013 3844 1060 3895 Vll
1118 3846 1153 3897 ‘22
1180 3845 1271 3898 minus

54 3918 62 3949 Ι

54 3952 61 4033 i
133 3941 200 4054 cpite
226 4004 247 4054 p
276 3985 367 4037 minus
399 3983 523 4051 „ppatria
556 3987 578 4029 t·
646 3985 680 4036 93
705 3999 768 4034 narn
800 3981 873 4049 quod
904 3982 1040 4049 graecitas
1071 3982 1152 4035 habet
1180 3985 1271 4053 p(.l)d

336 4075 386 4108 teee
951 4076 980 4105 en
1021 4077 1078 4105 eona
1089 4067 1112 4105 kl
1159 4070 1220 4107 riu

128 4136 459 4236 εΥΒΤΟΝΑΤῳΑρθ
480 4139 504 4191 R
523 4135 577 4200 el(
600 4136 680 4200 ΤΟΝ
706 4134 877 4198 ulcuccm
896 4137 920 4185 Γ
936 4134 1121 4212 θΝΛῖωΝΛ
1146 4136 1272 4201 ΚΙΡΙΟΥ

123 4266 190 4330 (κίε)
207 4281 229 4333 r
246 4279 294 4314 0¹²¹-
316 4267 325 4304 ‘
334 4264 363 4313 'e
