2790 4844
151 249 215 314 864
496 250 615 303 sancti
634 249 769 304 Hilarii
787 249 952 319 episcopi

151 440 218 506 haec
231 439 377 505 laudandi
390 441 651 520 causcproposita
663 447 722 506 est:
740 441 824 523 quia
840 440 1064 505 exaltatum
1082 452 1143 507 est
1159 463 1248 508 nom
1260 465 1299 508 en

150 544 400 620 eiussolius‚
424 545 632 611 confessio
661 546 747 610 eius
771 564 892 625 super
914 544 1054 611 caelum
1079 553 1119 612 et
1144 555 1300 612 terram.

152 656 182 714 et
216 648 274 714 hac
308 650 436 732 quidem
470 649 546 714 deus
581 669 689 732 regum
723 655 754 714 et
787 649 968 730 populorum
1005 656 1036 715 et
1068 652 1251 732 principum
1273 664 1300 715 et

150 753 287 819 iudicum
311 760 342 818 et
364 759 489 818 aetutum
524 754 670 818 omnium
686 754 901 818 constitutione
927 753 1092 819 laudabilis
1129 765 1186 835 est
1221 757 1299 841 quod

112 886 124 922 s
152 857 296 922 humauae
319 859 390 922 uitae
421 878 543 922 cursum
567 849 620 922 tali
644 859 837 924 diuersorum
871 858 1043 924 ciliciorum
1075 862 1297 943 temperatione

151 961 321 1040 contineat;
346 970 458 1040 tamen,
483 963 556 1046 quia
571 963 674 1028 omnis
694 952 832 1042 superior
854 961 987 1027 laudatio
1011 964 1093 1028 beati
1111 962 1197 1029 illins
1213 967 1295 1049 regni

151 1073 273 1146 tempus
288 1067 432 1146 ostendit,
444 1065 524 1131 hanc
540 1086 665 1131 causam
681 1065 782 1131 laudis
799 1067 927 1132 adiecit:
952 1068 1049 1150 quia
1073 1067 1294 1133 exaltatum

151 1177 213 1236 est
246 1189 388 1235 noman
423 1172 509 1235 eius
541 1169 682 1235 solius.
727 1177 792 1236 turn
816 1172 898 1237 enirn
923 1173 1104 1236 deusunus
1136 1174 1228 1238 etiam
1257 1174 1291 1237 ab

150 1274 255 1338 inuitis
279 1285 308 1338 et
330 1273 518 1359 intellegitur
541 1280 572 1339 et
594 1276 715 1340 uidetur
736 1274 866 1358 religato
889 1275 1010 1340 diabolo
1034 1283 1065 1340 et
1089 1276 1212 1360 angelis
1234 1279 1291 1341 eius

99 1413 124 1448 ιο
151 1398 251 1458 ρωθεθ
274 1399 344 1443 cum
369 1399 404 1444 eo
427 1379 536 1444 aeterni
559 1379 641 1463 ignis
665 1379 796 1444 addictis
819 1385 850 1444 et
871 1380 954 1443 omni
980 1379 1164 1463 spiritalium
1191 1382 1289 1463 nequi·

151 1483 263 1547 tiorum
285 1488 436 1563 potestate
459 1481 590 1561 sublata
624 1503 695 1548 cum
729 1484 790 1548 iam
825 1503 885 1549 non
919 1495 1089 1564 peccatum,
1122 1504 1182 1550 non
1208 1505 1287 1556 mors,

151 1606 211 1650 non
234 1593 375 1658 terrenus
410 1586 461 1651 hic
492 1589 627 1653 mundus
659 1589 707 1652 sit.
754 1588 797 1652 ait
830 1589 929 1652 enim:
965 1588 1176 1654 confessio
1208 1590 1284 1652 aius

150 1710 271 1770 super
293 1697 445 1756 terram
469 1703 505 1756 et
535 1691 686 1756 caelum:
723 1691 928 1758 exaltabit
961 1712 1128 1758 cornum
1157 1691 1281 1775 populi

150 1795 220 1870 sui,
243 1795 274 1858 id
298 1801 346 1860 eat
370 1795 401 1859 in
431 1795 481 1860 illo
515 1797 613 1861 beatae
648 1796 779 1861 ciuitatis
813 1795 894 1861 illius
928 1796 1049 1872 sacculo,
1085 1796 1136 1861 ubi
1169 1815 1278 1861 cornum

99 1929 123 1968 n
151 1897 253 1980 populi
277 1899 323 1963 sui
347 1900 489 1965 dominus
520 1899 634 1965 exalmt
664 1911 694 1965 et
716 1901 977 1981 incorruptionem
1009 1902 1047 1977 ei,
1077 1921 1146 1984 quae
1177 1898 1277 1984 signiti-

150 2011 237 2068 catur
259 2003 289 2067 in
314 2023 417 2080 cornu,
441 2024 497 2085 per
519 2002 671 2069 honorem
687 2005 914 2070 inmortalitatis
930 2006 1084 2086 inpertiet.
1130 2014 1191 2071 tum
1206 2005 1273 2070 enim

150 2106 259 2172 caelum
283 2127 397 2172 nouum
421 2116 451 2174 et
473 2115 555 2173 terra
577 2128 658 2174 noua
680 2116 736 2187 est,
758 2130 830 2174 cnm
850 2107 898 2174 his
915 2110 1122 2192 presentibus
1137 2107 1270 2175 dissolutis

149 2231 231 2276 noun
254 2211 306 2275 illa
329 2218 360 2277 et
383 2218 500 2278 aeterna
518 2215 694 2279 succedent.
739 2213 809 2278 ideo
825 2213 979 2279 confessio
996 2214 1062 2278 eius
1078 2233 1168 2297 super
1181 2211 1267 2278 calum

150 2321 180 2381 et
202 2323 326 2393 terram,
350 2317 422 2400 quia
446 2336 503 2380 non
529 2317 560 2380 in
583 2316 643 2382 hoc
673 2317 785 2383 sacculo
815 2337 917 2402 neque
952 2317 984 2381 iu
1007 2317 1067 2383 hoc
1090 2338 1157 2392 aere,
1178 2314 1265 2380 sedin

98 2448 122 2485 20
150 2420 357 2500 superioribus
380 2420 456 2486 locis
479 2421 562 2486 sedis
586 2423 666 2487 beati
690 2420 771 2486 illius
793 2423 882 2506 regni
907 2430 955 2487 est
979 2423 1152 2487 constituta

194 2523 222 2587 8.
246 2523 288 2590 Et
311 2524 479 2608 quiaillud
502 2531 678 2590 sanctorum
701 2534 749 2591 cat
771 2546 915 2610 regnum,
944 2545 1001 2606 per
1031 2526 1114 2610 qnod
1142 2535 1264 2609 regnante

150 2629 274 2693 domino
297 2631 337 2694 cd
361 2631 486 2695 beatum
510 2649 641 2713 regnum
673 2631 722 2695 dei
753 2631 849 2710 patris
879 2630 1037 2707 accedent,
1072 2629 1214 2711 psalmum
1233 2625 1262 2686 itt

150 2732 474 2813 prophetaconclusit:
499 2733 670 2817 hymnus
693 2735 877 2799 omnibus
897 2734 1057 2800 sanctis
1073 2735 1164 2808 eius,
1179 2727 1260 2796 liliis

152 2835 483 2920 Israhel,populo
507 2839 857 2922 adpropinquanti
880 2838 972 2904 sibi.
1002 2829 1260 2904 sanctorumonnis

98 2975 122 3012 θ
149 2941 200 3007 hie
224 2940 359 3025 hymnus
382 2948 438 3016 est,
472 2943 525 3026 qui
548 2943 707 3007 dominum
739 2963 800 3007 non
831 2951 864 3008 ut
894 2944 989 3009 ceteri
1019 2964 1111 3028 reges
1133 2956 1180 3007 aut
1198 2937 1259 3019 priu-

149 3046 233 3126 cipes
250 3053 303 3110 aut
322 3046 438 3111 iudices
462 3068 517 3127 pro
539 3048 661 3112 uirtutis
677 3054 708 3113 ot
722 3047 925 3112 confessionis
941 3048 1144 3113 admiratione
1160 3042 1260 3110 laudent

149 3151 205 3215 sed
228 3170 283 3232 pro
315 3150 430 3234 gaudio
461 3157 681 3216 consummatae
703 3151 734 3215 in
758 3151 792 3217 se'
815 3151 1013 3217 beatitudiuis
1037 3158 1068 3217 ct
1089 3147 1259 3236 gratulatione

149 3255 352 3320 cantantium:
385 3256 481 3320 sancti
513 3255 640 3333 scilicet,
675 3256 728 3339 qui
752 3254 873 3321 Israhel
896 3255 951 3320 lilii
966 3259 1054 3330 'sunt
1089 3257 1144 3321 deo
1166 3247 1259 3334 propin·

150 3366 295 3443 quantes:
319 3379 380 3423 non
403 3358 445 3422 illi
468 3359 582 3443 utique,
613 3360 786 3443 dequibus
816 3359 934 3425 dictum
965 3368 1028 3425 est:
1063 3359 1174 3443 plebs
1199 3353 1258 3417 hat

96 3462 274 3531 colobiis
311 3483 368 3528 me
402 3462 582 3543 honorat,
617 3470 839 3528 curantem
874 3484 1009 3529 eorum
1043 3462 1258 3547 longeesta

47 3569 52 3578 ’
191 3596 225 3648 ae
244 3594 342 3647 uasta.
363 3594 419 3661 xv,
438 3597 468 3660 a;
487 3596 572 3648 uara.
592 3595 650 3657 vu,
669 3597 694 3647 a.
1132 3560 1136 3567 ⁴

191 3709 300 3775 tquod
327 3710 420 3778 scripsi
446 3724 500 3776 quo
529 3709 554 3760 R
581 3708 628 3776 qui
647 3727 660 3760 e
679 3708 775 3776 quiab
828 3707 1040 3776 9intellegitur
1067 3712 1096 3761 et
1122 3705 1217 3760 uidetur
1231 3693 1257 3743 fil

148 3795 323 3863 intelligetur
353 3800 381 3847 et
411 3794 553 3848 uidebitur
580 3813 592 3848 e
658 3795 756 3848 zabulo
783 3795 809 3847 R
880 3798 908 3847 et
938 3794 1044 3862 angelis
1075 3813 1104 3848 er
1132 3778 1258 3860 augelitll

151 3883 182 3934 13
200 3886 276 3935 terre
295 3882 319 3936 ἀ
337 3882 415 3936 caelu
434 3884 459 3935 R
470 3882 505 3951 cs.
526 3883 646 3936 Sobctier
664 3884 681 3935 l.
699 3900 720 3935 c.
739 3883 847 3936 caelum
865 3886 893 3934 et
911 3885 1016 3934 terram
1034 3882 1064 3933 E
1113 3864 1258 3934 nunniti

149 3973 177 4039 et
195 3970 366 4023 exultauitE
417 3969 539 4023 cornuti
557 3969 683 4038 cf.Accd.
698 3988 727 4039 p.
738 3968 773 4021 41
791 3969 920 4022 cornuE
971 3970 1005 4022 14
1023 3969 1146 4021 cernuli
1162 3951 1259 4018 cornuE

151 4057 182 4108 15
192 4055 296 4110 craten
315 4058 340 4110 a
358 4057 531 4111 exaltatur
581 4055 825 4126 quignifioaturh
879 4057 911 4109 ic
930 4061 964 4108 ou
982 4054 1057 4108 enim
1076 4056 1101 4108 c
1153 4054 1181 4105 rr
1195 4037 1259 4101 att

148 4143 202 4196 erit
222 4144 250 4195 E
302 4147 334 4198 19
353 4150 380 4197 et
398 4151 501 4198 terram
521 4144 585 4212 quia
597 4145 623 4197 R
641 4149 668 4197 et
686 4148 789 4197 terram
808 4142 941 4197 reddetur
959 4142 1024 4210 quia
1036 4143 1065 4194 E
1114 4144 1147 4195 20
1163 4133 1221 4192 redit
1231 4122 1258 4180 13¹

149 4227 304 4283 ledesma
337 4231 711 4286 matesuenanaseencent
724 4231 793 4297 nef.
804 4230 885 4283 Aeac.
891 4247 921 4300 p.
932 4228 971 4283 20
1005 4211 1260 4284 annunciant
