<?xml version="1.0" encoding="UTF-8"?>
<!DOCTYPE html PUBLIC "-//W3C//DTD XHTML 1.0 Transitional//EN"
    "http://www.w3.org/TR/xhtml1/DTD/xhtml1-transitional.dtd">
<html xmlns="http://www.w3.org/1999/xhtml" xml:lang="en" lang="en">
 <head>
  <title>
</title>
<meta http-equiv="Content-Type" content="text/html;charset=utf-8" />
  <meta name='ocr-system' content='tesseract 3.04.00' />
  <meta name='ocr-capabilities' content='ocr_page ocr_carea ocr_par ocr_line ocrx_word'/>
</head>
<body>
  <div class='ocr_page' id='page_1' title='image "./shilariiepiscop00hilagoog_0780.png"; bbox 0 0 2790 4844; ppageno 0'>
   <div class='ocr_carea' id='block_1_1' title="bbox 222 253 1025 336">
    <p class='ocr_par' dir='ltr' id='par_1_1' title="bbox 222 253 1025 336">
     <span class='ocr_line' id='line_1_1' title="bbox 222 253 1025 336; baseline -0.01 -22"><span class='ocrx_word' id='word_1_1' title='bbox 222 255 285 320; x_wconf 81' lang='lat'>750</span> <span class='ocrx_word' id='word_1_2' title='bbox 564 255 681 308; x_wconf 87' lang='lat' dir='ltr'>sancti</span> <span class='ocrx_word' id='word_1_3' title='bbox 705 254 837 336; x_wconf 87' lang='lat' dir='ltr'>Hilarii</span> <span class='ocrx_word' id='word_1_4' title='bbox 862 253 1025 322; x_wconf 80' lang='lat' dir='ltr'><strong>episcopi</strong></span> 
     </span>
    </p>
   </div>
   <div class='ocr_carea' id='block_1_2' title="bbox 172 445 1358 1467">
    <p class='ocr_par' dir='ltr' id='par_1_2' title="bbox 172 445 1358 1467">
     <span class='ocr_line' id='line_1_2' title="bbox 221 445 1355 530; baseline -0.005 -19"><span class='ocrx_word' id='word_1_5' title='bbox 221 447 424 530; x_wconf 72' lang='lat' dir='ltr'>cognoscitur,</span> <span class='ocrx_word' id='word_1_6' title='bbox 448 467 503 527; x_wconf 84' lang='lat' dir='ltr'>per</span> <span class='ocrx_word' id='word_1_7' title='bbox 526 446 735 528; x_wconf 88' lang='lat' dir='ltr'>cognitionem</span> <span class='ocrx_word' id='word_1_8' title='bbox 760 445 873 527; x_wconf 89' lang='lat' dir='ltr'>dignus</span> <span class='ocrx_word' id='word_1_9' title='bbox 897 454 944 508; x_wconf 89' lang='lat' dir='ltr'>est</span> <span class='ocrx_word' id='word_1_10' title='bbox 975 445 1153 509; x_wconf 89' lang='lat' dir='ltr'>ministerio</span> <span class='ocrx_word' id='word_1_11' title='bbox 1185 446 1355 530; x_wconf 82' lang='lat' dir='ltr'>angelorum.</span> 
     </span>
     <span class='ocr_line' id='line_1_3' title="bbox 222 550 1356 636; baseline 0 -20"><span class='ocrx_word' id='word_1_12' title='bbox 222 553 252 616; x_wconf 92' lang='lat' dir='ltr'>in</span> <span class='ocrx_word' id='word_1_13' title='bbox 276 551 388 615; x_wconf 91' lang='lat' dir='ltr'>ceteris</span> <span class='ocrx_word' id='word_1_14' title='bbox 411 558 513 615; x_wconf 87' lang='lat' dir='ltr'>autern</span> <span class='ocrx_word' id='word_1_15' title='bbox 538 551 679 633; x_wconf 87' lang='lat' dir='ltr'>quotiens</span> <span class='ocrx_word' id='word_1_16' title='bbox 703 550 848 630; x_wconf 87' lang='lat' dir='ltr'>probatus</span> <span class='ocrx_word' id='word_1_17' title='bbox 871 556 926 625; x_wconf 76' lang='lat' dir='ltr'>est,</span> <span class='ocrx_word' id='word_1_18' title='bbox 955 550 1069 614; x_wconf 90' lang='lat' dir='ltr'>totiens</span> <span class='ocrx_word' id='word_1_19' title='bbox 1094 559 1128 615; x_wconf 80' lang='lat' dir='ltr'>et·</span> <span class='ocrx_word' id='word_1_20' title='bbox 1151 553 1298 636; x_wconf 87' lang='lat' dir='ltr'>cognitus</span> <span class='ocrx_word' id='word_1_21' title='bbox 1317 566 1356 615; x_wconf 78' lang='lat' dir='ltr'>ea</span> 
     </span>
     <span class='ocr_line' id='line_1_4' title="bbox 223 654 1355 735; baseline 0.001 -18"><span class='ocrx_word' id='word_1_22' title='bbox 223 654 335 720; x_wconf 87' lang='lat' dir='ltr'>Petrus</span> <span class='ocrx_word' id='word_1_23' title='bbox 359 656 535 735; x_wconf 87' lang='lat' dir='ltr'>passionem</span> <span class='ocrx_word' id='word_1_24' title='bbox 560 656 625 719; x_wconf 90' lang='lat' dir='ltr'>cius</span> <span class='ocrx_word' id='word_1_25' title='bbox 649 656 820 719; x_wconf 88' lang='lat' dir='ltr'>detestatus</span> <span class='ocrx_word' id='word_1_26' title='bbox 844 664 900 731; x_wconf 76' lang='lat' dir='ltr'>est,</span> <span class='ocrx_word' id='word_1_27' title='bbox 924 655 1023 719; x_wconf 89' lang='lat' dir='ltr'>crucis</span> <span class='ocrx_word' id='word_1_28' title='bbox 1055 656 1085 718; x_wconf 93' lang='lat' dir='ltr'>in</span> <span class='ocrx_word' id='word_1_29' title='bbox 1121 675 1158 719; x_wconf 91' lang='lat' dir='ltr'>eo</span> <span class='ocrx_word' id='word_1_30' title='bbox 1194 655 1355 721; x_wconf 85' lang='lat' dir='ltr'>scandalan</span> 
     </span>
     <span class='ocr_line' id='line_1_5' title="bbox 222 758 1356 842; baseline -0.002 -19"><span class='ocrx_word' id='word_1_31' title='bbox 222 779 285 839; x_wconf 87' lang='lat' dir='ltr'>prae</span> <span class='ocrx_word' id='word_1_32' title='bbox 320 779 424 823; x_wconf 89' lang='lat' dir='ltr'>amore</span> <span class='ocrx_word' id='word_1_33' title='bbox 459 772 489 824; x_wconf 89' lang='lat' dir='ltr'>et</span> <span class='ocrx_word' id='word_1_34' title='bbox 523 760 673 824; x_wconf 83' lang='lat' dir='ltr'>contessae</span> <span class='ocrx_word' id='word_1_35' title='bbox 706 759 769 822; x_wconf 91' lang='lat' dir='ltr'>iam</span> <span class='ocrx_word' id='word_1_36' title='bbox 792 779 810 821; x_wconf 90' lang='lat' dir='ltr'>a</span> <span class='ocrx_word' id='word_1_37' title='bbox 833 778 867 822; x_wconf 91' lang='lat' dir='ltr'>se</span> <span class='ocrx_word' id='word_1_38' title='bbox 897 758 1066 823; x_wconf 87' lang='lat' dir='ltr'>diuinitatis</span> <span class='ocrx_word' id='word_1_39' title='bbox 1101 761 1286 842; x_wconf 79' lang='lat' dir='ltr'>cognitione</span> <span class='ocrx_word' id='word_1_40' title='bbox 1312 780 1356 822; x_wconf 92' lang='lat' dir='ltr'>non</span> 
     </span>
     <span class='ocr_line' id='line_1_6' title="bbox 185 860 1356 945; baseline 0.001 -19"><span class='ocrx_word' id='word_1_41' title='bbox 185 889 197 926; x_wconf 80' lang='lat' dir='ltr'>s</span> <span class='ocrx_word' id='word_1_42' title='bbox 224 865 395 940; x_wconf 86' lang='lat' dir='ltr'>sustiuens;</span> <span class='ocrx_word' id='word_1_43' title='bbox 419 863 474 927; x_wconf 90' lang='lat' dir='ltr'>sed</span> <span class='ocrx_word' id='word_1_44' title='bbox 497 864 569 945; x_wconf 84' lang='lat' dir='ltr'>quia</span> <span class='ocrx_word' id='word_1_45' title='bbox 592 883 663 926; x_wconf 92' lang='lat' dir='ltr'>eum</span> <span class='ocrx_word' id='word_1_46' title='bbox 687 863 725 926; x_wconf 87' lang='lat' dir='ltr'>ob</span> <span class='ocrx_word' id='word_1_47' title='bbox 749 860 964 926; x_wconf 78' lang='lat' dir='ltr'>Infidelitatem</span> <span class='ocrx_word' id='word_1_48' title='bbox 995 862 1095 927; x_wconf 87' lang='lat' dir='ltr'>crucis</span> <span class='ocrx_word' id='word_1_49' title='bbox 1132 871 1277 927; x_wconf 85' lang='lat' dir='ltr'>satanam</span> <span class='ocrx_word' id='word_1_50' title='bbox 1298 882 1356 927; x_wconf 90' lang='lat' dir='ltr'>nun·</span> 
     </span>
     <span class='ocr_line' id='line_1_7' title="bbox 223 965 1356 1050; baseline -0.001 -18"><span class='ocrx_word' id='word_1_51' title='bbox 223 980 377 1048; x_wconf 80' lang='lat' dir='ltr'>capesset,</span> <span class='ocrx_word' id='word_1_52' title='bbox 413 987 471 1031; x_wconf 88' lang='lat' dir='ltr'>non</span> <span class='ocrx_word' id='word_1_53' title='bbox 508 965 603 1030; x_wconf 89' lang='lat' dir='ltr'>multo</span> <span class='ocrx_word' id='word_1_54' title='bbox 637 974 717 1046; x_wconf 87' lang='lat' dir='ltr'>post,</span> <span class='ocrx_word' id='word_1_55' title='bbox 741 985 810 1030; x_wconf 89' lang='lat' dir='ltr'>cum</span> <span class='ocrx_word' id='word_1_56' title='bbox 845 966 876 1028; x_wconf 94' lang='lat' dir='ltr'>in</span> <span class='ocrx_word' id='word_1_57' title='bbox 909 973 1011 1030; x_wconf 89' lang='lat' dir='ltr'>monte</span> <span class='ocrx_word' id='word_1_58' title='bbox 1042 965 1153 1050; x_wconf 81' lang='lat' dir='ltr'>gloriae</span> <span class='ocrx_word' id='word_1_59' title='bbox 1176 988 1245 1031; x_wconf 72' lang='lat' dir='ltr'>suar</span> <span class='ocrx_word' id='word_1_60' title='bbox 1269 967 1356 1031; x_wconf 85' lang='lat' dir='ltr'>hahitn</span> 
     </span>
     <span class='ocr_line' id='line_1_8' title="bbox 223 1069 1357 1152; baseline -0.001 -18"><span class='ocrx_word' id='word_1_61' title='bbox 223 1072 418 1142; x_wconf 82' lang='lat' dir='ltr'>constitisset,</span> <span class='ocrx_word' id='word_1_62' title='bbox 454 1071 505 1136; x_wconf 88' lang='lat' dir='ltr'>tali</span> <span class='ocrx_word' id='word_1_63' title='bbox 537 1078 666 1152; x_wconf 88' lang='lat' dir='ltr'>apatre</span> <span class='ocrx_word' id='word_1_64' title='bbox 700 1090 774 1134; x_wconf 91' lang='lat' dir='ltr'>uoce</span> <span class='ocrx_word' id='word_1_65' title='bbox 809 1071 1017 1152; x_wconf 83' lang='lat' dir='ltr'>cognoscitur:</span> <span class='ocrx_word' id='word_1_66' title='bbox 1057 1069 1124 1134; x_wconf 92' lang='lat' dir='ltr'>hic</span> <span class='ocrx_word' id='word_1_67' title='bbox 1160 1080 1225 1136; x_wconf 90' lang='lat' dir='ltr'>est</span> <span class='ocrx_word' id='word_1_68' title='bbox 1258 1072 1357 1136; x_wconf 87' lang='lat' dir='ltr'>siIius</span> 
     </span>
     <span class='ocr_line' id='line_1_9' title="bbox 224 1174 1357 1258; baseline 0.001 -20"><span class='ocrx_word' id='word_1_69' title='bbox 224 1195 331 1240; x_wconf 91' lang='lat' dir='ltr'>meus</span> <span class='ocrx_word' id='word_1_70' title='bbox 355 1175 541 1241; x_wconf 89' lang='lat' dir='ltr'>dilectus.</span> <span class='ocrx_word' id='word_1_71' title='bbox 566 1177 604 1238; x_wconf 92' lang='lat' dir='ltr'>in</span> <span class='ocrx_word' id='word_1_72' title='bbox 628 1196 703 1258; x_wconf 92' lang='lat' dir='ltr'>quo</span> <span class='ocrx_word' id='word_1_73' title='bbox 727 1174 952 1256; x_wconf 83' lang='lat' dir='ltr'>conplacui,</span> <span class='ocrx_word' id='word_1_74' title='bbox 977 1174 1079 1238; x_wconf 88' lang='lat' dir='ltr'>hunc</span> <span class='ocrx_word' id='word_1_75' title='bbox 1104 1177 1262 1241; x_wconf 88' lang='lat' dir='ltr'>audite.</span> <span class='ocrx_word' id='word_1_76' title='bbox 1304 1196 1357 1255; x_wconf 80' lang='lat' dir='ltr'>pm</span> 
     </span>
     <span class='ocr_line' id='line_1_10' title="bbox 224 1277 1358 1363; baseline 0.001 -20"><span class='ocrx_word' id='word_1_77' title='bbox 224 1280 388 1353; x_wconf 80' lang='lat' dir='ltr'>bationem,</span> <span class='ocrx_word' id='word_1_78' title='bbox 428 1300 518 1363; x_wconf 93' lang='lat' dir='ltr'>quam</span> <span class='ocrx_word' id='word_1_79' title='bbox 555 1280 716 1359; x_wconf 84' lang='lat' dir='ltr'>temptatio</span> <span class='ocrx_word' id='word_1_80' title='bbox 754 1278 882 1359; x_wconf 83' lang='lat' dir='ltr'>apostoli</span> <span class='ocrx_word' id='word_1_81' title='bbox 920 1277 1070 1355; x_wconf 80' lang='lat' dir='ltr'>effecerat,</span> <span class='ocrx_word' id='word_1_82' title='bbox 1111 1288 1255 1359; x_wconf 74' lang='lat' dir='ltr'>paternae</span> <span class='ocrx_word' id='word_1_83' title='bbox 1290 1280 1358 1344; x_wconf 87' lang='lat' dir='ltr'>necis</span> 
     </span>
     <span class='ocr_line' id='line_1_11' title="bbox 172 1384 605 1467; baseline 0.012 -25"><span class='ocrx_word' id='word_1_84' title='bbox 172 1407 196 1443; x_wconf 87' lang='lat' dir='ltr'>ro</span> <span class='ocrx_word' id='word_1_85' title='bbox 224 1384 339 1467; x_wconf 81' lang='lat' dir='ltr'>agnitio</span> <span class='ocrx_word' id='word_1_86' title='bbox 363 1390 411 1447; x_wconf 90' lang='lat' dir='ltr'>est</span> <span class='ocrx_word' id='word_1_87' title='bbox 434 1391 605 1448; x_wconf 87' lang='lat' dir='ltr'>consecuta.</span> 
     </span>
    </p>
   </div>
   <div class='ocr_carea' id='block_1_3' title="bbox 172 1537 1389 3390">
    <p class='ocr_par' dir='ltr' id='par_1_3' title="bbox 224 1537 1389 1934">
     <span class='ocr_line' id='line_1_12' title="bbox 268 1537 1356 1622; baseline 0 -22"><span class='ocrx_word' id='word_1_88' title='bbox 268 1538 296 1601; x_wconf 81' lang='lat'>7.</span> <span class='ocrx_word' id='word_1_89' title='bbox 320 1537 440 1603; x_wconf 87' lang='lat' dir='ltr'>Dehinc</span> <span class='ocrx_word' id='word_1_90' title='bbox 465 1540 618 1621; x_wconf 91' lang='lat' dir='ltr'>sequitur:</span> <span class='ocrx_word' id='word_1_91' title='bbox 642 1538 877 1622; x_wconf 89' lang='lat' dir='ltr'>cognouisti</span> <span class='ocrx_word' id='word_1_92' title='bbox 910 1540 1143 1604; x_wconf 83' lang='lat' dir='ltr'>sessionem</span> <span class='ocrx_word' id='word_1_93' title='bbox 1173 1560 1299 1604; x_wconf 87' lang='lat' dir='ltr'>meam</span> <span class='ocrx_word' id='word_1_94' title='bbox 1328 1550 1356 1602; x_wconf 88' lang='lat' dir='ltr'>et</span> 
     </span>
     <span class='ocr_line' id='line_1_13' title="bbox 224 1643 1356 1728; baseline 0.001 -23"><span class='ocrx_word' id='word_1_95' title='bbox 224 1644 571 1707; x_wconf 82' lang='lat' dir='ltr'>resurrectionem</span> <span class='ocrx_word' id='word_1_96' title='bbox 605 1662 738 1706; x_wconf 89' lang='lat' dir='ltr'>meam.</span> <span class='ocrx_word' id='word_1_97' title='bbox 785 1644 815 1706; x_wconf 94' lang='lat' dir='ltr'>in</span> <span class='ocrx_word' id='word_1_98' title='bbox 839 1643 977 1707; x_wconf 89' lang='lat' dir='ltr'>sessione</span> <span class='ocrx_word' id='word_1_99' title='bbox 1001 1643 1177 1708; x_wconf 81' lang='lat' dir='ltr'>doctrinam</span> <span class='ocrx_word' id='word_1_100' title='bbox 1202 1643 1356 1728; x_wconf 86' lang='lat' dir='ltr'>significari</span> 
     </span>
     <span class='ocr_line' id='line_1_14' title="bbox 226 1746 1355 1829; baseline 0.001 -19"><span class='ocrx_word' id='word_1_101' title='bbox 226 1746 405 1829; x_wconf 87' lang='lat' dir='ltr'>euangelica</span> <span class='ocrx_word' id='word_1_102' title='bbox 428 1747 593 1811; x_wconf 88' lang='lat' dir='ltr'>aucteritas</span> <span class='ocrx_word' id='word_1_103' title='bbox 617 1760 671 1811; x_wconf 87' lang='lat' dir='ltr'>est.</span> <span class='ocrx_word' id='word_1_104' title='bbox 717 1748 872 1812; x_wconf 84' lang='lat' dir='ltr'>sessiones</span> <span class='ocrx_word' id='word_1_105' title='bbox 895 1754 997 1811; x_wconf 88' lang='lat' dir='ltr'>autem</span> <span class='ocrx_word' id='word_1_106' title='bbox 1022 1747 1186 1812; x_wconf 88' lang='lat' dir='ltr'>nobiscum</span> <span class='ocrx_word' id='word_1_107' title='bbox 1220 1748 1268 1812; x_wconf 80' lang='lat' dir='ltr'>hre</span> <span class='ocrx_word' id='word_1_108' title='bbox 1290 1756 1355 1812; x_wconf 86' lang='lat' dir='ltr'>sunt</span> 
     </span>
     <span class='ocr_line' id='line_1_15' title="bbox 225 1850 1389 1934; baseline 0.005 -21"><span class='ocrx_word' id='word_1_109' title='bbox 225 1869 293 1932; x_wconf 85' lang='lat' dir='ltr'>quse</span> <span class='ocrx_word' id='word_1_110' title='bbox 313 1871 331 1913; x_wconf 90' lang='lat' dir='ltr'>a</span> <span class='ocrx_word' id='word_1_111' title='bbox 345 1851 462 1915; x_wconf 81' lang='lat' dir='ltr'>Graecis</span> <span class='ocrx_word' id='word_1_112' title='bbox 478 1850 634 1915; x_wconf 75' lang='lat' dir='ltr'>cathedra</span> <span class='ocrx_word' id='word_1_113' title='bbox 651 1858 873 1932; x_wconf 88' lang='lat' dir='ltr'>nuncupantur.</span> <span class='ocrx_word' id='word_1_114' title='bbox 920 1851 1046 1934; x_wconf 79' lang='lat' dir='ltr'>Moyses</span> <span class='ocrx_word' id='word_1_115' title='bbox 1062 1851 1249 1916; x_wconf 79' lang='lat' dir='ltr'>cathedram</span> <span class='ocrx_word' id='word_1_116' title='bbox 1265 1851 1354 1915; x_wconf 86' lang='lat' dir='ltr'>habuit</span> <span class='ocrx_word' id='word_1_117' title='bbox 1387 1908 1389 1919; x_wconf 92' lang='lat'><em>.</em></span> 
     </span>
    </p>

    <p class='ocr_par' dir='ltr' id='par_1_4' title="bbox 172 1954 1389 3390">
     <span class='ocr_line' id='line_1_16' title="bbox 174 1954 1389 2038; baseline 0.004 -25"><span class='ocrx_word' id='word_1_118' title='bbox 174 1955 397 2019; x_wconf 73' lang='lat' dir='ltr'>sesecundum</span> <span class='ocrx_word' id='word_1_119' title='bbox 446 1955 563 2020; x_wconf 91' lang='lat' dir='ltr'>domini</span> <span class='ocrx_word' id='word_1_120' title='bbox 610 1956 741 2020; x_wconf 89' lang='lat' dir='ltr'>dictum:</span> <span class='ocrx_word' id='word_1_121' title='bbox 787 1976 908 2037; x_wconf 88' lang='lat' dir='ltr'>super</span> <span class='ocrx_word' id='word_1_122' title='bbox 953 1954 1083 2038; x_wconf 85' lang='lat' dir='ltr'>Moysi</span> <span class='ocrx_word' id='word_1_123' title='bbox 1129 1957 1389 2021; x_wconf 83' lang='lat' dir='ltr'>cathedram</span> 
     </span>
     <span class='ocr_line' id='line_1_17' title="bbox 224 2059 1353 2144; baseline -0.001 -22"><span class='ocrx_word' id='word_1_124' title='bbox 224 2059 421 2122; x_wconf 90' lang='lat' dir='ltr'>sederunt</span> <span class='ocrx_word' id='word_1_125' title='bbox 460 2061 605 2123; x_wconf 75' lang='lat' dir='ltr'>scriba</span> <span class='ocrx_word' id='word_1_126' title='bbox 644 2066 682 2124; x_wconf 90' lang='lat' dir='ltr'>et</span> <span class='ocrx_word' id='word_1_127' title='bbox 715 2059 920 2124; x_wconf 86' lang='lat' dir='ltr'>Pharisaei.</span> <span class='ocrx_word' id='word_1_128' title='bbox 973 2061 1107 2124; x_wconf 89' lang='lat' dir='ltr'>omnia</span> <span class='ocrx_word' id='word_1_129' title='bbox 1146 2081 1252 2144; x_wconf 87' lang='lat' dir='ltr'>ergo,</span> <span class='ocrx_word' id='word_1_130' title='bbox 1285 2078 1353 2143; x_wconf 81' lang='lat' dir='ltr'>qua</span> 
     </span>
     <span class='ocr_line' id='line_1_18' title="bbox 225 2163 1389 2238; baseline -0.001 -12"><span class='ocrx_word' id='word_1_131' title='bbox 225 2163 365 2227; x_wconf 89' lang='lat' dir='ltr'>dicunt</span> <span class='ocrx_word' id='word_1_132' title='bbox 388 2164 511 2238; x_wconf 85' lang='lat' dir='ltr'>uobis,</span> <span class='ocrx_word' id='word_1_133' title='bbox 528 2165 657 2228; x_wconf 85' lang='lat' dir='ltr'>tacite</span> <span class='ocrx_word' id='word_1_134' title='bbox 678 2165 966 2229; x_wconf 88' lang='lat' dir='ltr'>etobseruate:</span> <span class='ocrx_word' id='word_1_135' title='bbox 991 2166 1212 2229; x_wconf 90' lang='lat' dir='ltr'>seeundum</span> <span class='ocrx_word' id='word_1_136' title='bbox 1237 2173 1350 2228; x_wconf 89' lang='lat' dir='ltr'>auten</span> <span class='ocrx_word' id='word_1_137' title='bbox 1387 2203 1389 2209; x_wconf 91' lang='lat'>·</span> 
     </span>
     <span class='ocr_line' id='line_1_19' title="bbox 224 2268 1350 2347; baseline -0.002 -17"><span class='ocrx_word' id='word_1_138' title='bbox 224 2288 346 2347; x_wconf 86' lang='lat' dir='ltr'>opera</span> <span class='ocrx_word' id='word_1_139' title='bbox 380 2287 515 2332; x_wconf 88' lang='lat' dir='ltr'>eorum</span> <span class='ocrx_word' id='word_1_140' title='bbox 550 2268 677 2332; x_wconf 88' lang='lat' dir='ltr'>nolite</span> <span class='ocrx_word' id='word_1_141' title='bbox 712 2268 864 2336; x_wconf 85' lang='lat' dir='ltr'>Iacere:</span> <span class='ocrx_word' id='word_1_142' title='bbox 900 2269 1041 2333; x_wconf 89' lang='lat' dir='ltr'>dicunt</span> <span class='ocrx_word' id='word_1_143' title='bbox 1077 2269 1180 2332; x_wconf 90' lang='lat' dir='ltr'>enirn</span> <span class='ocrx_word' id='word_1_144' title='bbox 1223 2276 1258 2333; x_wconf 90' lang='lat' dir='ltr'>et</span> <span class='ocrx_word' id='word_1_145' title='bbox 1290 2285 1350 2330; x_wconf 89' lang='lat' dir='ltr'>non</span> 
     </span>
     <span class='ocr_line' id='line_1_20' title="bbox 225 2369 1349 2454; baseline -0.003 -20"><span class='ocrx_word' id='word_1_146' title='bbox 225 2372 362 2436; x_wconf 87' lang='lat' dir='ltr'>t&#39;aciun</span> <span class='ocrx_word' id='word_1_147' title='bbox 372 2379 390 2435; x_wconf 90' lang='lat' dir='ltr'>t.</span> <span class='ocrx_word' id='word_1_148' title='bbox 436 2392 508 2436; x_wconf 90' lang='lat' dir='ltr'>cum</span> <span class='ocrx_word' id='word_1_149' title='bbox 535 2372 629 2454; x_wconf 87' lang='lat' dir='ltr'>igitur</span> <span class='ocrx_word' id='word_1_150' title='bbox 652 2372 793 2436; x_wconf 89' lang='lat' dir='ltr'>doctrina</span> <span class='ocrx_word' id='word_1_151' title='bbox 816 2372 1042 2437; x_wconf 77' lang='lat' dir='ltr'>Pharisaeorum</span> <span class='ocrx_word' id='word_1_152' title='bbox 1066 2373 1105 2436; x_wconf 92' lang='lat' dir='ltr'>ob</span> <span class='ocrx_word' id='word_1_153' title='bbox 1138 2373 1170 2437; x_wconf 89' lang='lat' dir='ltr'>id</span> <span class='ocrx_word' id='word_1_154' title='bbox 1200 2369 1349 2452; x_wconf 88' lang='lat' dir='ltr'>probabilis</span> 
     </span>
     <span class='ocr_line' id='line_1_21' title="bbox 173 2473 1347 2561; baseline 0 -27"><span class='ocrx_word' id='word_1_155' title='bbox 173 2496 198 2534; x_wconf 79' lang='lat' dir='ltr'>ao</span> <span class='ocrx_word' id='word_1_156' title='bbox 226 2496 294 2540; x_wconf 88' lang='lat' dir='ltr'>esse</span> <span class='ocrx_word' id='word_1_157' title='bbox 318 2479 471 2553; x_wconf 87' lang='lat' dir='ltr'>doceatur,</span> <span class='ocrx_word' id='word_1_158' title='bbox 495 2477 567 2560; x_wconf 85' lang='lat' dir='ltr'>quia</span> <span class='ocrx_word' id='word_1_159' title='bbox 591 2477 647 2556; x_wconf 79' lang='lat' dir='ltr'>ipsi</span> <span class='ocrx_word' id='word_1_160' title='bbox 673 2477 703 2539; x_wconf 90' lang='lat' dir='ltr'>in</span> <span class='ocrx_word' id='word_1_161' title='bbox 728 2476 828 2561; x_wconf 81' lang='lat' dir='ltr'>Moysi</span> <span class='ocrx_word' id='word_1_162' title='bbox 852 2475 1000 2541; x_wconf 86' lang='lat' dir='ltr'>cathedra</span> <span class='ocrx_word' id='word_1_163' title='bbox 1031 2478 1186 2549; x_wconf 84' lang='lat' dir='ltr'>sederunt,</span> <span class='ocrx_word' id='word_1_164' title='bbox 1229 2473 1347 2541; x_wconf 84' lang='lat' dir='ltr'>doctrina</span> 
     </span>
     <span class='ocr_line' id='line_1_22' title="bbox 224 2579 1345 2664; baseline -0.004 -21"><span class='ocrx_word' id='word_1_165' title='bbox 224 2579 665 2664; x_wconf 84' lang='lat' dir='ltr'>necessariosignificatoria</span> <span class='ocrx_word' id='word_1_166' title='bbox 690 2581 846 2645; x_wconf 88' lang='lat' dir='ltr'>cathedra.</span> <span class='ocrx_word' id='word_1_167' title='bbox 891 2581 1035 2663; x_wconf 86' lang='lat' dir='ltr'>cognouit</span> <span class='ocrx_word' id='word_1_168' title='bbox 1054 2582 1160 2664; x_wconf 90' lang='lat' dir='ltr'>itaque</span> <span class='ocrx_word' id='word_1_169' title='bbox 1187 2580 1345 2645; x_wconf 87' lang='lat' dir='ltr'>sessionem.</span> 
     </span>
     <span class='ocr_line' id='line_1_23' title="bbox 225 2681 1341 2768; baseline -0.004 -20"><span class='ocrx_word' id='word_1_170' title='bbox 225 2704 295 2748; x_wconf 88' lang='lat' dir='ltr'>cum</span> <span class='ocrx_word' id='word_1_171' title='bbox 319 2683 501 2768; x_wconf 89' lang='lat' dir='ltr'>dignitatem</span> <span class='ocrx_word' id='word_1_172' title='bbox 527 2685 592 2748; x_wconf 87' lang='lat' dir='ltr'>eins</span> <span class='ocrx_word' id='word_1_173' title='bbox 615 2687 646 2748; x_wconf 92' lang='lat' dir='ltr'>in</span> <span class='ocrx_word' id='word_1_174' title='bbox 670 2685 813 2749; x_wconf 89' lang='lat' dir='ltr'>omnibus</span> <span class='ocrx_word' id='word_1_175' title='bbox 829 2686 984 2765; x_wconf 82' lang='lat' dir='ltr'>praedicat,</span> <span class='ocrx_word' id='word_1_176' title='bbox 1001 2705 1071 2749; x_wconf 92' lang='lat' dir='ltr'>cnm</span> <span class='ocrx_word' id='word_1_177' title='bbox 1088 2683 1273 2749; x_wconf 85' lang='lat' dir='ltr'>uoluntatem</span> <span class='ocrx_word' id='word_1_178' title='bbox 1287 2681 1341 2745; x_wconf 84' lang='lat' dir='ltr'>eius</span> 
     </span>
     <span class='ocr_line' id='line_1_24' title="bbox 225 2784 1337 2872; baseline -0.004 -22"><span class='ocrx_word' id='word_1_179' title='bbox 225 2784 277 2870; x_wconf 88' lang='lat' dir='ltr'>qui</span> <span class='ocrx_word' id='word_1_180' title='bbox 301 2809 334 2852; x_wconf 90' lang='lat' dir='ltr'>se</span> <span class='ocrx_word' id='word_1_181' title='bbox 359 2789 451 2863; x_wconf 88' lang='lat' dir='ltr'>misit,</span> <span class='ocrx_word' id='word_1_182' title='bbox 477 2789 661 2872; x_wconf 79' lang='lat' dir='ltr'>exsequitur,</span> <span class='ocrx_word' id='word_1_183' title='bbox 699 2809 767 2853; x_wconf 89' lang='lat' dir='ltr'>cunr</span> <span class='ocrx_word' id='word_1_184' title='bbox 793 2788 958 2853; x_wconf 80' lang='lat' dir='ltr'>humilitati</span> <span class='ocrx_word' id='word_1_185' title='bbox 992 2789 1130 2869; x_wconf 87' lang='lat' dir='ltr'>corporis</span> <span class='ocrx_word' id='word_1_186' title='bbox 1160 2789 1205 2853; x_wconf 89' lang='lat' dir='ltr'>sui</span> <span class='ocrx_word' id='word_1_187' title='bbox 1235 2785 1337 2871; x_wconf 87' lang='lat' dir='ltr'>glorian</span> 
     </span>
     <span class='ocr_line' id='line_1_25' title="bbox 224 2887 1389 2971; baseline -0.005 -16"><span class='ocrx_word' id='word_1_188' title='bbox 224 2892 381 2971; x_wconf 80' lang='lat' dir='ltr'>postulans</span> <span class='ocrx_word' id='word_1_189' title='bbox 397 2892 622 2957; x_wconf 80' lang='lat' dir='ltr'>auditecaeio:</span> <span class='ocrx_word' id='word_1_190' title='bbox 647 2899 684 2958; x_wconf 94' lang='lat' dir='ltr'>et</span> <span class='ocrx_word' id='word_1_191' title='bbox 708 2892 990 2957; x_wconf 84' lang='lat' dir='ltr'>honoriticaui</span> <span class='ocrx_word' id='word_1_192' title='bbox 1014 2887 1334 2956; x_wconf 82' lang='lat' dir='ltr'>ethonorisieabe.</span> <span class='ocrx_word' id='word_1_193' title='bbox 1387 2887 1389 2892; x_wconf 79' lang='grc'>’</span> 
     </span>
     <span class='ocr_line' id='line_1_26' title="bbox 172 2986 1389 3083; baseline -0.005 -29"><span class='ocrx_word' id='word_1_194' title='bbox 172 3016 198 3054; x_wconf 77' lang='lat' dir='ltr'>as</span> <span class='ocrx_word' id='word_1_195' title='bbox 226 2997 280 3059; x_wconf 90' lang='lat' dir='ltr'>sed</span> <span class='ocrx_word' id='word_1_196' title='bbox 304 2996 443 3060; x_wconf 88' lang='lat' dir='ltr'>doctrina</span> <span class='ocrx_word' id='word_1_197' title='bbox 466 3018 525 3060; x_wconf 92' lang='lat' dir='ltr'>non</span> <span class='ocrx_word' id='word_1_198' title='bbox 550 2997 651 3060; x_wconf 90' lang='lat' dir='ltr'>minus</span> <span class='ocrx_word' id='word_1_199' title='bbox 674 2998 704 3061; x_wconf 94' lang='lat' dir='ltr'>in</span> <span class='ocrx_word' id='word_1_200' title='bbox 729 2998 867 3061; x_wconf 84' lang='lat' dir='ltr'>sessione</span> <span class='ocrx_word' id='word_1_201' title='bbox 890 2999 963 3071; x_wconf 84' lang='lat' dir='ltr'>eius,</span> <span class='ocrx_word' id='word_1_202' title='bbox 994 3017 1087 3080; x_wconf 88' lang='lat' dir='ltr'>quam</span> <span class='ocrx_word' id='word_1_203' title='bbox 1118 2998 1150 3060; x_wconf 92' lang='lat' dir='ltr'>in</span> <span class='ocrx_word' id='word_1_204' title='bbox 1179 2992 1331 3061; x_wconf 83' lang='lat' dir='ltr'>surrectione</span> <span class='ocrx_word' id='word_1_205' title='bbox 1379 2986 1389 3083; x_wconf 22' lang='grc' dir='ltr'>ἰ</span> 
     </span>
     <span class='ocr_line' id='line_1_27' title="bbox 224 3093 1328 3184; baseline -0.009 -22"><span class='ocrx_word' id='word_1_206' title='bbox 224 3120 300 3181; x_wconf 87' lang='lat' dir='ltr'>opus</span> <span class='ocrx_word' id='word_1_207' title='bbox 323 3101 528 3184; x_wconf 87' lang='lat' dir='ltr'>cognoscitur.</span> <span class='ocrx_word' id='word_1_208' title='bbox 576 3122 647 3165; x_wconf 89' lang='lat' dir='ltr'>nam</span> <span class='ocrx_word' id='word_1_209' title='bbox 671 3108 703 3164; x_wconf 91' lang='lat' dir='ltr'>ut</span> <span class='ocrx_word' id='word_1_210' title='bbox 726 3102 822 3166; x_wconf 84' lang='lat' dir='ltr'>sessio</span> <span class='ocrx_word' id='word_1_211' title='bbox 846 3101 993 3165; x_wconf 75' lang='lat' dir='ltr'>doctrina</span> <span class='ocrx_word' id='word_1_212' title='bbox 1023 3112 1212 3181; x_wconf 64' lang='lat' dir='ltr'>praeceptum</span> <span class='ocrx_word' id='word_1_213' title='bbox 1244 3104 1288 3168; x_wconf 88' lang='lat' dir='ltr'>est,</span> <span class='ocrx_word' id='word_1_214' title='bbox 1303 3093 1328 3153; x_wconf 79' lang='lat' dir='ltr'>tu</span> 
     </span>
     <span class='ocr_line' id='line_1_28' title="bbox 225 3195 1388 3284; baseline -0.008 -15"><span class='ocrx_word' id='word_1_215' title='bbox 225 3212 256 3269; x_wconf 89' lang='lat' dir='ltr'>et</span> <span class='ocrx_word' id='word_1_216' title='bbox 278 3205 425 3268; x_wconf 86' lang='lat' dir='ltr'>surrectio</span> <span class='ocrx_word' id='word_1_217' title='bbox 460 3205 644 3284; x_wconf 80' lang='lat' dir='ltr'>operationis</span> <span class='ocrx_word' id='word_1_218' title='bbox 675 3203 801 3270; x_wconf 81' lang='lat' dir='ltr'>effectus</span> <span class='ocrx_word' id='word_1_219' title='bbox 836 3216 890 3270; x_wconf 91' lang='lat' dir='ltr'>est.</span> <span class='ocrx_word' id='word_1_220' title='bbox 936 3207 1049 3270; x_wconf 88' lang='lat' dir='ltr'>sedens</span> <span class='ocrx_word' id='word_1_221' title='bbox 1085 3204 1173 3270; x_wconf 89' lang='lat' dir='ltr'>lesus</span> <span class='ocrx_word' id='word_1_222' title='bbox 1203 3200 1288 3268; x_wconf 88' lang='lat' dir='ltr'>docuit</span> <span class='ocrx_word' id='word_1_223' title='bbox 1307 3195 1325 3255; x_wconf 81' lang='lat' dir='ltr'>h</span> <span class='ocrx_word' id='word_1_224' title='bbox 1385 3236 1388 3275; x_wconf 34' lang='lat' dir='ltr'>y</span> 
     </span>
     <span class='ocr_line' id='line_1_29' title="bbox 224 3299 1386 3390; baseline 0 -19"><span class='ocrx_word' id='word_1_225' title='bbox 224 3315 344 3385; x_wconf 86' lang='lat' dir='ltr'>monte:</span> <span class='ocrx_word' id='word_1_226' title='bbox 379 3309 434 3372; x_wconf 91' lang='lat' dir='ltr'>sed</span> <span class='ocrx_word' id='word_1_227' title='bbox 470 3318 538 3388; x_wconf 79' lang='lat' dir='ltr'>post</span> <span class='ocrx_word' id='word_1_228' title='bbox 571 3309 744 3373; x_wconf 84' lang='lat' dir='ltr'>doctrinam</span> <span class='ocrx_word' id='word_1_229' title='bbox 783 3310 822 3372; x_wconf 86' lang='lat' dir='ltr'>ad</span> <span class='ocrx_word' id='word_1_230' title='bbox 859 3330 954 3390; x_wconf 87' lang='lat' dir='ltr'>opera</span> <span class='ocrx_word' id='word_1_231' title='bbox 987 3310 1158 3374; x_wconf 87' lang='lat' dir='ltr'>descendit.</span> <span class='ocrx_word' id='word_1_232' title='bbox 1208 3309 1246 3372; x_wconf 85' lang='lat' dir='ltr'>ita</span> <span class='ocrx_word' id='word_1_233' title='bbox 1273 3299 1324 3366; x_wconf 68' lang='lat' dir='ltr'>chiffl</span> <span class='ocrx_word' id='word_1_234' title='bbox 1379 3348 1386 3358; x_wconf 71' lang='lat'>=</span> 
     </span>
    </p>
   </div>
   <div class='ocr_carea' id='block_1_4' title="bbox 266 3521 1228 3589">
    <p class='ocr_par' dir='ltr' id='par_1_5' title="bbox 266 3521 1228 3589">
     <span class='ocr_line' id='line_1_30' title="bbox 266 3521 1228 3589; baseline -0.002 -15"><span class='ocrx_word' id='word_1_235' title='bbox 266 3521 398 3574; x_wconf 77' lang='lat' dir='ltr'>&#39;IIIIattIn</span> <span class='ocrx_word' id='word_1_236' title='bbox 418 3521 502 3587; x_wconf 79' lang='lat' dir='ltr'>XI&#39;II,</span> <span class='ocrx_word' id='word_1_237' title='bbox 522 3525 545 3574; x_wconf 84' lang='lat'>5.</span> <span class='ocrx_word' id='word_1_238' title='bbox 585 3523 616 3574; x_wconf 81' lang='lat'>15</span> <span class='ocrx_word' id='word_1_239' title='bbox 635 3521 733 3574; x_wconf 88' lang='lat' dir='ltr'>Matth.</span> <span class='ocrx_word' id='word_1_240' title='bbox 752 3521 850 3587; x_wconf 86' lang='lat' dir='ltr'>XXIII,</span> <span class='ocrx_word' id='word_1_241' title='bbox 870 3524 885 3572; x_wconf 83' lang='lat'><strong>2</strong></span> <span class='ocrx_word' id='word_1_242' title='bbox 905 3540 944 3588; x_wconf 84' lang='lat' dir='ltr'>sq.</span> <span class='ocrx_word' id='word_1_243' title='bbox 980 3521 1228 3589; x_wconf 65' lang='grc'><strong>2410111118.</strong></span> 
     </span>
    </p>
   </div>
   <div class='ocr_carea' id='block_1_5' title="bbox 222 3683 1389 4279">
    <p class='ocr_par' dir='ltr' id='par_1_6' title="bbox 222 3683 1389 4279">
     <span class='ocr_line' id='line_1_31' title="bbox 266 3683 1389 3747; baseline -0.003 -1"><span class='ocrx_word' id='word_1_244' title='bbox 266 3695 401 3747; x_wconf 80' lang='lat' dir='ltr'>2totiens</span> <span class='ocrx_word' id='word_1_245' title='bbox 421 3699 449 3746; x_wconf 88' lang='lat' dir='ltr'>et</span> <span class='ocrx_word' id='word_1_246' title='bbox 469 3695 548 3746; x_wconf 81' lang='lat' dir='ltr'>ItTE</span> <span class='ocrx_word' id='word_1_247' title='bbox 564 3694 665 3747; x_wconf 86' lang='lat' dir='ltr'>totiens</span> <span class='ocrx_word' id='word_1_248' title='bbox 685 3694 711 3745; x_wconf 89' lang='lat' dir='ltr'><em>P</em></span> <span class='ocrx_word' id='word_1_249' title='bbox 760 3694 935 3747; x_wconf 75' lang='lat' dir='ltr'>3scandaltt</span> <span class='ocrx_word' id='word_1_250' title='bbox 959 3712 989 3746; x_wconf 75' lang='lat' dir='ltr'>ea</span> <span class='ocrx_word' id='word_1_251' title='bbox 1013 3694 1144 3747; x_wconf 87' lang='lat' dir='ltr'>scandalo</span> <span class='ocrx_word' id='word_1_252' title='bbox 1165 3695 1190 3747; x_wconf 84' lang='lat' dir='ltr'><em>P</em></span> <span class='ocrx_word' id='word_1_253' title='bbox 1236 3683 1331 3745; x_wconf 71' lang='grc'><strong>711111</strong></span> <span class='ocrx_word' id='word_1_254' title='bbox 1385 3717 1389 3723; x_wconf 92' lang='grc'><em>·</em></span> 
     </span>
     <span class='ocr_line' id='line_1_32' title="bbox 223 3765 1386 3849; baseline -0.001 -17"><span class='ocrx_word' id='word_1_255' title='bbox 223 3781 372 3834; x_wconf 75' lang='lat' dir='ltr'>insana</span> <span class='ocrx_word' id='word_1_256' title='bbox 390 3782 416 3833; x_wconf 85' lang='lat' dir='ltr'>n</span> <span class='ocrx_word' id='word_1_257' title='bbox 472 3784 502 3833; x_wconf 86' lang='lat' dir='ltr'>ro</span> <span class='ocrx_word' id='word_1_258' title='bbox 521 3781 676 3849; x_wconf 75' lang='lat' dir='ltr'>agnitione</span> <span class='ocrx_word' id='word_1_259' title='bbox 693 3781 890 3848; x_wconf 76' lang='lat' dir='ltr'>cognitiol&#39;Tt</span> <span class='ocrx_word' id='word_1_260' title='bbox 943 3784 974 3835; x_wconf 94' lang='lat'>11</span> <span class='ocrx_word' id='word_1_261' title='bbox 995 3782 1115 3849; x_wconf 72' lang='lat' dir='ltr'>cognom</span> <span class='ocrx_word' id='word_1_262' title='bbox 1135 3782 1161 3834; x_wconf 83' lang='lat' dir='ltr'><strong><em>P</em></strong></span> <span class='ocrx_word' id='word_1_263' title='bbox 1214 3765 1334 3835; x_wconf 63' lang='lat' dir='ltr'>resset·</span> <span class='ocrx_word' id='word_1_264' title='bbox 1382 3786 1386 3790; x_wconf 93' lang='lat'>·</span> 
     </span>
     <span class='ocr_line' id='line_1_33' title="bbox 224 3865 1338 3936; baseline -0.004 -15"><span class='ocrx_word' id='word_1_265' title='bbox 224 3869 257 3921; x_wconf 84' lang='lat'>15</span> <span class='ocrx_word' id='word_1_266' title='bbox 275 3886 357 3935; x_wconf 88' lang='lat' dir='ltr'>snper</span> <span class='ocrx_word' id='word_1_267' title='bbox 375 3868 462 3936; x_wconf 84' lang='lat' dir='ltr'>moysi</span> <span class='ocrx_word' id='word_1_268' title='bbox 483 3868 642 3920; x_wconf 86' lang='lat' dir='ltr'>cathedram</span> <span class='ocrx_word' id='word_1_269' title='bbox 653 3868 799 3935; x_wconf 81' lang='lat' dir='ltr'>RTsuper</span> <span class='ocrx_word' id='word_1_270' title='bbox 817 3869 904 3936; x_wconf 86' lang='lat' dir='ltr'>moysi</span> <span class='ocrx_word' id='word_1_271' title='bbox 924 3868 1056 3921; x_wconf 87' lang='lat' dir='ltr'>cathedra</span> <span class='ocrx_word' id='word_1_272' title='bbox 1068 3869 1190 3936; x_wconf 79' lang='lat' dir='ltr'>Pauper</span> <span class='ocrx_word' id='word_1_273' title='bbox 1208 3865 1338 3921; x_wconf 67' lang='lat' dir='ltr'>cathedam</span> 
     </span>
     <span class='ocr_line' id='line_1_34' title="bbox 223 3944 1356 4022; baseline -0.001 -17"><span class='ocrx_word' id='word_1_274' title='bbox 223 3953 310 4022; x_wconf 88' lang='lat' dir='ltr'>moysi</span> <span class='ocrx_word' id='word_1_275' title='bbox 330 3955 358 4006; x_wconf 88' lang='lat' dir='ltr'><em>E</em></span> <span class='ocrx_word' id='word_1_276' title='bbox 411 3958 442 4008; x_wconf 87' lang='grc'>16</span> <span class='ocrx_word' id='word_1_277' title='bbox 460 3954 570 4008; x_wconf 81' lang='lat' dir='ltr'>farisaei</span> <span class='ocrx_word' id='word_1_278' title='bbox 589 3956 613 4007; x_wconf 76' lang='lat' dir='ltr'>It</span> <span class='ocrx_word' id='word_1_279' title='bbox 667 3971 736 4021; x_wconf 88' lang='lat' dir='ltr'>quae</span> <span class='ocrx_word' id='word_1_280' title='bbox 756 3955 781 4006; x_wconf 81' lang='lat' dir='ltr'>n</span> <span class='ocrx_word' id='word_1_281' title='bbox 799 3971 987 4022; x_wconf 88' lang='lat' dir='ltr'>quaecumque</span> <span class='ocrx_word' id='word_1_282' title='bbox 1008 3955 1086 4006; x_wconf 86' lang='grc' dir='ltr'>ΡΤΕ</span> <span class='ocrx_word' id='word_1_283' title='bbox 1140 3959 1174 4010; x_wconf 84' lang='grc'>18</span> <span class='ocrx_word' id='word_1_284' title='bbox 1191 3957 1263 4009; x_wconf 87' lang='lat' dir='ltr'>enim</span> <span class='ocrx_word' id='word_1_285' title='bbox 1280 3944 1343 4004; x_wconf 33' lang='lat' dir='ltr'>easP</span> <span class='ocrx_word' id='word_1_286' title='bbox 1352 3948 1356 3964; x_wconf 90' lang='lat'>&#39;</span> 
     </span>
     <span class='ocr_line' id='line_1_35' title="bbox 222 4039 1345 4096; baseline -0.003 -3"><span class='ocrx_word' id='word_1_287' title='bbox 222 4042 258 4093; x_wconf 78' lang='lat'>20</span> <span class='ocrx_word' id='word_1_288' title='bbox 284 4040 459 4094; x_wconf 74' lang='lat' dir='ltr'>cathedrali</span> <span class='ocrx_word' id='word_1_289' title='bbox 521 4043 552 4094; x_wconf 75' lang='lat'>21</span> <span class='ocrx_word' id='word_1_290' title='bbox 584 4041 733 4095; x_wconf 84' lang='lat' dir='ltr'>sessionem</span> <span class='ocrx_word' id='word_1_291' title='bbox 760 4059 823 4094; x_wconf 90' lang='lat' dir='ltr'>cum</span> <span class='ocrx_word' id='word_1_292' title='bbox 843 4042 868 4094; x_wconf 86' lang='lat' dir='ltr'><em>R</em></span> <span class='ocrx_word' id='word_1_293' title='bbox 887 4040 1069 4094; x_wconf 68' lang='lat' dir='ltr'>sessioncmes</span> <span class='ocrx_word' id='word_1_294' title='bbox 1090 4042 1116 4092; x_wconf 83' lang='lat' dir='ltr'>P</span> <span class='ocrx_word' id='word_1_295' title='bbox 1131 4045 1282 4096; x_wconf 85' lang='lat' dir='ltr'>sessionem</span> <span class='ocrx_word' id='word_1_296' title='bbox 1306 4039 1345 4093; x_wconf 76' lang='lat' dir='ltr'>eim</span> 
     </span>
     <span class='ocr_line' id='line_1_36' title="bbox 223 4127 1351 4196; baseline 0 -19"><span class='ocrx_word' id='word_1_297' title='bbox 223 4142 286 4178; x_wconf 82' lang='lat' dir='ltr'>curn</span> <span class='ocrx_word' id='word_1_298' title='bbox 306 4128 358 4178; x_wconf 87' lang='lat' dir='ltr'>TE</span> <span class='ocrx_word' id='word_1_299' title='bbox 409 4130 443 4181; x_wconf 77' lang='lat'>25</span> <span class='ocrx_word' id='word_1_300' title='bbox 461 4128 490 4180; x_wconf 91' lang='lat' dir='ltr'>in</span> <span class='ocrx_word' id='word_1_301' title='bbox 509 4129 681 4181; x_wconf 87' lang='lat' dir='ltr'>surrectione</span> <span class='ocrx_word' id='word_1_302' title='bbox 700 4129 724 4179; x_wconf 81' lang='lat' dir='ltr'>in</span> <span class='ocrx_word' id='word_1_303' title='bbox 745 4146 796 4180; x_wconf 79' lang='lat' dir='ltr'>rus.</span> <span class='ocrx_word' id='word_1_304' title='bbox 810 4128 835 4178; x_wconf 85' lang='lat' dir='ltr'><em>R</em></span> <span class='ocrx_word' id='word_1_305' title='bbox 853 4128 882 4179; x_wconf 91' lang='lat' dir='ltr'>in</span> <span class='ocrx_word' id='word_1_306' title='bbox 901 4127 1198 4182; x_wconf 71' lang='lat' dir='ltr'>resurrectioneI&#39;TE</span> <span class='ocrx_word' id='word_1_307' title='bbox 1249 4129 1282 4184; x_wconf 74' lang='lat' dir='ltr'>‘Mi</span> <span class='ocrx_word' id='word_1_308' title='bbox 1299 4140 1351 4196; x_wconf 78' lang='lat' dir='ltr'>opus</span> 
     </span>
     <span class='ocr_line' id='line_1_37' title="bbox 224 4212 1355 4279; baseline 0.002 -16"><span class='ocrx_word' id='word_1_309' title='bbox 224 4214 263 4264; x_wconf 80' lang='grc' dir='ltr'>Τὸ</span> <span class='ocrx_word' id='word_1_310' title='bbox 282 4213 339 4265; x_wconf 89' lang='lat' dir='ltr'>eius</span> <span class='ocrx_word' id='word_1_311' title='bbox 358 4232 378 4279; x_wconf 83' lang='lat' dir='ltr'>e,</span> <span class='ocrx_word' id='word_1_312' title='bbox 403 4232 451 4266; x_wconf 77' lang='lat' dir='ltr'>ern</span> <span class='ocrx_word' id='word_1_313' title='bbox 472 4215 524 4267; x_wconf 77' lang='grc' dir='ltr'>ΒΡ</span> <span class='ocrx_word' id='word_1_314' title='bbox 574 4216 608 4266; x_wconf 81' lang='lat'>27</span> <span class='ocrx_word' id='word_1_315' title='bbox 627 4215 761 4267; x_wconf 74' lang='lat' dir='ltr'>surrectio</span> <span class='ocrx_word' id='word_1_316' title='bbox 781 4215 805 4266; x_wconf 84' lang='lat' dir='ltr'><em>R</em></span> <span class='ocrx_word' id='word_1_317' title='bbox 829 4214 995 4267; x_wconf 84' lang='lat' dir='ltr'>resurrectio</span> <span class='ocrx_word' id='word_1_318' title='bbox 1016 4214 1094 4266; x_wconf 70' lang='lat' dir='ltr'>VI&#39;E</span> <span class='ocrx_word' id='word_1_319' title='bbox 1145 4215 1177 4268; x_wconf 90' lang='lat' dir='ltr'>in</span> <span class='ocrx_word' id='word_1_320' title='bbox 1196 4224 1317 4271; x_wconf 73' lang='lat' dir='ltr'>montem</span> <span class='ocrx_word' id='word_1_321' title='bbox 1333 4212 1355 4267; x_wconf 84' lang='grc' dir='ltr'>Ρ.</span> 
     </span>
    </p>
   </div>
   <div class='ocr_carea' id='block_1_6' title="bbox 0 0 1400 4844">
    <p class='ocr_par' dir='ltr' id='par_1_7' title="bbox 0 0 1400 4844">
     <span class='ocr_line' id='line_1_38' title="bbox 0 0 1400 4844; baseline 0 0"><span class='ocrx_word' id='word_1_322' title='bbox 0 0 1400 4844; x_wconf 95' lang='lat' dir='ltr'> </span> 
     </span>
    </p>
   </div>
  </div>
 </body>
</html>
