2790 4844
172 215 237 281 420
518 215 633 268 saneti
652 214 786 268 Hilarii
805 213 966 282 episcopi

174 407 306 471 abeunte
337 404 499 486 praeceptis
530 404 580 469 dei
610 423 704 483 opere
734 409 840 468 nostro
871 403 1067 469 famulentur.
1111 405 1222 469 beatus
1246 404 1314 469 eri
1350 407 1381 485 t,

173 510 316 593 quisquis
334 529 396 573 non
413 509 478 574 sine
501 507 650 572 memorio
673 507 769 572 diuini
792 507 896 572 iudicii
919 508 1023 571 omnis
1042 508 1185 592 gesserit.
1234 509 1383 592 quoed

173 613 212 678 de
235 632 268 678 se
291 612 442 693 propheta
472 610 630 691 profitetur
660 612 781 676 dieens:
817 618 1060 676 memoratus
1096 633 1181 676 sum
1216 612 1286 677 ind
1353 612 1379 677 i·

173 718 325 783 oiorum
359 724 518 781 tuorum
542 737 560 780 a
583 714 731 780 saeoulo
765 722 803 779 et
837 715 1078 781 exhortatus
1109 736 1203 781 sum.
1251 715 1377 784 hmo

133 851 145 889 s
172 841 255 886 nune
286 842 304 885 o
335 819 482 886 saeenlo
515 827 644 896 tantum,
663 840 739 897 ,non
774 820 868 884 etiam
900 841 918 884 e
948 818 1059 885 saeeulo
1092 819 1208 896 soeculi,
1245 821 1374 904 qudo

172 926 276 990 omnin
298 926 329 989 in
353 945 409 990 nos
432 924 544 989 indicio
568 925 617 988 dei
641 944 677 988 er
700 922 804 989 saculi
828 924 920 989 huius
941 944 977 989 ue
992 924 1100 989 mundi
1123 926 1370 1005 temporibtrs

171 1028 311 1095 instituta
334 1037 413 1094 sunt.
458 1029 489 1092 in
511 1027 559 1092 his
576 1036 677 1093 sutem
701 1046 734 1093 se
757 1026 934 1093 cohortatus
950 1035 1004 1105 est,
1027 1029 1108 1094 inter
1123 1027 1183 1094 hos
1200 1027 1367 1098 seilitzet

171 1133 279 1198 mundi
303 1133 442 1199 turbines
465 1140 495 1197 et
517 1133 597 1196 inter
620 1131 687 1197 haee
710 1133 891 1213 passionum
915 1132 1117 1213 eorporelium
1134 1132 1257 1213 proelia
1293 1136 1363 1200 aa

172 1236 365 1302 tolerantiam
404 1257 439 1302 no
476 1236 637 1301 uictoriam
674 1235 884 1301 infestantium
921 1235 1074 1301 malornm
1107 1235 1359 1304 humilitatem

120 1369 145 1406 ro
173 1362 263 1406 suem
287 1341 470 1406 indiciorum
494 1340 543 1404 dei
566 1341 717 1404 memorie
740 1338 931 1406 adhortatus,

216 1447 243 1509 l.
270 1445 387 1510 Deinde
404 1444 559 1527 seqnitur:
583 1443 764 1509 desectio
788 1445 929 1509 animan
952 1445 1084 1509 tenuit
1107 1464 1165 1509 me
1190 1465 1210 1509 a
1233 1464 1308 1526 pe
1325 1466 1351 1512 e·

173 1549 385 1614 catonibus
423 1531 815 1631 derelinquentibus
853 1547 982 1633 legem
1022 1555 1140 1613 tuam.
1185 1549 1346 1616 uirtutes

172 1653 304 1733 propriae
328 1673 391 1717 suae
420 1651 577 1733 prophetae
601 1650 673 1717 huie
698 1653 737 1716 od
760 1673 847 1732 spem
877 1654 949 1718 uitae
982 1660 1105 1717 aeterum
1137 1672 1198 1716 non
1232 1653 1341 1718 suffi-

173 1757 265 1832 ciunt,
296 1777 396 1839 neque
428 1758 509 1839 quod
540 1776 628 1836 spem
651 1757 682 1820 iu
708 1757 756 1821 dei
779 1757 875 1821 uerbo
905 1757 1020 1833 hebuit
1051 1775 1154 1840 neque
1178 1757 1271 1840 quod
1310 1758 1334 1822 in

121 1887 146 1924 u
173 1880 228 1941 spe
251 1861 361 1924 eedem
385 1881 418 1925 se
441 1859 615 1926 consolatus
639 1870 694 1938 est,
717 1881 818 1944 neque
835 1862 916 1944 quod
933 1861 982 1926 dei
997 1859 1171 1925 uiuifiontur
1188 1859 1328 1944 eloquio

172 1983 273 2047 neque
298 1966 380 2047 quod
402 1986 464 2030 non
488 1963 623 2030 declinet
644 1985 662 2028 a
685 1964 763 2049 lege,
787 1985 888 2048 neque
905 1966 987 2048 quod
1003 1985 1036 2030 se
1052 1985 1108 2045 per
1130 1964 1320 2029 memoriam

172 2068 356 2133 iudiciorum
379 2067 574 2133 adhortetur:
606 2069 679 2152 quin
711 2069 804 2134 etiem
835 2069 938 2134 dolore
969 2068 1115 2133 humanm
1149 2067 1314 2148 impietatis

173 2171 319 2257 fatigetur
342 2181 373 2239 et
395 2174 433 2238 ob
464 2171 658 2257 inreligiosus
681 2172 841 2237 hominum
871 2174 1043 2253 impietates
1075 2171 1226 2238 exanimis
1263 2175 1305 2233 est

174 2283 298 2342 sanetus
330 2277 413 2341 enim
444 2277 575 2360 quisque
607 2297 677 2341 eum
700 2277 837 2354 ceditur,
866 2296 928 2342 non
959 2275 1142 2342 humilitatis
1165 2295 1237 2352 sne,
1259 2271 1301 2353 qul

122 2407 147 2446 se
174 2401 274 2446 caesus
297 2389 351 2457 est,
375 2382 431 2446 sed
447 2380 617 2445 insolentiae
634 2381 707 2460 eius,
724 2381 777 2464 qui
793 2381 892 2459 oaedit,
916 2382 1096 2446 miseretur:
1120 2388 1153 2445 ut
1168 2400 1187 2444 a
1200 2391 1298 2443 nesano

172 2483 235 2550 filio
259 2492 353 2564 poter,
377 2490 411 2549 ut
434 2485 471 2549 ab
495 2493 618 2549 amente
641 2493 757 2566 aegroto
787 2485 927 2550 medicus
960 2483 1181 2550 contumeliam
1203 2490 1304 2563 passufl

174 2588 311 2653 dolorem
335 2609 395 2653 non
419 2609 456 2653 er
476 2608 520 2666 eo,
545 2590 628 2671 quod
644 2608 811 2669 perpessus
827 2589 894 2666 erit,
918 2589 1018 2666 sentit
1043 2589 1098 2653 sed
1114 2589 1154 2653 ob
1169 2587 1208 2664 id,
1229 2570 1313 2668 quod

173 2691 233 2770 ille,
257 2713 350 2775 quem
375 2713 486 2757 sanum
509 2711 577 2757 esse
601 2700 735 2773 cuperet,
759 2693 904 2757 iniuriam
928 2693 986 2757 sibi
1008 2711 1145 2758 uesanus
1168 2683 1321 2756 intulerit-

173 2789 1331 2880 membroautentunoaliquidpatienteseeundumapostolutn

216 2927 282 2981 241
302 2926 362 2980 eor.
383 2929 424 2994 la,
442 2929 485 2981 ee.

215 3034 232 3084 2
257 3031 373 3099 quisque
406 3032 430 3085 V
454 3033 488 3101 cs.
512 3034 600 3102 praes.
671 3035 688 3084 3
722 3033 869 3101 profitetur
900 3032 1035 3101 propheta
1071 3033 1099 3084 E
1167 3046 1225 3084 sum
1249 3006 1348 3096 Μ

172 3124 338 3171 memoratas
357 3136 404 3171 rim.
430 3119 454 3172 V
503 3116 681 3173 lexo'rtatns
700 3137 760 3173 sum
785 3120 831 3173 Vll
884 3118 949 3173 hinc
968 3135 1041 3172 nune
1065 3118 1152 3173 Vhio
1170 3131 1239 3170 nuno
1255 3098 1352 3181 Ψ(

172 3206 262 3259 bnon
281 3205 364 3258 etiem
383 3205 524 3259 saeculum
543 3207 646 3260 saeouli
664 3207 690 3259 R
744 3206 807 3259 lin
825 3224 895 3276 supr.
914 3223 963 3259 sor.
982 3206 1008 3257 R
1060 3210 1200 3259 ooartatua
1222 3198 1259 3266 (ns
1276 3184 1353 3241 Λ

172 3291 207 3353 is)
226 3291 252 3343 R
270 3291 396 3345 hortatus
418 3293 469 3361 Ope
522 3293 720 3346 9instantium
749 3291 850 3364 (postea
875 3309 941 3346 eras.
964 3291 1020 3357 est)
1040 3291 1067 3344 R
1122 3292 1152 3345 ll
1172 3287 1250 3344 anim
1265 3253 1355 3338 fib

173 3378 207 3431 13
225 3377 435 3431 suaeinReros.
491 3381 524 3432 14
543 3379 571 3431 in
590 3378 635 3432 dei
652 3380 740 3433 uerbu
759 3380 784 3432 R
802 3379 831 3432 in
849 3379 935 3432 uerbo
953 3377 998 3431 dei
1023 3376 1116 3448 VCpE
1167 3392 1225 3444 neq.
1235 3368 1341 3442 qu?
1342 3338 1355 3392 d

178 3464 203 3514 V
218 3480 269 3517 nee
287 3465 361 3531 quod
374 3466 396 3517 C
391 3484 412 3534 p
465 3467 498 3518 15
516 3482 545 3517 se
564 3465 722 3519 conlocatus
740 3466 820 3520 estR
838 3482 867 3519 se
886 3466 1038 3519 collocatus
1056 3469 1100 3518 est
1114 3463 1140 3518 V
1154 3441 1355 3518 eomoettff

173 3556 216 3604 est
244 3551 278 3603 Ce
305 3550 463 3605 consolatus
491 3558 533 3605 est
557 3570 577 3621 p
630 3569 719 3619 neque
747 3551 819 3619 quod
838 3552 1000 3619 -eloquio
1024 3553 1051 3604 in
1078 3568 1162 3620 morp.
1178 3567 1233 3620 sap.
1248 3513 1354 3598 alt!

173 3687 236 3741 uu?
254 3688 277 3740 V
329 3647 433 3757 16ng
448 3690 580 3743 memoria
596 3709 616 3760 p
634 3690 707 3758 qnod
735 3706 843 3758 semper
866 3689 1026 3745 memoriam
1046 3687 1240 3759 (memoriali)
1262 3651 1350 3738 Υ)

174 3775 247 3842 qnod
266 3779 313 3842 spe
331 3792 382 3842 per
399 3776 531 3830 memoria
551 3777 574 3829 Ο
590 3776 663 3844 qnod
682 3793 790 3845 semper
814 3777 946 3831 memoris
972 3778 987 3829 b
1011 3778 1109 3846 sedes.
1126 3794 1198 3847 supr.
1215 3776 1257 3828 liu
1273 3740 1346 3823 1st

174 3865 207 3915 17
226 3861 392 3915 indiciorum
410 3863 456 3916 dei
471 3864 521 3933 pE
572 3863 640 3931 quin
659 3864 743 3917 etiam
762 3866 822 3917 odd.
841 3882 873 3918 nr.
889 3863 910 3917 2
926 3864 952 3916 V
1001 3862 1126 3918 dolorem
1144 3864 1172 3917 R
1188 3848 1333 3916 horestus

60 3964 61 3967 ¹
175 3945 248 4011 (odd.
272 3966 304 4001 m.
323 3947 356 4013 2)
376 3949 471 4003 dolore
495 3950 519 4003 V
571 3952 603 4004 13
628 3950 802 4018 inreligiosos
826 3951 851 4004 V
900 3949 1044 4004 hominum
1067 3949 1231 4019 iniquitates
1251 3935 1321 4007 VC!

172 4035 208 4088 20
224 4033 306 4087 huius
322 4034 384 4105 VCp
436 4036 652 4090 miserereturR
705 4038 862 4091 uaesanoV
912 4038 945 4091 21
964 4036 1089 4091 medicus
1108 4055 1139 4090 ea
1155 4018 1315 4092 medionll

172 4122 208 4176 22
225 4121 311 4175 sentit
328 4139 376 4174 om.
404 4123 426 4175 V
475 4122 743 4177 23i11sRCillum
767 4124 791 4177 V
842 4123 961 4193 cupierit
988 4121 1039 4189 (eri
1067 4126 1094 4176 in
1118 4141 1173 4179 ros.
1193 4143 1225 4177 m.
1242 4114 1307 4190 ,Μ

174 4209 209 4261 24
226 4208 378 4276 ali÷quit
397 4209 428 4261 R.
