2790 4844
385 259 567 308 tractatus
586 255 621 307 in
639 255 810 323 psalmum
828 255 937 309 LXVII.
1168 255 1229 320 311

96 443 238 523 spiritalis
261 443 415 520 existeret,
447 443 497 509 uel
531 444 584 528 qui
607 445 774 508 secundum
805 444 979 525 apostolum
1009 447 1076 526 rapi
1108 446 1232 510 obuiam

96 546 216 613 Christo
247 550 278 611 in
313 547 446 612 nubibus
469 555 650 613 mereretur.
696 557 726 613 et
759 549 873 614 idcirco
906 550 1038 615 uirtus
1072 551 1159 615 eius
1193 551 1232 614 in

95 652 270 718 nubibus
300 659 356 729 est,
387 653 461 736 quia
490 650 547 729 his,
578 653 629 735 qui
665 651 743 716 ultra
766 659 918 719 terrenam
943 653 1096 739 originem
1119 662 1232 719 morta·

95 754 219 841 lemque
243 757 394 842 degentes
417 777 452 822 se
475 757 504 820 in
529 776 653 821 sensuro
674 756 828 822 caelestem
846 763 876 822 et
893 758 995 835 uitam,
1017 764 1050 822 nt
1065 758 1108 823 ita
1122 758 1232 835 dicam,

95 862 207 927 aeriam
231 860 412 926 extulissent
434 861 622 944 obuiamque
645 860 715 925 elati
739 862 769 925 in
793 861 925 926 nubibus
949 861 1150 941 adstitissent,
1181 860 1231 927 his
1271 889 1284 926 a

96 974 173 1030 essct
196 965 357 1046 proprium
380 965 492 1030 uirtute
508 965 558 1029 doi
574 966 869 1048 magnificentiaque
885 965 990 1030 laturi.
1004 1002 1045 1013 -
1058 967 1235 1049 frequenter

97 1077 193 1134 autem
216 1069 359 1134 meminit
381 1067 431 1134 his
454 1069 529 1149 ipsis
552 1069 695 1146 nubibus,
718 1077 876 1152 tamquam
900 1071 1019 1135 ratione
1042 1070 1233 1153 scientiaque

96 1173 248 1250 perfectis,
273 1193 311 1238 ne
335 1192 428 1253 snper
450 1173 577 1254 impiam
601 1172 720 1237 Israhel
742 1173 867 1239 uincam
889 1173 1037 1254 pluerent,
1061 1193 1131 1239 esse
1154 1195 1233 1258 praa·

97 1285 232 1360 ceptum:
256 1278 329 1360 quia
352 1277 473 1361 indigni
497 1284 602 1341 sancto
627 1276 757 1360 eloquio,
783 1296 860 1361 quos
882 1277 941 1342 iam
960 1279 1057 1359 spinae
1073 1285 1104 1342 et
1119 1277 1232 1355 tribuli,

96 1378 193 1446 idest
216 1393 340 1446 terrena
373 1382 448 1447 uitia
481 1382 675 1453 obsederant,
709 1382 905 1447 exstitissent.
929 1420 970 1428 —
993 1402 1128 1466 namque
1162 1402 1232 1447 cum
1259 1409 1284 1446 ιο

93 1485 234 1550 omnibus
264 1486 305 1550 sit
335 1487 375 1550 ad
398 1505 512 1549 nouom
544 1485 780 1550 resurrectionis
813 1487 966 1570 originem
1000 1506 1075 1552 uoce
1108 1487 1232 1551 uirtutis

90 1593 253 1669 utendum,
276 1610 337 1654 nou
367 1589 520 1654 uniuersis
554 1596 659 1654 tamen
694 1589 848 1673 gloriosus
882 1591 966 1655 idem
1000 1591 1232 1656 resurrectionis

83 1689 191 1757 honor
212 1702 261 1759 est
284 1699 474 1777 preparatus
498 1694 621 1757 domino
645 1693 782 1758 dicente:
817 1693 943 1759 nolite
974 1695 1113 1759 mirari
1143 1696 1231 1771 ista,

79 1798 282 1876 quoniam
323 1798 435 1862 uenit
472 1797 579 1877 hora,
618 1798 655 1861 in
689 1817 764 1881 qua
797 1818 940 1877 omnes,
971 1799 1036 1883 qui
1071 1806 1164 1863 sunt
1193 1799 1230 1863 in

73 1902 373 1978 monumentis,
396 1901 564 1967 audient
588 1921 726 1966 uocem
749 1902 852 1967 cius:
877 1910 914 1967 et
937 1903 1138 1987 prodient,
1163 1904 1230 1986 qui
1258 1931 1284 1968 a

69 2001 100 2062 b
116 2020 193 2070 ona
215 2014 443 2091 gesserunt,
459 2007 497 2070 in
521 2006 870 2071 resurrectionem
892 2007 993 2089 uita,
1011 2007 1078 2090 qni
1101 2015 1231 2072 autem

65 2102 233 2193 iniqua
267 2117 494 2195 gesserunt,
532 2111 570 2174 in
607 2111 959 2175 resurrectionem
998 2111 1155 2176 iudicii,
1200 2117 1231 2175 et

61 2203 204 2279 idcirco
227 2233 412 2295 supereum
436 2212 556 2279 Israhel
578 2213 810 2298 magnificentia
833 2220 863 2278 ct
885 2214 983 2278 uirtus
1007 2215 1056 2279 dei
1087 2222 1143 2292 est,
1177 2215 1229 2298 qui

60 2321 172 2378 esset
193 2320 223 2382 in
248 2319 390 2395 nubibus,
424 2319 496 2402 quia
530 2338 584 2397 pro
619 2318 797 2383 discrimine
831 2318 901 2381 uitro
935 2319 1106 2384 innocentis
1139 2323 1230 2401 atque

58 2402 193 2563 {xliia
215 2423 453 2488 resurrectionis
476 2423 517 2485 sit
538 2431 588 2486 aut
612 2423 642 2487 in
667 2423 761 2487 uitam
785 2427 834 2486 aut
860 2422 890 2484 in
915 2422 1062 2486 iudicium
1085 2422 1231 2487 distincta
1257 2449 1283 2486 a

90 2525 262 2592 marsius.

124 2671 183 2746 37.
207 2683 329 2747 Deinde
351 2683 384 2746 id
406 2681 507 2762 ipsum
524 2702 657 2765 sequens
673 2702 775 2746 sermo
792 2682 1081 2766 designatdicens:
1116 2682 1228 2746 mira-

62 2756 188 2872 l'llis
214 2789 311 2852 deus
333 2786 372 2849 in
395 2786 553 2851 sanctis
577 2786 666 2850 suis.
713 2786 742 2849 in
767 2805 821 2849 eos
837 2785 954 2850 scilicet
970 2785 1129 2861 mirabilia,
1153 2806 1230 2869 quos

68 2880 105 2930 ¹¹¹
135 2890 214 2954 uiuo
239 2890 493 2955 resurrectionem
519 2891 662 2955 excitabit
684 2898 826 2954 aeternos.
873 2891 1024 2954 mirabilis
1047 2896 1149 2956 autem
1174 2898 1228 2965 est,

75 2985 155 3050 ‘³⁰¹⁰
198 3015 324 3059 omnem
362 2993 573 3058 beneficentiae
604 3013 667 3058 suro
706 2995 736 3058 in
775 3014 826 3059 eos
864 2994 1002 3059 conserat
1034 2995 1229 3068 uoluntatem,
1257 3020 1283 3057 aa

83 3091 156 3154 ⁰¹¹¹ss
183 3099 264 3180 ipsos
295 3099 375 3163 iutra
405 3098 623 3178 perfectionem
650 3097 779 3163 caelostis
806 3097 914 3183 gloriae
937 3099 1116 3176 conlocabit,
1139 3099 1229 3163 sicuti

136 3315 243 3378 ¹310h.
263 3324 295 3391 V,
315 3326 350 3377 28
368 3342 408 3391 sq.

138 3521 321 3585 lucraretur
339 3549 370 3585 ea
387 3537 529 3585 sereretur
547 3550 579 3584 ru.
599 3530 619 3583 ἶ)
642 3532 667 3582 111
716 3530 794 3585 uhic
822 3531 868 3599 qui
896 3550 944 3585 ora.
970 3532 993 3584 V
1042 3532 1184 3600 ddegdtis
1209 3531 1233 3584 V

106 3613 260 3671 cerame
314 3622 421 3672 desset.
445 3622 468 3677 (t
486 3621 513 3670 ia
531 3620 596 3682 roa.)
622 3619 648 3671 Il
666 3636 725 3672 osse
750 3622 773 3673 V
823 3619 971 3673 'lmemini
992 3620 1019 3671 E
1071 3622 1104 3672 10
1121 3618 1230 3673 obside·

108 3703 202 3754 nutv
250 3708 282 3759 12
300 3705 436 3775 gloriosos
463 3705 537 3759 idem
557 3706 582 3757 P
597 3705 733 3774 gloriosus
761 3708 823 3760 ido
849 3707 872 3759 l'
887 3706 1025 3774 gloriosus
1052 3705 1081 3758 id
1108 3712 1150 3759 eat
1178 3707 1233 3758 RE

107 3786 140 3844 ct'·
151 3790 209 3844 blod.
220 3792 390 3863 1811911319
443 3795 476 3845 14
485 3792 574 3845 omnis
590 3793 615 3844 V
657 3795 689 3845 15
699 3805 757 3862 poor
767 3793 952 3847 monumentis
961 3791 1033 3845 3-1
1043 3795 1089 3845 litt.
1099 3812 1171 3863 supr.
1180 3810 1229 3845 scr.

107 3886 167 3927 arar·
182 3877 202 3928 11
253 3881 284 3932 lb
303 3878 351 3947 qui
378 3884 472 3932 autem
498 3898 527 3932 ex
555 3879 579 3931 ἀ
606 3879 652 3946 qui
680 3884 772 3933 autem
793 3882 817 3933 R
873 3883 902 3933 17
921 3881 949 3933 in
978 3880 1179 3933 resurrectione
1205 3879 1230 3931 R

107 3966 141 4022 18
155 3954 179 4012 di
195 3972 261 4018 esset
280 3966 327 4033 qui
345 3971 418 4019 esset
437 3966 463 4017 P
515 3968 546 4018 19
568 3967 596 4018 in
620 3962 717 4052 nbbilffi
743 3967 768 4020 R
820 3967 979 4020 innocentes
998 3967 1022 4019 V
1072 3966 1160 4033 adque
1184 3967 1230 4018 Vll

103 4064 291 4128 9111ηηί11111
342 4070 537 4123 21110111
585 4073 620 4124 23
638 4070 666 4122 in
686 4086 718 4123 eo
734 4071 782 4122 Vl'
798 4072 825 4123 in
844 4072 931 4123 ciali
983 4072 1054 4138 quod
1074 4072 1103 4122 in
1122 4070 1233 4123 uitaeP

100 4156 140 4215 24
153 4155 345 4210 connectione
369 4157 392 4208 l’
441 4156 574 4211 excitabit
592 4176 622 4210 ec
640 4157 779 4211 excitabat
791 4159 816 4210 11
834 4157 966 4211 excitauit
984 4158 1008 4209 V
1057 4159 1091 4210 25
1109 4173 1190 4211 omne
1210 4158 1232 4210 l'

97 4239 344 4301 raerrizuolentiae
363 4242 382 4308 (i
400 4262 430 4297 ez
448 4261 463 4298 e
481 4243 559 4310 corr.)
578 4243 642 4307 lle)
697 4244 821 4298 conseret
847 4246 879 4298 l'e
931 4245 966 4297 26
985 4241 1142 4297 conlocauit
1165 4246 1194 4300 V.
