2790 4844
151 230 192 292 44
490 230 605 282 saneti
630 229 761 282 Hilarii
788 229 949 296 episcopi

151 434 312 484 consecuta
325 427 381 484 est.
416 420 572 484 nonenim
588 420 769 483 discernitur
789 418 972 482 ‹unrnmelia
988 416 1111 481 ulterius
1130 416 1168 480 nb
1189 415 1293 483 altero.

151 543 250 607 neque
273 524 424 588 discretus
456 530 502 588 est
530 522 628 587 honor
657 521 814 605 religionis
837 524 876 585 od
906 528 1078 604 utrumque.
1124 521 1174 603 qni
1208 520 1292 583 euim

150 648 205 707 por
227 629 394 711 genuinam
418 628 514 707 putris
538 634 570 691 et
592 626 646 690 filii
664 627 831 691 seeundum
849 647 882 690 se
899 626 1133 709 legitimamque
1148 634 1290 688 usturam

150 732 180 793 in
204 731 302 814 glorio
325 733 491 796 diuinitatis
516 751 608 794 uuum
635 739 713 806 suut,
746 750 840 794 unum
871 730 961 792 etium
993 735 1064 792 suut
1092 727 1141 793 uel
1165 729 1195 792 iu
1221 748 1292 791 con-

151 843 285 914 temptus
309 834 497 908 iniurium]
522 837 551 898 in
576 833 691 898 honore
714 836 902 909 renuentis,
927 840 957 897 et
980 832 1056 897 ulter
1078 833 1108 896 in
1133 831 1293 896 alterumn

151 939 367 1003 honorificetur
401 953 451 1003 out
474 940 635 1019 spernitur.
680 948 771 1022 utque
801 939 832 1002 id
863 940 963 1018 ipsum
999 937 1138 1001 dominus
1163 942 1292 1000 testatus

151 1053 196 1106 est
219 1042 341 1107 dicens:
365 1044 473 1107 siout
493 1051 605 1122 puter
628 1043 805 1106 suscitat
828 1049 1006 1106 mortuos
1030 1052 1065 1104 et
1088 1040 1292 1112 uiuisirat

151 1147 207 1209 sie
232 1153 268 1210 et
291 1146 416 1222 filius,
440 1168 548 1229 ¹quos
582 1146 676 1224 uult,
707 1147 908 1210 uiuisiout.
954 1167 1024 1209 nec
1050 1146 1152 1209 onim
1176 1156 1293 1223 puter

150 1247 575 1334 iudiunt'quernqunm
599 1253 667 1314 sed
693 1271 805 1314 «smne
828 1251 1024 1314 iudicium
1054 1249 1168 1313 dedit
1191 1247 1292 1322 filio,

150 1361 188 1418 ut
220 1375 356 1419 ornnes
386 1355 669 1420 honorificent
701 1355 843 1431 silium,
874 1355 980 1418 siout
1003 1352 1292 1417 honorificant

150 1466 312 1537 putrem.
358 1460 521 1542 quinon
546 1459 963 1527 honorisiontsilium.
994 1477 1069 1521 non
1092 1455 1291 1519 honorifi-

150 1570 213 1625 θεῖ.
235 1571 397 1642 putrem,
422 1565 487 1646 qui
512 1564 623 1627 misit
645 1562 768 1626 illum.
806 1583 864 1626 nou
890 1563 1088 1646 distinguitur
1103 1561 1210 1636 honor,
1231 1580 1290 1623 non

150 1666 333 1730 discernitur
356 1667 555 1731 contumelio:
579 1687 667 1750 mque
690 1668 720 1730 in
744 1677 908 1750 utrumque
930 1666 1040 1750 religio
1052 1671 1237 1745 expectatur,
1262 1674 1293 1728 et

150 1771 257 1833 iniuria
280 1772 368 1835 unius
392 1786 584 1852 contemptus
607 1773 766 1855 utriusque
790 1781 845 1836 est.
891 1772 932 1835 itu
962 1790 1032 1834 oum
1064 1770 1095 1833 in
1125 1789 1186 1832 uno
1208 1775 1291 1832 uter-

150 1893 209 1955 que
233 1881 400 1954 spernatur,
425 1876 475 1958 qui
500 1896 592 1938 unum
618 1876 741 1939 suntin
765 1876 925 1939 diuinitate
955 1877 1045 1939 ambo
1077 1893 1130 1953 per
1153 1872 1291 1957 glorium,

148 1998 244 2042 unum
275 2000 395 2062 quoque
425 1990 493 2044 sunt
525 1982 556 2044 in
588 1980 735 2063 religione
758 1981 849 2043 mnho
872 2000 927 2060 per
949 1979 1107 2042 honorem.
1154 1984 1188 2039 ut
1211 1995 1290 2039 nuno

149 2083 201 2163 qui
224 2084 439 2148 aduersum
463 2086 508 2147 do
519 2085 661 2148 minum
688 2091 903 2161 conuenerunt,
937 2090 1145 2146 conuenerunt
1169 2100 1289 2163 quoque

149 2187 363 2251 aduersum
394 2187 600 2252 Christum
633 2190 735 2252 eius:
768 2197 798 2251 et·
828 2209 903 2270 [pum
927 2189 956 2251 in
981 2186 1055 2251 oaelo
1078 2185 1222 2249 habimus
1246 2185 1289 2247 iu-

150 2291 238 2364 ridet‚
264 2291 318 2355 hos
342 2300 372 2356 et
397 2293 539 2356 dominns
563 2295 740 2357 subsnnnnt.

196 2395 242 2456 ll.
268 2394 336 2458 Non
361 2397 442 2478 quud
466 2416 526 2459 uon
551 2405 581 2460 et
605 2398 746 2460 dominus
771 2403 854 2460 esset
877 2416 1000 2476 sempor
1022 2397 1050 2457 iu
1068 2393 1151 2470 curlo,
1176 2393 1288 2476 quippe

149 2499 320 2579 quidese
350 2500 417 2579 ipse
448 2506 576 2564 test-ntus
607 2501 661 2563 sit:
696 2520 809 2563 uerno
847 2499 1034 2563 nsoeudit
1070 2499 1105 2561 in
1142 2494 1288 2569 oaelum,

148 2602 230 2665 nisi
254 2605 318 2685 qui
344 2604 560 2668 deseendit
585 2604 629 2668 de
654 2603 758 2678 ezulo,
783 2603 901 2666 silius
925 2603 1111 2671 hominis,
1136 2602 1203 2684 qui
1228 2605 1286 2664 est

148 2706 184 2768 iu
209 2706 312 2770 omlo.
358 2728 417 2770 uon
442 2708 529 2772 obest
553 2727 627 2790 ergo
651 2730 668 2770 n
691 2707 772 2784 eolo,
797 2709 875 2790 quin.
906 2727 974 2770 oum
1000 2707 1038 2770 de
1062 2705 1136 2769 emto
1160 2705 1289 2768 descen·

148 2808 236 2885 derit
259 2809 340 2875 filius
363 2809 497 2875 hominis
523 2832 651 2876 innuens
675 2818 766 2894 alque
798 2811 934 2893 loquens
966 2819 1048 2874 esset
1071 2817 1184 2883 lernen,
1219 2828 1288 2871 curn

96 2941 108 2978 s
148 2911 214 2976 hau
240 2914 421 2996 loqueretur,
451 2917 482 2979 in
507 2915 589 2979 melo.
635 2916 839 2979 descenderet
874 2916 998 2997 quidem
1034 2913 1114 2977 lilius
1145 2911 1289 2990 hominio,

149 3018 201 3080 sod
227 3039 281 3097 por
306 3024 419 3082 nnturae
443 3020 587 3082 uirtutem
605 3039 664 3082 uon
689 3020 794 3083 aberat
809 3018 890 3082 filius
907 3019 964 3094 dei,
981 3018 1062 3082 unde
1075 3017 1289 3090 descenderat,

149 3141 248 3202 nequo
272 3143 305 3186 se
330 3143 365 3185 or
390 3144 435 3200 eo,
460 3122 541 3204 quod
565 3131 655 3187 anteo
679 3131 752 3199 erut,
789 3131 861 3199 turn,
897 3143 965 3185 oum
993 3121 1085 3185 homo
1120 3126 1168 3185 est
1191 3126 1289 3183 natus.

191 3279 283 3330 71011.
303 3278 334 3344 v,
354 3282 395 3332 m.
432 3283 464 3332 er
485 3279 541 3332 loh.
561 3280 607 3345 111,
630 3282 668 3332 rs.

192 3454 204 3503 l
233 3456 380 3503 consecuto
407 3451 471 3514 (eon
503 3471 532 3504 ru
554 3462 631 3520 porte
663 3470 737 3505 erran.
766 3455 876 3504 laesione
902 3456 1032 3521 pennum.)
1060 3450 1084 3498 Jr
1111 3451 1236 3503 subiecto
1268 3450 1293 3503 V

148 3537 181 3590 ub
199 3555 270 3604 supr.
288 3536 384 3589 adult
436 3537 650 3591 2honoresth'
701 3538 775 3592 ofili
796 3540 818 3591 l'
867 3540 930 3591 din
950 3542 1109 3605 contemptu
1134 3535 1292 3590 iniuriosi?

147 3626 163 3675 5
190 3623 218 3676 in
242 3623 354 3676 honoris
377 3625 533 3677 reuerentia
556 3645 567 3675 ι
639 3628 654 3676 6
681 3625 770 3693 adque
800 3625 847 3677 VR
918 3628 951 3678 12
977 3625 1159 3693 distinguitur
1186 3642 1217 3676 er
1235 3623 1292 3676 dis·

147 3710 236 3777 tingui
255 3729 287 3763 nr.
308 3712 327 3761 1)
352 3711 373 3762 V
427 3712 826 3780 151›‹.›nspernaturluelo
847 3715 892 3764 liu.
911 3730 976 3765 eros.
996 3711 1020 3760 R
1075 3713 1106 3763 16
1134 3716 1161 3762 el
1190 3716 1245 3763 ndo
1273 3731 1292 3761 α

148 3802 175 3848 et
201 3796 266 3849 hino
293 3817 305 3846 ε
360 3799 391 3850 17
419 3798 483 3864 quis
510 3798 656 3851 aduersum
691 3799 712 3850 V
774 3802 806 3853 18
833 3799 964 3852 aduersus
993 3797 1131 3851 Christum
1159 3797 1219 3850 eius
1243 3797 1296 3851 VE

147 3882 267 3936 hibituns
283 3884 306 3935 V
356 3883 452 3937 inridit
469 3885 492 3936 V
544 3887 575 3939 19
586 3885 638 3937 hoo
648 3889 675 3938 rt
691 3885 715 3937 V
756 3887 1011 3939 subsannat-non
1025 3888 1054 3937 et
1065 3883 1195 3936 dominus
1205 3884 1297 3938 onnV

147 3969 292 4037 20quippe
305 3970 339 4022 de
352 3987 380 4023 se
396 3990 425 4024 er
450 3971 552 4039 quippe
571 3988 633 4024 oum
652 3972 686 4024 de
706 3989 733 4024 se
752 3993 784 4023 m.
805 3973 860 4024 IV
911 3974 944 4024 22
962 3971 996 4024 de
1014 3970 1089 4023 coelo
1108 3970 1258 4024 descendit
1271 3970 1296 4021 R

988 4052 998 4078 Ι

147 4091 180 4143 23
187 4089 368 4143 descenderet
380 4091 402 4143 V
418 4091 547 4159 hludque
558 4091 672 4159 loquens
684 4072 725 4144 ed
739 4091 760 4139 R
778 4092 867 4159 adque
884 4093 985 4161 loquen
1013 4100 1084 4146 esset
1094 4092 1174 4199 (pn-r.
1187 4111 1212 4144 m
1223 4092 1258 4159 2)
1274 4094 1300 4147 V

148 4215 229 4278 utque
243 4210 357 4278 loquens
371 4217 411 4265 est
424 4214 449 4263 Ε
500 4215 609 4266 {llante
625 4211 671 4264 1⁷¹2
725 4217 784 4265 erat
800 4231 829 4266 ex
848 4220 923 4267 erent
948 4216 1013 4266 m?
1030 4214 1053 4264 V
1112 4230 1160 4289 um
1177 4231 1247 4270 oum
1267 4218 1298 4272 V.
