2790 4844
575 272 768 327 Praefatio.
1166 275 1239 339 XIX

93 484 236 545 arieteque.
259 462 492 527 emendationes
515 463 688 527 accuratius
705 464 850 543 expositae
866 471 946 535 sunt,
970 464 1152 547 inspiciaut;
1177 474 1242 530 tum

92 569 128 630 id
160 566 237 629 milri
268 586 469 631 concessuros
499 586 569 630 csse
600 586 701 646 spero,
736 568 945 653 fundamentis
968 569 999 631 in
1023 575 1129 633 nostro
1154 569 1243 647 libro,

93 671 146 754 qui
173 691 207 735 rc
237 691 312 735 uera
335 685 450 734 nonum
486 670 681 750 premebatur
713 671 744 733 in
779 691 902 747 annum,
936 672 1100 756 diligenter
1134 673 1242 754 positis

92 782 212 839 textum
239 773 329 838 buius
352 775 454 855 operis
477 773 628 837 Hilariani
653 780 697 837 tot
719 773 948 840 difficultatibus
965 777 1082 840 onerati
1099 775 1241 856 plurimis

93 879 170 943 aeis
205 899 224 942 a
258 877 351 943 soedis
385 877 540 942 erroribus
575 897 644 942 esse
682 877 845 943 liberatum
885 878 1048 961 ipsumque
1082 880 1240 961 scriptoris

93 982 219 1047 dicendi
246 983 372 1046 modum
403 1003 484 1046 nunc
515 983 639 1046 demum
670 1003 707 1046 ex
738 981 825 1046 libris
848 982 1089 1063 manuscriptis
1113 985 1238 1064 optimis

94 1086 209 1151 aurelius
232 1085 437 1151 inlustratum.
482 1087 601 1151 iudices
625 1093 780 1165 postremo
805 1085 897 1150 huius
920 1086 1066 1151 editionis
1088 1087 1238 1152 uolumini

92 1192 317 1274 adiungentur.
1217 1189 1220 1194 ’

138 1295 311 1377 Postquam
336 1294 404 1358 aliis
427 1295 501 1359 uiris
532 1295 637 1370 doctis,
661 1295 712 1376 qui
736 1293 766 1357 iu
793 1293 849 1359 boc
872 1293 966 1377 longo
985 1294 1089 1358 labore
1105 1296 1239 1376 quodam

94 1399 189 1462 modo
213 1418 263 1462 me
286 1398 436 1472 iuuerunt,
460 1399 521 1462 iam
545 1398 618 1462 alibi
642 1398 759 1482 gratias
783 1399 842 1481 egi,
868 1397 924 1462 boc
947 1397 1012 1462 loco
1032 1404 1120 1482 grato
1136 1398 1241 1461 animo

93 1502 174 1566 mibi
206 1503 388 1566 nominandi
417 1510 502 1566 sunt:
537 1500 719 1566 Guilelmus
749 1502 787 1566 de
817 1501 944 1580 Hoetu,
975 1503 1028 1585 qui
1059 1501 1177 1582 primus
1200 1503 1240 1565 ad

93 1609 153 1670 boc
178 1626 255 1686 opus
279 1604 487 1670 incohandum
511 1626 561 1670 me
588 1606 798 1681 excitandae,
829 1625 892 1688 qua
907 1612 955 1669 cst
969 1605 1186 1680 beniuolentia,
1209 1605 1239 1668 in

91 1731 130 1775 eo
155 1710 372 1792 persequendo
395 1729 520 1789 semper
543 1730 593 1774 me
608 1710 733 1784 adiuuit,
749 1706 887 1774 Carolus
902 1708 1049 1789 Schenkl,
1072 1718 1242 1790 praeceptor

90 1816 241 1895 optimus
265 1814 317 1896 qui
341 1834 464 1878 summa
487 1813 669 1879 liberalitate
692 1814 794 1877 uarias
825 1814 1057 1878 obseruationes
1092 1813 1241 1878 amenda-

90 1920 259 2000 tionesque
284 1937 405 1982 mecum
429 1918 674 1994 communicauit‚
697 1916 927 1982 Hartmoouus
950 1915 1081 1996 Grisar,
1111 1916 1239 1999 conlega

91 2025 208 2087 doctus
232 2040 267 2086 ac
291 2021 396 2098 comis,
432 2021 483 2105 qui
512 2024 656 2106 quaedam
687 2043 724 2100 eu
755 2022 913 2086 codicibus
948 2021 1107 2086 Vaticanis
1131 2040 1240 2086 recan-

90 2126 226 2190 tioribus
250 2125 350 2190 denuo
374 2125 480 2190 Roma
504 2146 610 2190 meum
633 2126 664 2190 in
688 2146 779 2190 usum
802 2124 937 2201 contulit,
960 2125 1112 2212 Iosephus
1127 2125 1241 2210 frater·

90 2253 196 2306 tricus,
232 2229 370 2294 ecclesias
405 2229 593 2295 cathedralis
624 2229 812 2295 Tridentinae
847 2230 1019 2306 canonicus,
1054 2230 1105 2312 qui
1130 2229 1240 2315 multas

90 2334 239 2417 plagulas
270 2333 402 2418 perlegit
430 2354 466 2399 ac
496 2336 668 2414 prasertim
700 2336 740 2398 ad
769 2354 792 2397 s.
817 2334 975 2412 scriptura
1010 2333 1104 2409 locos,
1135 2333 1241 2416 quiin

90 2442 154 2505 boc
178 2458 274 2518 opere
297 2438 408 2502 uniens
431 2438 486 2502 sed
510 2458 570 2502 non
594 2438 708 2520 ubique
728 2438 803 2502 satis
818 2437 952 2501 dilucide
967 2438 1136 2511 laudantur,
1161 2457 1240 2501 nunc

86 2542 270 2609 accuratius
286 2541 519 2625 inuestigandos
535 2543 631 2607 multa
646 2542 818 2608 contribuit.
856 2541 886 2604 iu
905 2541 1036 2625 plagulis
1052 2543 1241 2623 corrigendis

87 2646 250 2728 Iosephus
273 2646 356 2711 filius
380 2647 545 2730 diligenter
568 2667 618 2710 me
641 2647 766 2711 adiuuit.

137 2839 260 2903 Dabam
285 2837 458 2917 Ocniponte
482 2856 588 2902 mense
612 2837 788 2921 Septembri
810 2858 836 2900 a.
854 2859 881 2917 p.
899 2836 972 2900 bur.
990 2857 1017 2900 n.
1034 2834 1241 2901 MDCUCXO.

677 3047 913 3119 ANTONIVS
942 3047 1190 3119 ZlNGERLE.
