2790 4844
364 235 546 284 tractatus
571 229 605 281 in
629 231 800 296 psalmum
826 231 983 284 CXXXVII.
1183 232 1245 297 737

103 421 258 504 spiritales
274 426 465 498 contuentur,
484 440 593 504 gerere
616 419 749 485 festinat.
795 421 853 485 seit
876 421 958 486 enim
982 441 1015 486 se
1038 421 1096 486 sub
1119 421 1246 502 specula

102 524 287 605 angelorum
310 526 406 590 uitam
429 542 552 589 omnem
576 543 740 607 moresque
762 544 864 608 agere,
888 532 918 588 et
940 526 1054 609 ubique
1078 525 1144 590 haec
1169 526 1246 590 diui-

102 649 210 694 norum
250 628 489 693 ministeriorum
531 627 643 692 auxilia
680 627 824 693 fidelibus
862 631 979 694 cunetis
1017 631 1175 706 adsistere,
1212 635 1245 694 ut

102 735 251 814 scriptum
276 742 336 798 est:
361 732 532 817 angelus
555 733 705 797 domini
736 733 774 796 in
810 732 984 798 circuitu
1009 733 1244 799 timentium

102 858 199 902 eum.
243 836 347 921 legem
378 838 472 902 etiam
505 837 605 918 Moysi
636 836 666 899 in
698 857 791 901 manu
822 839 999 903 mediatoris
1030 859 1085 919 per
1117 838 1245 921 angelos
1285 864 1295 900 a

101 941 198 1007 fuisse
222 942 413 1022 dispositam,
436 940 590 1022 apostolus
614 942 713 1005 docet.
759 960 817 1005 nec
847 961 907 1005 non
930 949 961 1007 et
984 941 1128 1007 Heliseus
1154 942 1246 1007 abso·

101 1045 253 1110 latissime
270 1045 374 1109 docuit
392 1044 546 1109 humanas
560 1045 756 1109 infirmitates
772 1044 954 1128 angelorum
976 1045 1097 1111 auxiliis
1114 1045 1245 1110 delendi

100 1156 132 1215 et
154 1151 186 1213 in
210 1149 353 1214 omnibus
375 1148 528 1230 periculis.
552 1149 576 1213 si
601 1147 678 1213 fides
700 1155 825 1213 maneat
847 1149 879 1212 in
897 1150 995 1226 nobis,
1018 1151 1128 1215 adesse
1155 1150 1243 1231 spiri-

100 1253 210 1319 talium
235 1253 383 1317 uirtntum
406 1253 626 1318 defensionem.
672 1272 808 1336 namque
831 1274 901 1318 cum
935 1275 989 1320 rex
1010 1254 1108 1339 Syriae
1131 1274 1245 1334 capere

100 1357 184 1424 Geth
207 1358 327 1430 urbem,
361 1357 391 1420 in
416 1376 476 1440 qua
499 1358 582 1422 idem
607 1356 750 1422 Heliseus
774 1356 926 1439 propheta
948 1366 1037 1431 esset.
1067 1366 1192 1439 pararet
1215 1366 1246 1423 et
1274 1384 1297 1420 ιο

98 1461 260 1526 nocturnis
293 1461 454 1526 itineribus
489 1460 656 1525 exereitum
684 1480 782 1535 suum,
817 1462 868 1545 qui
903 1461 1101 1527 antelucanus
1135 1463 1245 1527 urbem

96 1566 266 1643 obsideret,
301 1566 495 1642 destinasset,
529 1583 603 1647 puer
625 1563 746 1630 Helisei
780 1574 948 1650 conspecta
969 1566 1128 1631 obsidione
1152 1567 1243 1631 dixit:

96 1694 115 1736 o
152 1670 328 1743 domine,
367 1669 463 1753 quid
502 1669 723 1733 iaciamus?
778 1678 809 1733 et
846 1670 922 1734 dixit
958 1671 1118 1735 Heliseus:
1160 1668 1244 1734 noli

94 1775 262 1841 timere:
286 1774 380 1857 quia
403 1771 538 1854 plures
561 1781 652 1836 sunt
675 1772 1015 1857 nobiscumquam
1036 1795 1122 1840 cum
1146 1774 1244 1840 illis.

93 1886 136 1946 et
159 1878 293 1944 orauit
316 1875 509 1941 Heliseus
543 1877 589 1941 ad
624 1876 826 1941 dominum
858 1884 895 1943 et
924 1880 1044 1942 dixit:
1069 1879 1242 1959 adaperi
1271 1902 1297 1939 a

92 1981 562 2060 oculosdominepueri
584 1979 712 2058 huius,
736 1990 772 2045 et
795 1983 941 2047 uideat.
966 1989 1004 2048 et
1027 1983 1246 2063 adaperuit

92 2087 289 2153 dominus
312 2086 449 2150 oculos
472 2086 596 2165 pueri,
620 2092 657 2149 et
686 2086 808 2164 uidit;
833 2093 871 2151 et
904 2106 997 2152 ecce
1021 2107 1134 2152 mons
1159 2095 1246 2151 erat

93 2190 246 2274 plenus
273 2190 389 2274 equis
422 2203 461 2255 et
494 2188 683 2254 curribus
716 2190 754 2253 in
790 2211 888 2275 gyro
911 2191 1077 2266 Helisei,
1113 2198 1150 2256 st
1185 2191 1245 2255 de·

92 2297 351 2363 scenderunt
381 2294 428 2358 ad
458 2313 534 2358 eos.
580 2300 681 2358 tantus
712 2301 742 2359 et
765 2301 828 2358 tam
852 2295 962 2360 nobilis
985 2294 1135 2376 propbeta
1161 2295 1244 2360 solus

91 2398 358 2480 contemplatione
392 2397 574 2463 auxiliorum
607 2397 789 2481 spiritalium
824 2400 936 2483 dignus
970 2407 1032 2478 est;
1066 2400 1121 2464 sed
1147 2399 1243 2463 oratio
1272 2421 1297 2458 lo

93 2505 166 2572 eius
190 2503 345 2568 addeum
367 2503 468 2568 uisum
491 2502 727 2583 incorporalium
748 2504 838 2568 etiam
863 2524 957 2587 puero
980 2524 1036 2569 suo
1052 2504 1175 2568 meruit.
1211 2502 1244 2566 in

94 2609 213 2673 horum
236 2607 330 2691 igitur
351 2606 565 2671 adsistentium
588 2605 731 2672 humanis
746 2607 867 2672 auxiliis
883 2607 1060 2691 angelorum
1076 2620 1244 2687 conspectu

95 2711 205 2793 psallit
225 2709 377 2791 propheta
399 2709 588 2791 spiritalibus
612 2710 794 2791 spiritalium
826 2732 953 2792 operum
984 2711 1244 2794 contemplatione

102 2815 278 2881 placiturus.

143 2939 173 3002 6.
199 2936 262 3002 Sed
286 2956 346 3000 non
370 2934 469 3000 solum
493 2956 596 3001 eoram
620 2936 739 3020 angelis
763 2935 873 3017 psallit,
896 2937 951 3002 sed
974 2937 1068 3001 etiam
1093 2937 1133 3010 ic,
1158 2939 1239 3020 quod
1268 2958 1293 2996 a

117 3042 247 3125 equitur,
263 3039 385 3105 efficiet.
431 3040 607 3105 adorabo
630 3042 676 3103 ad
699 3038 890 3121 templum
915 3047 1098 3104 sanetum
1123 3047 1244 3104 tuum:

124 3165 163 3209 on
186 3146 217 3208 in
248 3145 372 3226 templo,
407 3164 445 3210 ne
479 3144 554 3228 qnid
587 3145 756 3209 secundum
790 3144 1041 3209 consuetudinem
1064 3144 1243 3208 Iudaeorum

129 3248 301 3329 orporaliter
335 3247 417 3332 loqui
451 3248 616 3326 uideretur,
650 3249 675 3312 si
710 3249 854 3313 adoraret
886 3248 1074 3328 intemplo:
1110 3248 1165 3312 sed
1196 3248 1243 3311 ad

135 3352 303 3433 implum,
327 3353 359 3417 id
383 3358 429 3416 est
452 3355 533 3432 apud
549 3350 700 3432 templum
723 3353 830 3432 spiritu
854 3357 885 3417 et
907 3372 1034 3432 corpore
1051 3353 1243 3416 adoraturus,

150 3564 222 3617 lPs.
241 3563 367 3630 XXXIII,
385 3566 409 3617 8.
444 3561 541 3617 saal.
560 3564 607 3630 Ill,
627 3566 667 3617 19.
706 3567 738 3618 13
757 3563 794 3615 IV
813 3564 879 3632 Reg.
898 3566 923 3631 6,
944 3567 1033 3631 rosq.

159 3769 576 3838 lmieteriorr'rl’mysteriorum
587 3771 626 3823 ne
635 3772 669 3840 cf.
681 3772 761 3823 Acad-
768 3791 797 3842 p.
807 3770 847 3824 32
893 3773 1076 3825 baumom.ll
1129 3729 1245 3839 myosyll

165 3856 333 3912 ielisaeuslt
382 3863 522 3928 peccasset
536 3876 607 3927 supr.
622 3857 741 3911 scr.&P
791 3864 1179 3926 parareteapareretcorma.
1192 3859 1244 3911 112

171 3960 198 3997 m.
216 3945 241 3996 P
294 3948 324 3999 ll
344 3946 523 3998 antelucanus
543 3946 581 3997 Re
600 3945 640 4007 (θ’
657 3946 681 3997 b.
700 3947 716 3998 l.
735 3945 816 4010 decer)
841 3952 905 3998 ante
929 3945 1020 3999 lucem
1038 3945 1088 3997 1⁷1*
1144 3948 1176 3998 12
1195 3945 1243 3999 ob·

177 4046 243 4082 a}
261 4032 288 4084 P
352 4032 384 4084 15
402 4032 554 4085 haelisaeus
573 4032 599 4084 R
664 4033 697 4085 16
715 4031 797 4084 huius
823 4032 902 4100 pueri
927 4032 978 4083 PT
1039 4034 1072 4086 18
1099 4032 1193 4101 aequis
1221 4034 1246 4084 Ι)

181 4117 380 4172 lleominum
391 4119 440 4170 1⁷r
474 4121 508 4172 23
518 4118 618 4186 psallat
629 4120 672 4170 Ra
709 4118 879 4186 spiritalibus
890 4119 1059 4171 1³12*an
1100 4119 1244 4189 25psallet

191 4204 287 4258 allitT
340 4204 368 4258 id
387 4224 435 4258 om.
454 4205 480 4257 P
531 4208 564 4260 28
581 4206 693 4259 uidetur
711 4207 737 4259 li
790 4207 824 4260 29
841 4211 892 4273 spu
910 4223 940 4259 ex
957 4211 1018 4273 epm
1036 4224 1068 4259 m.
1088 4206 1104 4258 1
1123 4208 1155 4259 Id

194 4322 227 4362 111.
241 4324 312 4364 arra.
327 4325 384 4365 mer,
399 4336 449 4374 pm
464 4327 482 4365 r.
1054 4312 1088 4363 47
