2790 4844
151 242 192 306 22
480 245 595 296 sancti
621 245 752 297 Hilarii
777 246 935 313 episcopi

151 442 312 516 tamquam
344 433 473 517 lignum,
505 441 627 514 tempus
661 440 856 514 praeposterae
891 436 1115 515 corporationis
1146 439 1301 503 admittat.

151 538 182 601 id
204 538 295 611 enim,
320 540 401 620 quod
426 538 484 602 erit
505 558 562 618 per
586 539 809 618 expectandum
833 538 933 602 adlrue
958 545 1087 621 tempus,
1111 563 1172 605 non
1195 550 1298 622 potest

151 641 249 706 uideri
285 649 317 705 ut
351 648 402 705 aut
436 642 534 719 suerit,
568 653 619 706 aut
651 643 711 706 iam
737 643 776 706 sit
798 643 830 706 in
859 663 958 707 rerum
982 651 1100 708 natura.
1146 646 1298 730 quidquid

151 752 254 810 autem
277 747 338 809 iam
362 753 416 819 est
440 767 499 810 non
532 759 603 830 eget
637 746 782 811 dilatione
813 747 968 827 temporis,
1003 760 1036 811 ut
1069 751 1108 813 ad
1143 750 1183 826 id,
1216 752 1299 834 quod

112 878 125 914 a
153 850 218 927 erit,
242 850 409 925 inchoetur,
434 851 505 932 quia
527 852 708 933 antiquitat-e
741 852 857 916 exordii
881 853 926 916 sui
951 871 1019 916 esse
1042 853 1104 916 iam
1127 863 1300 934 permanet.

194 955 223 1018 4.
246 953 355 1038 ltaque
386 955 457 1037 quia
493 954 558 1019 hac
589 975 607 1018 a
642 956 798 1020 diuinitate
832 955 982 1039 unigeniti
1014 957 1063 1020 dei
1093 956 1148 1020 filii
1179 958 1296 1022 domini

150 1060 247 1122 nostri
270 1058 341 1123 lesu
365 1057 479 1123 Christi
501 1058 720 1143 intelleguntur
743 1059 849 1137 aliena,
880 1061 927 1123 uir
949 1059 1000 1124 ille
1024 1060 1074 1124 hic
1097 1082 1115 1125 a
1146 1061 1297 1142 propheta

153 1163 259 1228 beatus
274 1163 437 1245 praedicari
460 1163 631 1244 opinandus
655 1170 711 1241 est,
736 1165 787 1246 qui
812 1185 846 1229 se
860 1165 887 1228 ei
908 1165 1034 1245 corpori,
1050 1167 1132 1248 quod
1153 1167 1295 1232 dominus

150 1268 332 1349 adsumpsit,
356 1268 387 1331 in
411 1288 470 1351 quo
494 1267 586 1332 homo
609 1279 699 1333 natus
722 1275 777 1345 est,
802 1269 994 1333 conformem
1017 1270 1118 1334 studio
1142 1271 1296 1354 aequitatis

28 1442 30 1447 ⁴
98 1397 123 1432 ιο
152 1379 182 1436 et
205 1372 297 1437 totius
320 1373 443 1436 iustitia
466 1373 654 1453 perfectione
677 1373 862 1454 praestiterit.
908 1380 939 1437 et
978 1393 1051 1438 sane
1081 1374 1112 1438 id
1142 1374 1184 1438 ita
1207 1374 1298 1439 intel·

150 1475 212 1560 legi
235 1482 383 1557 oportere,
406 1476 526 1557 plenior
548 1477 658 1557 psalmi
682 1477 829 1559 expositio
853 1478 1044 1542 monstrabit.

194 1582 222 1646 5.
248 1581 516 1661 Speciosissimum
540 1586 642 1647 autem
676 1582 733 1646 hoc
756 1589 786 1646 et
809 1582 1026 1665 dignissimum
1051 1582 1296 1662 incipiendorum

151 1683 339 1764 psalmomm
373 1692 498 1750 sanctus
539 1685 665 1765 spiritus
699 1687 833 1766 sumpsit
866 1686 1033 1764 exordium,
1064 1692 1097 1750 ut
1126 1685 1296 1751 humanam

150 1787 358 1853 infirmitatem
391 1809 447 1869 per
470 1809 558 1869 spem
581 1790 780 1854 beatitudinis
802 1790 842 1853 ad
872 1790 1019 1854 innocens
1049 1790 1208 1874 religionis
1233 1797 1297 1856 stu-

98 1916 123 1951 1a
152 1892 238 1956 dium
261 1891 484 1970 adhortaretur,
518 1899 551 1957 ut
582 1900 808 1958 sacramentum
839 1895 886 1958 dei
918 1894 1068 1975 corporati
1099 1894 1230 1970 doceret,
1262 1906 1297 1959 ut

150 1997 398 2061 communionem
435 1997 540 2080 gloria
575 1997 706 2063 caelestis
739 1998 940 2078 polliceretur,
975 2004 1008 2061 ut
1037 2018 1160 2078 poenam
1191 1999 1297 2065 iudicii

150 2101 352 2179 denuntiaret,
375 2113 408 2165 ut
431 2100 633 2166 differentiam
657 2103 890 2166 resurrectionis
920 2103 1108 2183 ostenderet,
1139 2111 1171 2166 ut
1193 2103 1297 2184 proui-

150 2205 286 2269 dentiam
317 2205 367 2269 dei
390 2205 420 2268 iu
445 2206 645 2271 retributione
679 2212 871 2271 monstraret.
917 2206 1055 2287 perfecta
1084 2206 1201 2271 scilicet
1224 2227 1298 2272 con·

150 2316 365 2393 summataque
400 2310 517 2373 ratione
550 2317 643 2374 tanta
677 2310 846 2391 prophetia
881 2311 1020 2375 ordinem
1055 2309 1220 2389 inchoauit,
1261 2324 1297 2375 ut

16 2456 18 2461 .
98 2435 122 2471 ao
150 2411 309 2477 hominum
332 2413 563 2478 inbecillitatem
586 2417 624 2479 ad
648 2415 721 2479 tidei
745 2415 878 2479 studium
908 2416 987 2478 beati
1012 2414 1069 2477 uiri
1093 2435 1164 2494 spes
1187 2413 1297 2480 inlice-

150 2528 204 2593 ret,
228 2517 294 2598 spei
317 2518 535 2582 beatitudiuem
559 2528 722 2600 conparata
745 2518 820 2602 ligni
844 2519 999 2582 beatitudo
1015 2519 1188 2598 sponderet,
1212 2519 1297 2583 inso-

149 2620 264 2685 lentem
297 2623 485 2703 impietatem
522 2623 602 2686 intra
639 2634 754 2688 metum
792 2623 967 2687 denuntiata
1005 2623 1107 2703 impiis
1145 2623 1297 2688 seueritas

149 2726 334 2800 coherceret,
358 2727 459 2791 meriti
484 2726 687 2792 differentiam
712 2729 741 2791 in
767 2727 901 2791 consiliis
918 2733 1092 2791 sanctorum
1106 2726 1297 2792 condicionis

148 2831 223 2893 ordo
247 2831 458 2914 distingueret,
490 2832 538 2896 dei
564 2832 828 2916 magnificentiam
851 2832 881 2895 in
906 2831 1129 2915 cognoscendis
1145 2831 1297 2895 iustorum

96 2952 123 2991 π
149 2934 209 2998 uiis
243 2936 371 3018 aequitas
405 2937 568 3000 constituta
602 2943 795 3001 monstraret.
842 2937 897 3001 sed
927 2957 977 3000 res
1015 2936 1098 3015 ipsas
1129 2943 1160 2999 et
1190 2956 1295 2999 earum

148 3038 245 3102 uerba
268 3047 443 3104 tractemus.

193 3216 427 3282 lpraeproperae
448 3215 470 3267 V
503 3214 626 3267 admittit
645 3215 664 3266 1¹
699 3216 782 3267 3aut
800 3214 886 3267 fuerit
899 3219 947 3266 aut
960 3233 1008 3267 ont.
1027 3215 1048 3267 V
1081 3212 1297 3267 iamsithabere

148 3305 263 3354 naturae
289 3302 335 3354 t'n
389 3301 463 3368 quod
482 3305 575 3353 autem
600 3301 624 3352 V
673 3301 764 3354 tiam
784 3319 832 3352 one.
858 3302 879 3352 l'
930 3306 961 3354 ut
985 3301 1030 3407 ad⁸
1043 3299 1150 3368 aliquid
1173 3300 1228 3353 erit
1254 3300 1295 3352 in·

149 3421 265 3475 choetur
301 3424 326 3475 R
361 3427 394 3475 ut
429 3422 464 3474 ad
500 3420 605 3488 aliquid
627 3447 629 3450 ·
651 3421 798 3475 inchoetur
834 3441 847 3474 e
917 3424 934 3476 5
967 3422 1014 3490 qui
1057 3439 1123 3474 corr.
1158 3440 1191 3474 m.
1221 3420 1242 3472 2
1274 3421 1298 3473 l'

148 3525 208 3597 edi
235 3542 276 3596 fili
301 3521 366 3596 adri
389 3552 409 3596 '1'1
432 3500 476 3595 ihi
512 3540 588 3607 (corn
607 3562 640 3596 m.
660 3541 688 3607 2)
706 3523 756 3611 {pi
786 3544 810 3596 l'
831 3541 882 3596 filii
909 3543 953 3597 dei
981 3543 1086 3596 domiui
1114 3543 1203 3595 nostri
1231 3545 1291 3596 lesu

150 3630 253 3682 Christi
273 3631 301 3682 Ε
352 3632 367 3680 7
395 3629 485 3683 aliena
504 3628 570 3689 (ena
596 3632 621 3682 in
642 3648 694 3683 rus.
715 3641 736 3683 rt
750 3641 841 3700 postea
861 3631 877 3681 4
897 3632 943 3682 litt.
960 3634 1037 3689 eras.)
1056 3632 1082 3682 n
1135 3629 1245 3698 profeta
1268 3630 1291 3681 t’

148 3718 209 3770 9In
225 3718 339 3785 quella
358 3716 387 3769 id
406 3721 447 3769 est
465 3717 494 3768 in
508 3733 562 3784 quo
579 3717 611 3769 [ἰ
660 3718 693 3770 15
702 3717 913 3770 adortareturlt
960 3722 1061 3770 utente
1071 3717 1292 3770 communionem

147 3823 203 3874 arcp.
222 3806 266 3857 lio.
286 3822 302 3856 a
321 3822 353 3856 m.
373 3803 392 3855 ἑ)
413 3805 435 3855 V
487 3805 518 3856 17
538 3802 722 3857 differentiam
741 3823 771 3856 ea
790 3803 989 3857 differrentiam
1008 3823 1040 3856 nr.
1058 3804 1077 3855 ‘J
1097 3804 1119 3856 V
1171 3803 1291 3857 rotanti

148 3891 271 3959 profetae
313 3891 338 3944 V
371 3895 465 3944 tantae
498 3891 690 3958 prouidentiae
719 3911 732 3944 e
802 3896 834 3944 ut
865 3890 1015 3944 humanam
1047 3890 1241 3944 infirmitatem
1273 3892 1293 3942 l'

147 3982 179 4031 ‘21
209 3978 278 4046 ligni
306 3979 448 4031 beatitudo
483 3979 519 4030 l'r·
544 3977 615 4046 ligni
651 3977 805 4030 similitudo
834 3979 888 4029 nh
921 3975 980 4040 (aad
1005 3976 1038 4034 ef.
1067 3979 1130 4042 int'r.
1158 3995 1216 4046 cup.
1246 3977 1291 4039 Il)

149 4069 182 4118 ‘22
201 4065 284 4132 inpiis
303 4084 333 4118 ex
351 4065 443 4134 impiis
463 4064 489 4129 (s
507 4084 564 4134 sup.
581 4067 625 4116 lin.
642 4067 702 4118 edd.
718 4091 752 4101 —
768 4075 828 4116 onte
844 4067 910 4116 turre
925 4082 1010 4117 uocem
1027 4082 1078 4116 rma
1094 4066 1162 4116 linea
1178 4064 1293 4130 eruam:

148 4153 177 4204 in
193 4151 235 4203 his
253 4153 275 4203 l'
307 4154 342 4205 23
352 4155 492 4205 coerceret
504 4170 534 4205 ea
546 4151 740 4205 cohercereth'
780 4149 965 4203 differentiam
981 4170 1010 4203 ec
1025 4149 1182 4204 differentia
1196 4151 1259 4204 nt?
1275 4153 1296 4205 l'

147 4242 181 4292 25
200 4239 247 4292 sed
267 4239 294 4304 (s
312 4244 392 4299 erus.)
412 4241 437 4291 n
453 4255 528 4291 nunc
547 4242 576 4290 et
596 4239 622 4289 E
672 4255 768 4291 eorum
787 4239 846 4290 RE.
