2790 4844
307 268 489 316 tractatus
517 263 556 316 de
577 263 690 316 titulo
709 262 836 330 psalmi
855 262 924 316 xcl.
1122 262 1183 328 347

78 455 151 520 ibus
186 473 313 520 necesse
347 467 393 518 est
426 451 530 533 plures
562 453 593 516 in
625 453 762 535 peccatis
785 473 877 536 agere
901 472 937 518 oc
960 455 1080 518 uiuere:
1105 451 1186 518 hanc

78 558 122 623 im
158 559 239 623 diem
274 558 315 623 ed
348 557 504 641 quoddam
540 556 750 621 testimenium
787 557 974 640 dignationis
1009 557 1039 620 in
1071 577 1104 622 se
1136 557 1185 622 dei

78 671 201 727 norant.
247 663 273 728 si
299 661 365 726 hnc
389 681 466 746 ergo
491 662 539 726 dei
574 670 622 726 est
656 661 853 743 requietionis
889 661 964 737 dies,
1000 662 1082 743 quod
1117 681 1186 726 eum

78 768 131 831 nia
154 768 269 831 dictum
293 767 340 842 sit,
364 767 425 830 iam
449 765 525 829 deus
549 766 681 830 mendax
705 774 760 841 est,
784 784 853 830 cum
878 765 908 828 in
928 785 961 829 se
978 771 1186 840 contumaces

92 869 192 935 tilium
216 870 378 952 parricidio
402 870 540 952 requiem
565 870 625 934 diei
651 869 742 933 huius
765 869 933 934 obtineant.
1227 896 1239 932 a

81 973 114 1038 3.
143 973 258 1040 Dehinc
282 995 353 1039 cum
377 975 519 1040 omnibns
542 975 668 1037 omnino
691 976 759 1039 sine
782 974 959 1053 exceptione
983 973 1087 1056 aliqua
1109 972 1185 1037 nihii

78 1079 143 1143 eris
166 1099 268 1163 egere.
292 1079 401 1144 sedin
426 1079 487 1141 otio
511 1078 669 1161 quiescere
691 1079 807 1141 iussum
824 1078 871 1155 sit,
895 1079 1048 1161 quomodo
1064 1097 1186 1142 mrsnm

79 1182 363 1247 minussebbatum
376 1181 466 1246 soluit
479 1182 602 1245 dicens:
626 1181 813 1257 nescitis,
831 1183 924 1265 qnia
947 1181 1187 1246 secerdotes

106 1287 256 1367 templo
279 1288 492 1351 sabbatum
517 1286 674 1351 nioiant
708 1298 745 1350 et
768 1286 855 1350 sine
879 1286 1048 1351 crimine
1072 1285 1187 1350 sunt'?

78 1408 119 1471 go
143 1411 200 1455 non
226 1390 291 1456 itanc
316 1392 403 1474 quies
427 1389 544 1454 sabbati
562 1410 617 1454 nec
640 1389 699 1455 hoc
716 1391 780 1454 eius
797 1391 965 1466 astatium,
978 1409 1050 1454 curn
1066 1391 1188 1472 quando
1216 1416 1240 1451 ro

81 1513 106 1558 n
130 1497 326 1578 quiescentes
345 1496 380 1562 in
404 1495 534 1559 sabbatio
559 1495 714 1559 maledicti
740 1495 801 1559 sint.
834 1516 854 1553 u
902 1514 920 1551 a
965 1515 985 1552 a
1030 1515 1050 1552 a
1098 1515 1115 1551 a
1168 1515 1186 1550 a

109 1615 1188 1657 *******÷÷÷÷t÷t*******

80 1698 226 1787 blegem
251 1702 407 1768 firmitatis
431 1704 595 1783 surripiens.
641 1703 665 1766 si
691 1702 736 1766 soi
767 1703 919 1786 signaque
949 1711 1052 1768 cetere
1081 1724 1188 1770 cursus

79 1824 119 1870 os
151 1806 265 1871 obeunt
298 1815 329 1871 et
358 1806 476 1873 habent
505 1806 543 1870 ab
575 1827 611 1870 eo
641 1806 844 1886 permanendi
874 1808 905 1871 in
938 1807 994 1884 his,
1023 1808 1189 1892 inquibus

83 1916 127 1987 nt
150 1911 362 1987 substantiam,
386 1931 402 1973 o
426 1930 486 1994 quo
520 1912 549 1974 in
577 1909 632 1974 hos
656 1930 763 1975 cursus
798 1916 889 1993 atquo
923 1912 953 1975 in
989 1911 1054 1976 haec
1087 1910 1189 1977 officia
1217 1934 1241 1970 ιι

80 2016 204 2094 nposito
227 2023 306 2092 sunt,
331 2016 356 2079 si
379 2022 462 2079 terra
492 2014 608 2079 tructus
631 2034 702 2079 suos
736 2014 852 2094 profert
886 2017 1047 2081 materiem
1083 2016 1188 2080 fecun-

78 2119 152 2182 tar-is
173 2120 205 2183 in
228 2119 295 2184 dies
318 2138 455 2184 sumens,
477 2139 534 2199 per
556 2139 649 2202 quern
674 2119 700 2183 ei
725 2119 894 2183 seeundum
913 2125 1084 2200 temporum
1105 2121 1189 2185 uices

78 2223 189 2286 radam
225 2222 392 2287 fertilitatis
426 2231 533 2286 natura
567 2223 707 2287 subiecto
741 2229 796 2298 est,
831 2224 856 2287 si
881 2224 992 2288 cotidie
1015 2225 1189 2288 animarum

80 2318 182 2408 igines
212 2334 243 2391 et
277 2346 440 2407 corporum
462 2326 662 2410 figurationes
697 2325 814 2391 occulte
848 2333 879 2392 et
912 2328 1067 2411 incognita
1101 2328 1190 2392 nobis

79 2428 160 2494 uina
193 2431 314 2495 uirtutis
348 2429 505 2496 molitione
538 2431 722 2511 procedunt:
758 2438 789 2495 et
811 2450 960 2515 magnum
984 2441 1032 2496 est
1055 2432 1190 2496 muneris
1218 2445 1243 2482 ²⁰

78 2534 127 2596 nri
148 2536 226 2599 dorna
249 2534 372 2600 sentire.
395 2554 467 2599 curn
492 2541 595 2599 temen
619 2554 726 2599 eorum
750 2535 899 2598 institutio
928 2537 1089 2602 nesciatur.
1135 2536 1191 2600 sed

78 2646 122 2700 Pe
142 2640 197 2703 etsi
220 2659 296 2720 opus
320 2639 370 2704 dei
394 2645 474 2711 sunt,
509 2659 617 2704 uerum
652 2640 682 2702 in
719 2638 768 2703 his
803 2638 890 2704 labor
924 2639 1024 2705 nullus
1059 2645 1116 2705 est.
1161 2647 1192 2704 et

78 2750 237 2825 tamquam
262 2742 396 2808 habeant
419 2763 456 2807 ex
480 2750 602 2807 auctore
638 2763 692 2807 suo
726 2763 762 2805 oc
786 2744 972 2820 dominante,
1008 2745 1088 2827 quod
1121 2743 1192 2808 talia

78 2852 133 2920 mr,
163 2867 221 2910 non
257 2855 362 2912 tumen
397 2867 475 2920 eum„
511 2867 611 2930 equo
635 2855 753 2911 ortaet
779 2867 947 2930 perquem
979 2848 1089 2913 cotidie
1120 2846 1192 2911 talia

78 2955 132 3013 tut.
152 2950 330 3036 detittigont.
1219 2963 1243 3001 ²⁶

99 3047 131 3116 4.
150 3053 188 3118 Et
211 3055 278 3120 haec
312 3056 439 3139 quidem
463 3075 579 3139 magne
601 3055 651 3120 dei
675 3075 768 3135 opere
791 3064 869 3131 sunt,
893 3057 1003 3121 caium
1027 3056 1192 3133 continere,

78 3143 149 3220 ¹*lein
170 3178 239 3224 cum
262 3160 353 3225 astris
376 3160 487 3225 ceteris
511 3159 672 3238 luminare,
702 3162 849 3227 sementis
881 3169 971 3226 terrae
1001 3163 1193 3226 incrementa

78 3252 203 3333 officere.
227 3263 385 3329 hominem
418 3264 552 3340 firmare,
587 3265 722 3329 animam
758 3263 977 3345 reprouehere:
1012 3266 1067 3330 sed
1102 3263 1194 3348 longe

106 3397 225 3456 streton.
246 3404 306 3470 xrr,
324 3406 348 3455 5.

107 3519 159 3576 tui
176 3531 218 3578 est
236 3525 420 3593 requietionis
439 3525 470 3579 di
488 3525 562 3593 qnod
586 3525 610 3576 V
661 3525 873 3592 5optineantr
927 3524 1010 3577 ised
1035 3524 1064 3576 in
1088 3524 1194 3577 arreins

78 3609 99 3651 V·
115 3605 131 3658 2
150 3611 171 3663 t·
224 3611 354 3680 requies
381 3619 424 3665 est
452 3611 558 3666 sabbati
588 3613 617 3663 rb
670 3612 729 3664 eius
757 3611 842 3664 otium
871 3617 913 3664 cet
940 3613 968 3663 rt
1025 3613 1054 3664 ll
1075 3621 1194 3679 quattuor

78 3702 169 3750 termum
187 3702 271 3769 epodo
290 3716 371 3752 nocuo
390 3701 416 3751 in
436 3716 518 3768 morq.
536 3700 636 3751 eddidit
655 3716 686 3750 m.
706 3701 740 3750 2.-
768 3697 813 3750 hic
843 3698 921 3751 deest
945 3698 1018 3765 quod
1037 3696 1194 3751 addendum

78 3788 102 3834 et
118 3781 137 3834 V
151 3788 175 3837 in
194 3806 209 3836 r
226 3788 287 3838 add.
308 3785 429 3839 m.2hie
448 3786 526 3839 deest
582 3787 613 3838 15
632 3784 785 3838 substantia
804 3785 840 3836 Vr
893 3783 984 3837 officio
1001 3783 1023 3836 V
1076 3786 1107 3836 17
1125 3789 1195 3837 tern-

78 3870 160 3924 iornm
184 3872 217 3923 1'1
272 3873 361 3926 uicem
391 3874 419 3924 rb
472 3875 502 3925 et
525 3872 665 3925 nescietur
693 3891 722 3924 en
750 3871 897 3924 neseiat-uis
925 3890 957 3924 m.
980 3869 1000 3922 2
1026 3871 1051 3923 V
1100 3873 1135 3924 ‘22
1153 3875 1194 3923 est

78 4010 144 4067 ottus
171 4013 200 4063 rb
253 4013 287 4064 23
306 4012 466 4066 dominante
491 4011 634 4064 Vdiiante
656 4031 668 4061 r
687 4010 840 4063 donanteb
893 4013 927 4065 25
947 3962 1008 4063 sunt
1029 4009 1054 4061 V
1104 4008 1195 4062 defiti-

779 4106 790 4133 Ι

78 4160 120 4206 int
151 4151 174 4201 V
223 4152 258 4203 ‘26
277 4164 306 4203 et
333 4150 445 4218 quidem
472 4150 539 4205 haee
567 4152 596 4203 rb
650 4152 683 4202 27
703 4107 942 4235 luminisrimgntis
969 4165 1036 4201 corr.
1066 4168 1098 4201 nr.
1126 4149 1146 4200 2
1176 4147 1198 4199 V

78 4248 84 4292 t
104 4237 244 4291 bominem
263 4264 297 4274 -
316 4236 499 4304 reprouehere
517 4256 565 4290 ona
584 4258 605 4290 r.
