2790 4844
502 997 895 1098 PRAEFATIO.

171 1277 284 1377 Hanc
305 1317 423 1391 partem
442 1331 570 1392 operum
587 1310 816 1375 Hilarianorum
833 1311 1008 1375 recensenti
1021 1310 1155 1375 maxime
1167 1310 1272 1376 dolen-

125 1418 203 1480 dum
221 1422 269 1478 est
283 1414 512 1498 plurimumque
531 1413 720 1479 difficultatis
740 1414 848 1491 adfert,
870 1414 953 1497 quod
968 1413 1069 1479 nullus
1084 1413 1163 1478 liber
1178 1433 1272 1478 manu

127 1520 262 1602 scriptus
284 1525 376 1597 extat,
410 1519 462 1602 qui
494 1520 582 1602 quasi
612 1519 672 1583 dux
703 1518 783 1583 fidus
814 1538 938 1598 semper
960 1519 1128 1602 stultique
1159 1524 1272 1598 praesto

125 1625 178 1687 sit.
224 1631 318 1707 atque
351 1632 503 1707 augentur
538 1622 735 1688 difficultates
770 1644 814 1699 eo,
849 1624 932 1705 quod
968 1643 1004 1688 ex
1036 1622 1113 1703 ipsis
1151 1621 1271 1687 duobus

125 1728 287 1793 codicibus
309 1727 527 1793 uetustissimis
556 1726 642 1805 alter,
673 1729 724 1811 qui
755 1733 845 1792 aetate
876 1747 985 1792 omnes
1015 1733 1147 1807 superat,
1178 1726 1270 1791 etiam

125 1832 181 1897 uhi
207 1833 295 1898 nobis
318 1833 460 1898 subuenit
482 1833 595 1912 saepius
618 1831 680 1896 iam
704 1836 751 1896 est
778 1832 955 1896 decurtatus
978 1830 1026 1895 uel
1050 1837 1155 1911 aperte
1177 1831 1270 1895 inter-

124 1936 257 2018 polatus,
281 1935 367 2009 alter,
401 1937 454 2019 qui
477 1937 654 2017 praestantia
674 1934 800 2018 fideque
823 1935 952 2012 excellit,
986 1934 1128 1999 ultimam
1151 1940 1271 1999 tantum

125 2041 221 2105 huius
251 2042 351 2122 operis
381 2047 499 2121 partem
531 2059 662 2123 eamque
693 2039 847 2105 lacunosis
876 2041 991 2105 codicis
1013 2039 1155 2119 rescripti
1177 2039 1272 2104 uesti-

125 2147 192 2230 giis
227 2146 313 2209 nobis
348 2140 483 2210 tradidit.
528 2145 583 2210 sed
618 2143 818 2208 nihilomiuus
857 2143 923 2208 haec
957 2144 1089 2227 uestigia
1123 2143 1164 2206 ihi
1200 2163 1271 2207 oum

123 2249 258 2313 aliorum
282 2248 430 2313 librorum
448 2249 631 2315 lectionibus
646 2254 814 2329 conparata
829 2267 971 2312 normam
988 2248 1144 2331 quandam
1160 2266 1271 2327 suppe-
1332 2242 1336 2252 “

124 2354 314 2430 ditauerunt
337 2373 399 2437 qua
414 2353 445 2417 in
460 2353 571 2418 ceteris
587 2372 709 2436 quoque
724 2353 864 2433 partibus
884 2352 1027 2418 meliores
1051 2359 1082 2417 et
1104 2351 1271 2416 deteriores

123 2458 302 2523 accuratius
325 2458 486 2523 diiudicari
507 2465 642 2538 possent.
687 2476 764 2540 quas
788 2475 837 2521 res
860 2476 932 2521 cum
948 2457 978 2520 in
994 2456 1097 2522 libello
1122 2454 1271 2538 „Studien

123 2583 166 2626 zu
189 2561 333 2627 Hilarius'
358 2582 416 2626 von
439 2561 571 2627 Poitiers
593 2559 994 2640 Psalmencommentar“¹)‚
1018 2561 1071 2625 uhi
1094 2559 1190 2624 etiam
1212 2558 1273 2623 aha

124 2667 235 2730 omnia
263 2668 301 2731 ad
332 2665 389 2731 hcs
412 2665 598 2748 quaestiones
629 2665 814 2746 pertinentia
844 2671 1029 2744 pertractata
1059 2661 1271 2746 exemplisque

124 2770 294 2834 inlustrata
316 2779 394 2848 sunt„
417 2769 514 2835 fusius
538 2769 740 2850 exposuerim,
763 2789 823 2832 uon
848 2768 910 2832 iam
934 2767 1025 2832 huius
1049 2768 1105 2832 loci
1125 2774 1173 2832 est
1189 2767 1273 2832 dicta

126 2887 279 2955 repetere.
324 2874 464 2940 conferas
487 2893 677 2957 aequoque,
700 2893 769 2957 quae
793 2874 832 2937 de
856 2871 905 2935 his
928 2877 959 2937 et
982 2872 1134 2937 similibus
1158 2871 1272 2937 inserui

128 2979 280 3063 „Wiener
313 2977 461 3044 Studien“
499 2976 582 3042 1886
613 2999 641 3059 p.
675 2977 734 3043 331
768 2996 845 3061 sqq„
882 2975 964 3040 1889
999 2999 1028 3058 p.
1064 2977 1126 3042 314
1161 2975 1271 3060 sqq.²)‚

129 3082 298 3167 „philolog.
324 3081 594 3167 Abhandlungen“
620 3081 676 3146 ΙΙΙ.
701 3078 795 3157 lV.³)‚
829 3080 965 3164 „Archiv
997 3081 1045 3145 lilr
1066 3080 1119 3146 lat.
1142 3080 1271 3145 herico·

127 3186 264 3272 graphio
304 3189 365 3252 und
407 3185 623 3252 Grammatik“
666 3184 746 3262 Il.⁴),
794 3185 959 3270 „Beitrage
1000 3206 1036 3249 au
1082 3183 1271 3269 griechisch-

128 3291 332 3357 latainischen
349 3277 704 3375 Worterklttrungen“⁵).
737 3291 840 3374 itaque
857 3288 992 3355 hocloco
1004 3309 1141 3354 summas
1153 3294 1272 3352 tantum

128 3416 192 3467 res,
225 3415 294 3479 qua>
327 3397 366 3460 ad
400 3395 607 3460 adnotationis
641 3395 754 3460 criticae
786 3393 922 3458 indolem
954 3393 1197 3477 intellegendam
1219 3411 1273 3456 ne·

128 3500 274 3565 cessaria
311 3501 462 3576 uidentur,
501 3499 605 3579 paneis
642 3505 783 3579 repetam
817 3497 1023 3580 nonnullaque
1057 3496 1273 3579 supplementa

129 3604 309 3686 adiungam.

178 3797 197 3860 ¹)
216 3795 369 3850 vindobon.
398 3797 466 3851 1885
493 3794 693 3864 (Sitzungabcr.
718 3795 744 3848 d.
768 3795 835 3848 kaie.
864 3794 1014 3848 Alsademie
1042 3794 1067 3847 d.
1092 3794 1135 3847 W.
1161 3792 1272 3859 cv111);

128 3883 203 3953 siglo
221 3883 303 3936 acad.
331 3883 360 3935 in
388 3887 523 3952 apparatu
552 3883 612 3936 crit.
640 3898 706 3935 urus
730 3900 798 3935 aum.
853 3878 874 3946 ⁸)
895 3903 924 3923 =
946 3881 1022 3934 Stud.
1077 3877 1098 3944 ³)
1118 3881 1273 3935 lnnsbruclr

131 3972 279 4025 1882-87.
299 3991 329 4013 =
349 3970 420 4024 Abh.
473 3967 496 4036 ⁴)
516 3990 547 4012 =
566 3968 649 4022 Arch.
704 3967 726 4031 ⁶)
745 3968 860 4037 Leipzig
874 3971 948 4023 1891.
969 3989 999 4012 =
1019 3968 1104 4022 Beitr.
1117 3995 1151 4004 —
1163 3967 1272 4022 exaliia

127 4057 394 4124 abbrcniationibna,
413 4074 480 4125 quaa
499 4056 528 4110 in
547 4056 725 4109 adnotatione
740 4055 872 4122 inuenies,
885 4055 936 4109 hoc
950 4056 1010 4109 loco
1028 4055 1080 4108 hae
1093 4055 1272 4123 explicandae

128 4146 277 4199 uidentur:
296 4143 449 4197 Brambach
463 4142 540 4196 Ort-h.
552 4164 581 4186 =
593 4142 638 4195 die
653 4141 876 4211 Ncugestaltung
894 4143 943 4196 der
962 4142 1055 4195 lateiu.
1069 4141 1272 4210 orthographia
