2790 4844
337 286 518 336 tractatus
536 282 572 334 in
590 282 760 351 psalmum
781 282 926 336 CXXXIV.
1142 282 1205 346 703

54 476 170 540 ieiunia
193 475 315 550 exarsit,
339 474 401 537 inm
424 472 527 537 odium
551 473 582 536 iu
607 492 744 537 amorem
764 473 955 537 demutatum
972 453 1027 549 esf,
1050 473 1113 536 iam
1128 474 1205 537 uitio

53 581 87 645 in
112 580 262 644 uirtutum
285 579 348 642 uita
370 584 531 659 perempta
554 582 633 641 sunt.
883 639 889 654 ‚

103 685 153 750 15.
178 683 269 749 Fecit
292 683 526 766 ergodomiuus
550 681 692 757 omnia,
716 699 798 763 quae
823 680 959 756 uoluit,
983 681 1021 745 in
1045 680 1142 746 calo
1166 687 1205 745 et

54 788 238 866 interra
269 788 308 851 in
339 786 439 851 mari
463 791 500 850 et
522 786 562 849 in
584 784 758 868 abyssis.
804 784 882 850 nibil
905 785 988 849 euim
1011 785 1043 849 in
1067 783 1116 850 his
1139 806 1205 850 om·

54 892 148 957 nibus
171 892 256 975 prius
280 890 406 955 homine
430 909 484 953 suo
507 888 623 961 babuit,
646 889 684 953 ob
709 908 801 972 quem
825 889 918 954 etiam
942 889 1120 974 unigenitus
1140 891 1204 955 eius
1244 913 1257 952 s

55 996 133 1061 deus
156 994 250 1060 homo
281 992 397 1072 ertitit3
432 1003 463 1059 et
497 992 570 1058 fecit
604 993 664 1057 ista
699 994 876 1058 educens
910 995 1036 1059 nubes
1066 995 1112 1059 ab
1144 1015 1203 1058 er·

55 1106 185 1165 tremo
211 1105 338 1163 terrae.
386 1097 518 1162 nubibus
541 1097 686 1161 dominns
702 1097 859 1177 pracepit,
884 1117 922 1162 ue
939 1116 1032 1180 super
1047 1099 1204 1178 spinosam

55 1213 87 1268 et
109 1203 312 1267 infecundam
337 1202 459 1267 uincam
483 1200 639 1282 pluerent:
664 1201 871 1277 mandabo,
893 1201 1001 1284 inquit,
1018 1202 1203 1276 nubibus,

56 1327 102 1372 ne
126 1306 268 1390 pluunt
298 1326 419 1387 super
453 1325 546 1369 caru.
591 1305 721 1388 cognoui
745 1311 776 1370 et
797 1305 923 1382 nubem,
946 1305 979 1368 in
1002 1325 1062 1389 qua
1085 1306 1204 1372 locutus

55 1413 210 1477 estdeus:
235 1413 272 1475 in
297 1410 492 1485 columna,
515 1409 623 1492 inquit.
647 1409 766 1474 nubis
790 1408 1036 1493 loquebatur
1057 1411 1103 1475 ad
1127 1431 1202 1476 eos.
1231 1434 1255 1467 ιο

57 1520 244 1580 attestatur
278 1514 355 1580 mibi
379 1513 492 1579 Paulus
515 1514 547 1578 in
581 1512 641 1578 hnc
676 1512 756 1578 nube
790 1534 851 1577 non
885 1511 945 1578 boc
978 1513 1085 1592 solum,
1121 1516 1203 1598 quod

54 1619 178 1704 legitur,
201 1618 445 1703 intellegendum
480 1618 602 1683 dicens:
638 1637 684 1681 au
719 1617 903 1694 nescitis,
939 1617 1033 1702 quia
1066 1623 1203 1701 patres

54 1723 187 1789 nostri
221 1722 292 1788 sub
326 1722 429 1787 nube
464 1721 629 1787 fuerunt
660 1729 699 1785 et
732 1721 771 1786 in
803 1721 970 1804 Moysen
1000 1722 1203 1803 baptizati

53 1826 172 1893 sunt?
216 1828 315 1892 nubes
349 1825 416 1891 haec
454 1827 557 1909 itaque
595 1825 751 1909 siguificat
789 1826 959 1891 doctrinam
995 1826 1202 1910 apostobcam,

51 1952 123 2018 quae
154 1932 337 1996 inumbrans
368 1937 399 1997 et
421 1951 440 1994 a
462 1930 563 1996 calore
598 1930 770 1996 defendens
804 1936 916 1995 aestum
948 1949 1075 1995 omnem
1110 1932 1202 1995 futuri
1231 1949 1255 1988 1⁵

46 2035 157 2102 indicii
183 2034 323 2100 excludit.
369 2036 450 2118 quod
467 2041 571 2100 nutem
594 2055 612 2098 a
635 2035 813 2099 nouissimis
840 2041 930 2099 terrae
946 2033 1016 2109 sint,
1040 2035 1202 2100 audiamus

46 2139 229 2223 apostolum
253 2139 422 2204 dicentem:
458 2144 552 2221 puto
587 2144 721 2203 autem
755 2138 852 2204 deus
887 2158 956 2203 uos
991 2139 1202 2219 apostolos

43 2252 260 2310 extremos
298 2243 483 2309 ostendit
520 2243 628 2308 sicut
666 2242 888 2307 abortiuos.
946 2243 1088 2307 dominus
1126 2243 1201 2323 ipse,

41 2368 122 2414 cum
159 2347 199 2412 de
233 2346 299 2412 loco
322 2355 354 2412 et
377 2347 530 2430 dignitate
565 2348 646 2411 inter
680 2344 846 2427 discipulos
880 2366 983 2411 sermo
1018 2353 1109 2424 esset,
1143 2347 1200 2411 ait:

40 2453 120 2536 qui
156 2450 335 2516 uoluerit
374 2451 411 2514 in
449 2452 565 2516 uobis
604 2471 695 2516 esee
734 2450 897 2532 primus,
936 2451 990 2515 sit
1026 2450 1199 2515 omnium
1229 2470 1253 2506 ao

40 2555 315 2622 nouissimus,
360 2553 417 2619 bas
440 2575 515 2639 ergo
538 2555 637 2621 nubes
658 2555 733 2620 deus
756 2555 870 2632 omnia,
894 2575 961 2638 quae
988 2554 1061 2631 uult,
1085 2554 1201 2619 faciens

39 2678 70 2724 a
92 2659 273 2724 nouissimis
289 2665 380 2724 terrae
397 2660 507 2736 educit,
531 2665 563 2724 et
578 2657 659 2722 hano
674 2659 904 2724 inumbrantem
920 2660 1093 2724 doctrinam
1111 2665 1200 2724 terrae

40 2759 185 2828 humilia
208 2762 360 2828 exhalant.

99 2866 148 2932 16.
174 2865 352 2951 Fulgura
382 2869 421 2932 in
451 2866 613 2947 pluuias
644 2867 755 2932 fecit.
802 2866 905 2950 fulgur
928 2873 976 2932 est
997 2867 1119 2932 uirtutis
1143 2887 1200 2932 oae·

38 2965 138 3036 lestis
178 2972 303 3057 agnitio,
337 2979 368 3036 et
400 2970 458 3037 boc
492 2972 559 3052 ipse
592 2972 734 3035 dominus
771 2976 901 3036 testatur
935 2971 1057 3037 dicens:
1093 2971 1201 3036 sicut
1228 2986 1253 3023 π

39 3075 159 3141 enim
196 3075 337 3159 fulgur
375 3077 458 3141 erit
495 3076 541 3139 ab
576 3076 737 3140 oriente
771 3083 809 3140 et
842 3086 959 3156 paret
992 3094 1119 3159 usque
1153 3065 1199 3140 ad

40 3181 320 3259 occidentem,
344 3180 401 3245 ita
425 3181 505 3245 erit
527 3180 728 3245 aduentus
752 3179 839 3245 filii
861 3178 1047 3244 hominis.
1094 3177 1198 3244 ethoc

43 3283 181 3367 quidem
216 3285 259 3350 ita
291 3285 323 3349 in
357 3285 490 3362 domino,
527 3286 578 3368 qui
613 3304 674 3349 non
704 3284 735 3348 in
766 3283 850 3361 locis,
881 3290 913 3348 ut
943 3282 1121 3364 corporatio,
1145 3284 1201 3349 sed

96 3476 204 3531 aaut.
224 3474 257 3542 r,
276 3478 300 3530 e.
338 3479 371 3531 ro
389 3476 432 3530 n..
452 3474 608 3542 ruvini.
645 3477 678 3529 rs
697 3476 709 3528 1
729 3475 873 3540 cor.1o,1
893 3492 933 3543 tq.
980 3476 1012 3528 rr
1030 3476 1043 3528 1
1063 3475 1123 3528 cor.
1143 3476 1203 3541 oe

43 3555 89 3616 so
105 3562 191 3617 nm.
209 3562 243 3629 x,
261 3564 304 3616 44.
339 3564 373 3616 as
392 3561 491 3617 natta.
510 3562 608 3630 xxm,
626 3565 667 3617 27.

94 3736 188 3790 auita
208 3735 248 3789 Ge
272 3736 358 3790 uitam
383 3733 447 3788 PTt
500 3737 611 3804 bprius
642 3737 666 3788 G
693 3736 782 3804 (prius
804 3756 833 3778 =
854 3735 946 3803 potius
973 3736 1015 3788 nel
1043 3734 1134 3788 carius
1163 3736 1198 3803 cf.

56 3823 132 3876 ⁴tcud.
146 3841 177 3895 p,
194 3821 249 3889 35)
268 3823 359 3877 carius
380 3823 457 3875 PTE
508 3823 596 3876 dista
617 3822 641 3874 G
659 3822 699 3876 ita
718 3823 796 3875 VI'E
847 3822 1020 3891 7praecipit
1041 3825 1065 3873 G
1121 3822 1199 3876 sin·

58 3905 217 3965 foecundam
245 3910 270 3961 Τ
331 3909 428 3978 inquid
458 3909 483 3961 G
545 3909 663 3963 nubibus
697 3910 748 3962 GP
776 3909 895 3963 nubibus
926 3909 994 3962 meis
1024 3909 1048 3960 T
1111 3912 1143 3964 tt
1170 3909 1200 3962 iu

57 3996 220 4067 mayor-:P
244 3997 275 4051 in
300 4013 395 4065 moyse
423 3997 448 4049 T
473 3996 502 4049 in
529 4013 603 4050 mose
622 4014 640 4046 α
668 3997 703 4065 cs.
731 3998 852 4049 Sabaticr
879 3996 933 4062 ΙΙΙ,
963 3994 1019 4049 691
1076 3998 1109 4049 14
1127 3996 1199 4050 nub&

54 4083 120 4139 banc
138 4085 166 4138 P
217 4083 345 4138 doctrine
372 4082 524 4152 apostolica
550 4101 580 4135 en
606 4082 733 4136 doctrina
757 4082 910 4150 apostolica
928 4083 955 4134 P
1009 4084 1042 4136 ta
1061 4083 1100 4135 sic
1119 4098 1200 4140 auor·

54 4171 121 4226 tiuos
140 4172 169 4226 P
237 4172 271 4225 al
298 4170 389 4224 uoluit
418 4170 443 4222 T
510 4171 545 4223 28
571 4175 602 4222 ut
630 4169 785 4237 corporalia
811 4170 992 4223 cantamen.
1022 4171 1047 4222 iu
1077 4172 1139 4222 adu.
1167 4182 1199 4224 ut

48 4259 190 4328 corporali
210 4259 236 4311 G
254 4263 286 4312 ut
304 4256 456 4327 corporalis
476 4255 526 4308 PT
543 4257 734 4324 corporalibus
753 4274 774 4309 e.
