2790 4844
341 281 522 329 tractatus
542 275 576 329 in
598 275 772 344 psalmum
791 275 910 330 CXVIII.
1135 276 1197 343 505

51 463 180 530 hobraeo
214 465 246 529 in
281 464 416 549 graecum
451 464 608 530 translatae
645 471 725 542 sunt,
763 466 882 530 muneri
919 465 1014 531 fuisse
1052 465 1196 531 delatum.

53 570 190 634 eontinet
215 573 317 634 autem
334 569 446 651 ipsein
463 590 496 635 se
513 567 595 634 solus
612 577 786 635 ceterarum
802 588 997 652 gemmarum
1014 571 1197 650 optimarum

52 674 408 758 pretiosissimarumque
442 675 579 755 speeiem
613 682 643 738 et
676 675 708 738 iu
739 694 798 738 uno
828 672 879 737 illo
914 674 1197 740 diuersissimorum

53 778 193 843 colorum
224 778 386 858 permixtio
416 779 597 843 continetur.
642 797 735 858 super
764 777 847 842 hunc
876 777 971 862 igitur
1002 779 1138 857 topazion
1167 786 1197 843 et

54 900 148 963 super
172 902 282 947 aurum
305 884 452 947 mandata
486 883 535 947 dei
570 880 720 965 propheta
754 881 866 960 dilexit,
902 901 961 945 non
993 884 1123 947 terrenis
1154 902 1196 959 se,
1236 909 1249 947 a

54 988 108 1051 sed
133 987 308 1052 caelestibus
332 987 493 1052 desideriis
516 985 697 1070 significans
721 986 859 1051 detineri.

99 1091 150 1154 17.
175 1088 360 1174 Contempta
382 1097 486 1156 auteur
511 1090 703 1155 saeeularium
727 1110 819 1170 opum
843 1091 1010 1171 cupiditate
1032 1110 1197 1154 omuema

53 1212 83 1258 se
109 1195 307 1260 occasionem
331 1215 486 1275 peruersa
510 1203 539 1259 et
561 1214 667 1275 prauae
701 1193 867 1259 uoluntatis
900 1195 1017 1259 recidit.
1062 1194 1196 1278 diligens

51 1299 138 1362 enim
163 1318 255 1379 super
277 1319 386 1364 aurum
410 1307 441 1364 et
463 1299 604 1382 topazion
627 1299 772 1362 mandata
789 1299 839 1363 dei
856 1299 910 1362 ait:
934 1305 1100 1382 propter·
1123 1296 1196 1363 hoc

51 1402 101 1465 ad
125 1404 258 1467 omnia
281 1405 472 1468 mandata
494 1408 561 1467 tua
583 1404 976 1486 dirIgebar‚omnem
1000 1403 1102 1466 uiam
1126 1402 1195 1466 ini·
1224 1428 1248 1464 ro

44 1525 167 1587 quarn
203 1507 294 1571 odio
328 1506 460 1571 habui.
505 1527 567 1570 non
602 1507 783 1584 deflectitur,
817 1526 879 1571 non
916 1507 1112 1588 detorquetur
1141 1526 1196 1587 per

46 1616 191 1675 terrenas
215 1611 408 1691 cupiditates,
432 1614 487 1677 sed
511 1611 675 1675 adomnia
699 1611 749 1675 dei
773 1612 918 1675 mandato
942 1611 1100 1694 dirigitur:
1136 1630 1196 1675 non

40 1724 206 1795 occupant
221 1715 320 1779 obuia.
365 1713 442 1779 uidit
459 1734 576 1787 aurum,
601 1715 690 1779 sciuit
706 1714 764 1778 hoc
781 1726 870 1779 terrae
886 1734 954 1779 esse
971 1714 1096 1792 limum;
1118 1715 1197 1778 uidit

34 1833 203 1898 gemmas,
235 1818 375 1884 meminit
406 1839 474 1884 esse
504 1828 554 1882 aut
585 1819 733 1883 montium
756 1825 809 1882 aut
831 1820 926 1883 maris
948 1817 1096 1896 caleulum
1118 1819 1197 1884 uidit

30 1915 176 1986 inlicem
200 1923 240 1987 ad
263 1922 421 1987 lasciuiam
443 1921 567 2000 uultum,
591 1923 648 1987 seit
674 1929 833 2006 tamquam
855 1923 965 1988 auibus
988 1922 1055 1988 cauli
1079 1943 1116 1987 er
1145 1922 1195 1988 hle
1224 1944 1249 1983 u

26 2018 76 2078 si
84 2018 114 2084 bi
144 2026 263 2111 laqueis
285 2027 489 2091 euadendum.
536 2028 649 2092 resistit
672 2047 747 2110 ergo
770 2025 888 2091 coalitis
911 2027 970 2092 sibi
993 2037 1110 2092 naturae
1133 2047 1195 2092 suae

22 2119 135 2195 uitiis
159 2139 191 2196 et
213 2150 338 2196 omnem
369 2131 450 2195 uiam
474 2132 645 2216 iniquitatis
668 2132 740 2195 odit.
785 2131 854 2194 ideo
878 2132 979 2215 itaque
1002 2137 1032 2196 et
1054 2131 1085 2194 in
1108 2151 1195 2195 man-

17 2218 133 2297 datis
155 2234 300 2300 omnibus
323 2235 474 2319 dirigitur,
498 2236 572 2318 quia
595 2256 630 2300 ea
653 2256 747 2316 super
770 2243 891 2300 terrena
907 2235 1062 2300 desideria
1078 2234 1194 2319 diligit:

11 2325 63 2381 et
97 2334 260 2422 dirigitur,
294 2359 332 2404 ne
367 2359 471 2404 eorum
506 2340 660 2421 particeps
694 2339 756 2415 liat,
792 2339 903 2423 quibus
926 2340 1052 2404 dicitur:
1083 2339 1195 2404 natio

10 2435 110 2498 l'ra
126 2464 175 2508 ua
199 2450 237 2508 et
259 2463 462 2522 peruersa.
508 2450 538 2508 et
561 2463 685 2508 omnem
709 2444 792 2508 uiam
815 2444 984 2526 iniquitatis
1004 2444 1076 2520 odit,
1099 2450 1132 2507 ut
1155 2444 1195 2508 sit
1223 2464 1247 2500 πο

12 2537 45 2585 ¹¹
85 2560 149 2626 eo,
175 2548 227 2630 qui
251 2548 379 2624 estole,
411 2549 535 2612 domino
565 2547 683 2613 scilicet
713 2554 824 2624 nostro,
855 2547 907 2630 qui
938 2555 984 2611 est
1014 2548 1194 2612 benedictus

12 2639 43 2688 ¹¹
83 2652 218 2719 saeclo
242 2651 433 2716 saeculorum.
479 2671 579 2716 amen.

58 2875 571 2959 Mirabiliatestimonia
595 2901 668 2970 tua,
693 2895 851 2958 domine
875 2894 1053 2977 etreliqua.

64 2986 115 3056 l.
147 2997 269 3063 Natura
291 2996 418 3062 humani
442 3017 552 3062 sensus
576 3019 614 3062 ea
636 3005 692 3073 est,
714 3006 748 3062 ut
764 3018 799 3062 ea
815 2999 969 3063 mirabilia
988 2996 1109 3076 habeat,
1128 3017 1194 3082 quae
1222 3019 1247 3055 aa

10 3087 116 3159 ante
167 3102 349 3183 conpererit.
412 3121 448 3166 er
485 3102 639 3182 conpertis
682 3102 764 3167 enim
802 3102 946 3167 iudicium
984 3103 1195 3167 admirationis

74 3213 128 3272 19
148 3225 216 3279 Luc.
236 3224 281 3291 1x‚
299 3227 341 3278 41.

81 3301 235 3366 lhebreo
252 3311 587 3382 l'haebraeoRebraeop
634 3328 746 3381 grecum
763 3312 788 3365 l'
831 3313 1028 3383 munereRpE
1077 3315 1196 3381 4super

61 3393 127 3444 ΜΟ
157 3417 187 3451 eo
217 3415 300 3466 snper
328 3415 426 3452 aurum
456 3398 531 3452 hunc
560 3417 592 3450 nr.
614 3397 634 3450 2
666 3399 690 3452 V
746 3399 921 3480 icotinenta
945 3400 969 3452 V
1013 3399 1196 3453 saecularium

51 3476 152 3554 lter-um
170 3502 196 3555 R
249 3501 430 3571 cupiditatem
456 3504 478 3555 V
529 3503 603 3557 tait
630 3501 730 3556 dehinc
754 3522 774 3572 p
801 3503 840 3555 ait
867 3496 913 3556 eni
940 3505 963 3556 C
986 3501 1085 3556 dehinc
1113 3503 1152 3556 ait
1171 3503 1199 3554 E

64 3571 92 3627 ll
107 3595 243 3658 occupant
261 3592 321 3642 odd.
340 3589 445 3643 m.2V
495 3589 577 3644 obniti
595 3589 620 3642 V
635 3589 716 3643 obuia
735 3609 765 3642 ez
783 3590 919 3660 obleuiap
973 3591 1070 3644 limum
1081 3590 1198 3659 essepE

72 3664 98 3718 ll
113 3680 170 3729 anto
188 3676 336 3729 montillV
387 3677 419 3729 15
437 3676 542 3729 illicem
552 3677 602 3746 pE
654 3677 792 3730 truttam
812 3677 837 3729 V
887 3676 1056 3730 amandatis
1069 3676 1195 3730 omnibus

79 3753 93 3804 l'
112 3759 139 3813 ud
164 3762 294 3815 mandata
320 3763 413 3816 omnia
439 3764 487 3832 pE
539 3765 572 3817 18
591 3762 638 3830 qui
665 3779 697 3816 ea
729 3764 754 3816 V
804 3768 915 3817 terrena
938 3781 968 3816 ea
994 3779 1062 3816 rena
1080 3781 1112 3816 m.
1131 3761 1152 3815 2
1174 3763 1200 3816 V

77 3845 102 3900 19
115 3850 244 3918 particeps
263 3866 359 3903 eorum
378 3851 406 3901 Ε
421 3849 547 3918 Explicit
565 3850 660 3903 littera
678 3855 755 3903 sexta
773 3849 880 3903 decima
898 3849 997 3917 incipit
1019 3849 1113 3903 littera
1135 3866 1196 3918 sep·

75 3933 128 3989 tine
150 3935 256 3990 decima
281 3936 401 3990 feliciter
425 3937 450 3989 V
464 3937 541 3989 Finit
559 3937 585 3989 R
603 3935 678 3989 Finit
698 3936 752 3990 litt.
771 3936 834 3989 XVI
854 3936 936 4004 incip.
956 3935 997 3989 He
1019 3936 1059 3989 lit.
1078 3935 1156 3989 XVII
1176 3937 1198 3989 0

64 4074 112 4139 firi
128 4054 188 4128 lifts
206 4073 270 4128 XVI
288 4074 364 4143 incip
384 4054 434 4128 lita
452 4075 490 4129 Fe
510 4074 586 4128 XVII
601 4094 622 4145 p
675 4077 709 4127 23
728 4075 766 4128 Fe
786 4075 811 4127 R
864 4031 975 4129 25e⁸est
996 4093 1062 4128 corr.
1083 4093 1114 4128 nr.
1136 4076 1151 4127 l
1170 4077 1195 4128 R

62 4171 90 4226 ut
111 4177 142 4215 ea
158 4164 216 4215 mid.
236 4159 338 4214 m.2V
388 4160 632 4229 quamquem?
648 4162 672 4213 V
721 4164 755 4216 26
769 4163 907 4230 cdpererit
919 4162 960 4225 (re
973 4182 1044 4233 sript.
1054 4162 1197 4230 coaddit

54 4261 86 4317 et
101 4249 239 4316 conpertis
262 4248 291 4301 V.
