2790 4844
315 279 496 326 tractatus
515 273 549 325 in
568 273 739 354 psalmum
759 273 929 326 CXXXVIII.
1128 271 1191 337 749

78 465 128 528 ius
153 471 252 557 ‘antea
283 463 427 527 manebat
460 463 492 526 in
527 462 635 527 forma.
682 465 738 527 sed
771 462 839 527 haeo
873 461 1027 542 apostolus
1057 464 1120 527 iam
1151 465 1191 528 de

78 568 192 633 rl'ectis
214 566 332 632 locutus
356 576 418 632 est:
442 570 720 632 demonstrandum
743 578 848 631 autem
877 567 909 631 in
940 567 1110 650 euangeliis
1134 576 1190 646 est,

80 672 90 734 i
118 679 151 737 et
174 673 320 754 probatus
343 678 374 736 et
396 672 538 753 cognitus
562 679 616 735 est.

85 777 117 840 6.
142 776 309 858 Humilitas
336 776 440 858 itaque
475 776 540 840 eius
570 776 711 856 probatio
742 786 797 840 est.
843 776 1021 859 unIgenitus
1055 795 1190 860 namque

78 900 132 957 ens
155 888 351 963 peccatorum
374 880 529 957 remissor,
564 880 673 944 aeterni
695 881 786 963 regni
810 880 951 944 dominus
982 880 1131 961 baptizari
1155 899 1189 944 se
1231 906 1243 943 s

78 1003 205 1067 mquam
228 992 423 1064 peccatorem
447 984 591 1064 exposcit.
638 983 776 1048 officium
809 985 892 1048 istud
925 984 1060 1064 baptista
1089 986 1191 1049 renuit

78 1108 217 1171 gnoscens
252 1109 332 1165 eum,
357 1088 407 1171 qui
444 1088 505 1152 sibi
540 1088 639 1167 potins
670 1094 798 1170 peccata
828 1089 966 1153 donaret.
1012 1087 1189 1154 illeautem

78 1193 179 1272 recepti
209 1193 241 1257 in
272 1211 305 1256 se
335 1191 471 1255 hominis
504 1192 654 1256 iustitiam
689 1192 783 1256 etiam
817 1200 1009 1256 sacramento
1044 1193 1190 1274 baptismi

78 1295 193 1375 rpleuit:
217 1296 335 1376 peccati
357 1296 463 1371 nostri,
486 1296 605 1375 peccati
629 1296 695 1376 ipse
719 1296 850 1372 nescius,
874 1296 1029 1377 particeps
1045 1296 1112 1360 fieri
1128 1318 1189 1361 non

78 1407 170 1464 ecusat
192 1409 222 1465 et
244 1420 369 1464 omnem
392 1401 423 1463 in
448 1419 481 1464 se
504 1399 710 1465 humilitatem
734 1401 858 1465 caducae
888 1401 989 1464 carnis
1020 1403 1189 1466 adsumens
1218 1424 1241 1460 ιο

78 1505 211 1569 ordonem
246 1505 343 1568 turbis
376 1511 574 1584 peccatorum
610 1505 722 1568 mistus
756 1505 936 1587 ingreditur.
982 1505 1128 1584 probatur
1158 1505 1190 1568 in

78 1605 121 1670 rtis
140 1609 288 1683 omnibus
313 1609 387 1671 dum
408 1615 572 1691 geruntur3
596 1608 651 1672 sed
673 1609 844 1685 uideamus,
869 1628 907 1671 an
930 1609 1076 1688 probatus
1092 1627 1190 1691 agno-

78 1709 149 1775 eitnr.
176 1713 218 1776 ait
233 1713 316 1776 enim
330 1712 537 1795 euangelista:
562 1718 599 1776 et
622 1713 829 1792 baptizato
853 1711 945 1776 lesu
968 1712 1190 1777 confestim

78 1817 238 1881 ‚scandit
261 1818 307 1881 de
330 1836 440 1900 aqua.
486 1817 891 1897 etecceapertisunt
914 1816 999 1881 caeli
1023 1827 1061 1881 et
1083 1817 1190 1881 uidit

78 1918 239 1994 quiritum
271 1922 334 1985 dei
365 1922 686 1986 descendentem
717 1921 762 1985 de
785 1919 891 1998 caelo,
916 1921 1023 1986 sicut
1046 1921 1189 1985 colum·
1218 1943 1241 1978 n

78 2033 137 2086 tam
169 2025 401 2090 uenientem
440 2025 479 2089 in
517 2026 656 2106 ipsum,
695 2031 733 2089 et
771 2045 866 2089 ecoe
904 2046 976 2089 uox
1014 2027 1060 2090 de
1094 2025 1189 2090 caelo

78 2119 189 2194 licens
223 2131 270 2193 ad
300 2149 399 2194 eum:
439 2128 503 2193 hic
538 2138 598 2193 est
632 2127 749 2193 silius
783 2149 893 2193 meus
928 2130 1116 2207 dilectus,
1151 2130 1190 2193 in

78 2241 128 2305 {no
153 2233 377 2314 oonplacui.
421 2234 632 2314 probationem
665 2254 736 2297 mox
766 2239 932 2299 consecuta
962 2234 1096 2316 cognitio
1125 2239 1189 2298 est:

78 2333 94 2390 tl
111 2354 189 2417 quem
213 2336 371 2402 humilitas
393 2337 586 2418 probabilem
612 2338 735 2415 fecerat,
759 2337 842 2401 hunc
858 2344 987 2418 paterna
1009 2358 1068 2401 uox
1089 2335 1189 2401 filium

78 2439 251 2518 uuplaeuum
274 2442 342 2520 sibi,
364 2447 530 2525 postquam
553 2442 703 2522 probauit,
727 2442 871 2506 ostendit.
917 2450 964 2506 est
987 2448 1017 2506 et
1039 2441 1188 2522 probatio,
1217 2459 1241 2495 2⁰

78 2553 142 2615 luam
160 2547 262 2611 statim
286 2552 453 2610 consecuta
469 2546 602 2629 cognitio
619 2552 675 2610 est.
720 2546 751 2609 in
768 2548 888 2611 deserto
904 2547 978 2629 agit,
995 2545 1190 2625 temptationi

78 2636 160 2714 tatoli
181 2650 331 2715 subicitur
364 2669 496 2733 seseque
529 2670 611 2715 nunc
641 2650 673 2713 in
696 2649 857 2734 fastigium
891 2649 1007 2730 templi,
1042 2669 1123 2713 nnnc
1158 2649 1189 2713 in

78 2750 202 2818 loelsum
224 2760 362 2819 montem
385 2754 499 2834 patitur
523 2753 632 2818 efferri.
679 2752 871 2818 contumeliae
887 2754 991 2836 itaque
1015 2774 1048 2818 se
1070 2752 1190 2817 iniuriae

78 2862 118 2918 lm
136 2859 238 2942 grauis
262 2858 388 2936 dedidit,
412 2859 485 2922 dum
507 2858 539 2923 in
564 2859 685 2923 deserto
708 2864 764 2933 est,
789 2858 861 2921 dum
887 2857 1065 2922 condicione
1089 2865 1189 2937 temp·

78 2959 170 3026 monis
192 2961 348 3039 inluditur,
372 2963 446 3026 dum
469 2962 584 3026 eleuari
603 2968 703 3046 potest
718 2964 750 3027 In
767 2961 916 3041 templum
932 2967 1024 3044 atque
1041 2969 1188 3026 montem.
1215 2976 1240 3014 2⁶

78 3061 110 3126 ed
137 3067 370 3148 temptationum
405 3066 619 3148 probationem
653 3066 849 3150 agnoscentis
884 3067 1094 3130 testimonium
1126 3085 1188 3129 non

78 3161 175 3252 eliquit.
220 3170 546 3251 aitenimscriptura:
570 3176 665 3235 tunc
688 3169 862 3252 reliquit
884 3189 967 3233 enm
991 3169 1189 3245 diabolus,

79 3271 197 3339 tocco
220 3265 359 3358 angeli
382 3274 677 3339 ministrabant
700 3275 743 3338 ei.
789 3273 882 3337 homo
898 3280 1074 3354 temptatur,
1095 3272 1190 3337 homo

78 3370 268 3454 'rcumfertun
299 3379 355 3443 sed
378 3385 449 3459 post
470 3378 539 3444 lraec
555 3378 657 3462 angeli
674 3378 858 3442 ministrant.
905 3398 960 3457 per
975 3378 1188 3458 probationem

97 3518 124 3571 re
140 3518 237 3572 naath.
256 3519 304 3585 111,
324 3520 356 3571 ro
375 3537 415 3586 sq.
451 3521 485 3571 er
504 3519 603 3572 natan.
622 3518 669 3584 rv,
692 3520 731 3570 11.

93 3638 150 3692 nin
173 3639 326 3709 euangeliis
347 3640 423 3692 GPT
449 3640 477 3692 in
506 3640 651 3707 euangelio
671 3640 696 3692 R
750 3640 900 3711 'Idonarct
919 3639 958 3691 Re
975 3638 1104 3691 donasset
1124 3639 1175 3690 PT
1175 3640 1189 3691 b

85 3725 199 3794 expleuit
216 3745 247 3779 ex
265 3726 390 3795 explebit
407 3726 434 3778 P
485 3727 593 3794 peccati
612 3727 666 3778 RT
684 3731 712 3778 et
730 3725 838 3794 peccati
857 3725 883 3777 P
935 3728 968 3778 16
986 3741 1041 3778 uox
1060 3725 1093 3778 de
1112 3725 1189 3778 caelo

78 3805 139 3866 icens
165 3814 201 3867 ed
228 3830 292 3866 eum
313 3813 338 3865 G
364 3829 419 3866 uox
447 3813 541 3866 dicens
569 3815 604 3867 ad
631 3831 694 3867 eum
719 3814 745 3865 R
772 3829 826 3865 uox
853 3812 888 3865 de
915 3812 990 3865 caelo
1018 3811 1113 3865 diceus
1140 3812 1191 3865 Pr

78 3900 225 3968 lprobeuit
243 3919 273 3953 ez
291 3900 420 3968 probabit
440 3900 465 3951 P
515 3902 551 3952 24
568 3900 676 3953 dedidit
694 3898 731 3952 12¹
753 3899 830 3952 dedit
848 3895 967 3952 R’PTE
1017 3901 1051 3951 26
1069 3903 1189 3967 tempta·

78 4002 152 4041 onum
169 4006 201 4041 ea
217 3987 431 4055 temptationem
459 4005 526 4040 corr.
545 4006 577 4038 m.
598 3987 613 4038 1
632 3988 658 4039 R
684 3986 868 4054 temptionum
888 3987 913 4038 P
963 3993 1146 4055 agnoscentes
1165 3987 1191 4039 P

78 4077 163 4129 'tunc
183 4075 208 4127 R
225 4072 257 4128 tr‘u
278 4074 327 4126 PT
378 4073 498 4142 reliquid
517 4072 580 4127 ΒΡι
633 4074 668 4125 28
686 4073 881 4126 ministrabant
900 4073 978 4125 ΡΤΕ
993 4073 1189 4126 ministrentR

78 4175 80 4200 ³
96 4162 258 4215 ministrant-
267 4162 348 4214 RTE
354 4161 552 4215 ministrabant
563 4161 588 4212 P
638 4178 688 4228 per
706 4160 868 4229 probatione
887 4179 917 4213 ee:
935 4177 985 4228 per
996 4160 1189 4227 probationem

78 4252 105 4316 a)
126 4249 161 4303 rr.
