2790 4844
373 250 553 299 tractatus
578 247 612 298 in
637 247 807 315 psalmum
828 245 920 299 CXIX.
1159 243 1221 309 553

78 455 209 519 seseque
232 434 389 501 hominem
414 435 575 520 intellegat
597 438 656 501 deo
679 436 801 511 debere,
819 437 899 520 quod
922 442 1012 501 uatus
1036 435 1082 512 eit,
1107 442 1221 519 quanto

78 541 226 605 loctrina
257 541 307 605 dei
338 539 399 605 talo
422 541 611 606 couscientia
642 541 706 604 eius
740 559 888 623 errorque
921 540 1055 616 ferietur,
1086 561 1156 606 eum
1187 561 1221 605 ee

79 646 140 728 gni
165 644 402 729 inextinguibili,
438 655 613 728 separatum
648 650 683 708 ut
717 643 821 725 paleas
852 645 951 709 tritico
982 658 1012 709 et
1046 643 1219 710 desolatum

78 768 225 812 >onerum
250 748 405 814 fruetuum
430 748 592 822 consortio,
617 758 784 832 eognoscat
813 748 989 813 urendum?
1033 749 1119 813 ouius
1150 750 1220 815 doo-

78 853 165 916 rinae
189 873 245 933 per
268 851 422 933 apostolos
438 851 613 916 reuelandae
636 853 667 916 iu
684 850 805 936 psalmo
821 851 915 915 altero
932 852 1073 917 meminit
1096 853 1218 918 dloens:
1259 877 1272 916 a

78 957 241 1041 sagittae
265 956 525 1037 paruulorum
549 956 667 1021 saetae
691 962 784 1019 sunt
813 953 942 1039 plaga
974 975 1116 1020 eorum.
1161 955 1220 1021 has

78 1070 217 1124 ootemes
251 1062 391 1144 sagittas,
425 1060 482 1125 hos
517 1062 666 1126 carbones
702 1060 901 1126 desolationis
934 1060 1000 1124 dari
1036 1060 1095 1124 sibi
1119 1059 1219 1126 fidelis

78 1165 206 1247 puisque
237 1171 303 1229 orat
333 1167 424 1230 etad
459 1163 597 1249 linguam
629 1163 767 1229 dolosam
798 1170 940 1248 expectat
969 1165 1082 1244 adponi
1113 1185 1218 1230 emen·

78 1268 187 1332 landis
211 1267 269 1341 his,
293 1270 344 1352 qui
368 1269 523 1341 tribulant,
546 1268 595 1334 uel
619 1269 766 1334 doetrinae
789 1269 850 1334 telo
873 1269 921 1334 uel
947 1277 1029 1334 motu
1051 1288 1160 1349 poeneo.

118 1373 169 1437 13.
194 1374 256 1438 Sed
280 1387 310 1439 et
333 1376 442 1439 beatus
473 1373 528 1438 lob
558 1374 678 1438 hostem
714 1394 812 1444 suum,
847 1394 908 1457 quo
943 1373 1079 1438 confixus
1114 1376 1218 1449 luerat,
1247 1398 1271 1434 ιο

83 1496 221 1559 gaurana
246 1479 399 1543 eruciatus
423 1478 558 1559 corporis
582 1479 628 1543 sui
659 1486 689 1544 et
712 1477 833 1542 dolores
857 1478 986 1562 sagittas
1009 1478 1126 1542 domini
1150 1496 1219 1542 esse

78 1579 151 1644 lixit
185 1582 307 1647 diceus:
343 1583 505 1666 sagitta
539 1584 645 1647 enim
680 1582 831 1648 domiui
862 1584 899 1646 in
931 1601 1099 1663 corpore
1133 1600 1218 1646 nreo

78 1692 173 1753 suut.
198 1706 367 1769 quarum
400 1687 637 1771 indignatio
661 1686 793 1750 ebibit
817 1687 1058 1770 sauguinem
1082 1706 1217 1750 meum.

78 1799 109 1849 at
130 1789 206 1853 l'orte
228 1788 287 1854 has
311 1810 434 1874 quoque
458 1790 613 1855 ultricium
637 1810 799 1870 pennarum
822 1790 952 1874 sagittas
968 1792 1118 1854 aduersus
1138 1789 1219 1855 labia

77 1889 178 1974 iniqua
201 1900 232 1958 et
255 1893 395 1977 linguam
420 1893 560 1960 dolosam
584 1895 760 1975 imprecetur
782 1895 941 1975 propheta
964 1895 1077 1978 quibus
1097 1893 1217 1960 confixa
1244 1917 1269 1953 a

78 2010 145 2058 oum
168 1997 274 2078 lingua
298 1998 407 2064 dolosa
430 1997 573 2063 uniuersa
592 1997 676 2063 labia
699 2004 890 2079 perurantur.

122 2098 167 2164 ll.
191 2100 388 2185 Quamquam
412 2102 474 2166 sint
498 2101 608 2182 plures,
633 2102 685 2185 qui
709 2101 888 2181 spiritaliter
911 2108 1054 2182 suscepta
1076 2123 1094 2166 a
1116 2102 1216 2167 fideli-

78 2195 132 2264 bus
153 2202 287 2270 eoelestis
318 2206 465 2270 doetrinae
499 2218 655 2287 praeopto
688 2207 819 2288 sagittas
854 2205 950 2269 uelint
983 2205 1151 2270 existimari
1186 2213 1217 2271 et

78 2303 222 2373 &arbones
257 2309 482 2376 desolationum
516 2318 714 2390 peccatorum
749 2311 1009 2385 emundationem,
1047 2318 1141 2394 atquo
1174 2311 1217 2375 ita

78 2409 287 2492 ratmundum
311 2421 421 2492 putent
444 2414 595 2479 carbones
619 2413 828 2491 desolationis,
852 2415 924 2498 quia
955 2415 1099 2479 dominus
1123 2415 1215 2479 dixit:
1244 2434 1268 2471 20

80 2519 575 2585 guenilonimittaroin
600 2516 1056 2601 terram;etquiduolo,
1081 2518 1214 2583 eiiam

78 2627 270 2686 ¹cevensus
306 2622 388 2687 est?
433 2642 494 2687 nou
530 2631 578 2687 est
611 2632 715 2688 autem
748 2621 885 2701 dubium,
916 2629 1112 2703 peecatorum
1143 2643 1214 2687 eum

79 2705 257 2790 blotionem
281 2733 312 2789 et
327 2726 542 2790 remissionem
559 2726 714 2799 attulisse
739 2746 830 2810 quem
847 2726 953 2809 ignem
969 2727 1031 2790 iam
1047 2745 1215 2791 accensum

78 2828 139 2887 Sse
163 2830 283 2903 dixerit,
307 2830 379 2912 qaia
402 2851 457 2910 per
480 2851 552 2895 eum
585 2831 732 2894 uitiorum
763 2830 900 2894 omnium
931 2829 985 2893 fint-
1015 2831 1214 2915 sordiumque

78 2933 223 3035 jugatio.
268 2934 508 2997 accommodant
541 2940 644 2999 autern
667 2934 706 2997 ad
729 2933 789 2999 hoe
811 2932 897 3008 illud,
927 2936 1011 3017 quod
1035 2934 1152 2999 dianam
1174 2935 1214 2998 ad
1241 2953 1265 2989 aa

78 3034 195 3101 'asaiam
218 3044 274 3113 est
297 3057 368 3102 eum
392 3058 447 3118 per
470 3037 620 3118 forcipem
648 3039 781 3103 carbone
804 3037 1017 3118 conprehensa
1044 3036 1126 3102 labia
1148 3037 1213 3103 eius

78 3142 320 3206 nereensem:
357 3162 450 3207 ecee
484 3141 640 3207 abstuli
670 3142 905 3207 iniustitias
936 3148 1024 3207 tuas
1058 3148 1095 3207 et
1129 3163 1213 3223 pee-

79 3248 163 3308 ‘tla
184 3256 249 3309 tua
271 3247 455 3329 purgaui.

119 3411 191 3472 ssPa
209 3420 307 3487 LXIII,
325 3423 351 3474 8.
389 3423 420 3473 12
439 3421 496 3475 Iob.
514 3421 560 3488 VI,
578 3423 603 3474 4.
640 3423 669 3474 21
693 3422 758 3474 Luc.
778 3423 838 3486 xll,
856 3424 898 3474 49.
934 3424 969 3475 27
987 3421 1060 3475 Esai.
1079 3422 1124 3487 VI,
1143 3426 1167 3476 7.

125 3550 139 3602 2
161 3557 301 3613 (leoninae
325 3558 371 3613 dei
397 3559 454 3613 telo
474 3561 529 3613 ΗΕ
544 3577 623 3611 *aaa*
642 3577 693 3613 nae
712 3553 742 3614 di
768 3560 830 3615 loeo
849 3560 882 3626 ll]
904 3562 929 3611 G
946 3561 1089 3615 doctrinae
1113 3561 1170 3615 telo
1190 3562 1215 3613 T

95 3630 200 3698 ltutieo
218 3647 245 3699 R
262 3663 279 3699 a
295 3646 392 3700 tritico
406 3647 460 3698 ΤΕ
510 3647 600 3701 9telo
615 3648 666 3698 TE
683 3647 741 3701 zelo
758 3648 784 3699 R
837 3649 870 3701 10
888 3647 1020 3700 ostomR
1074 3650 1107 3702 13
1125 3648 1213 3702 ebibit

99 3718 136 3772 tt
154 3731 237 3786 onan
255 3730 289 3800 (a)
311 3733 337 3786 o
391 3735 425 3786 14
441 3734 574 3787 exuemus
595 3735 650 3786 aa
666 3734 784 3787 aduersa
803 3734 855 3786 ar
908 3735 939 3787 ra
958 3734 1135 3803 inpraeeetur
1160 3735 1213 3787 aa

96 3811 120 3865 le
133 3811 194 3871 labia
211 3825 381 3888 perurantur
401 3820 465 3872 GRe
483 3820 556 3874 labia
574 3821 669 3888 iniqua
688 3825 855 3888 perurantur
869 3821 907 3872 Τὸ
925 3820 1000 3874 labia
1017 3820 1112 3875 dolosa
1129 3838 1212 3890 peru-

88 3955 152 4008 rilur
166 3977 184 4007 a
239 3962 271 4013 19
289 3958 489 4013 desolationum
510 3963 549 4012 (ιέ
567 3960 753 4014 desolatorum
769 3961 793 4013 R
811 3960 988 4014 desolationis
1008 3961 1047 4012 To
1100 3917 1212 4015 erriuda·

81 4042 173 4101 ίὶῡπεω
191 4047 216 4096 G
270 4045 360 4114 adque
380 4047 433 4099 (ill
484 4049 519 4101 20
537 4046 609 4100 dixit
629 4049 654 4096 G
681 4047 784 4101 dixerit
802 4048 883 4100 R'l'a'
932 4049 967 4101 23
984 4047 1165 4102 abluitionem
1187 4052 1212 4101 G

78 4147 152 4202 qaam
172 4132 196 4184 G
214 4138 249 4186 cd
273 4133 299 4186 n
324 4149 406 4200 quam
435 4133 473 4186 Tb
500 4133 529 4186 in
556 4150 641 4202 quae
694 4135 728 4187 at
746 4151 796 4203 per
823 4151 883 4187 eum
914 4135 968 4187 RE
983 4151 1030 4184 *a*
1049 4151 1112 4188 cum
1132 4134 1165 4201 (?)
1186 4138 1211 4187 G

78 4234 195 4291 peream
214 4220 240 4272 Τ
291 4221 326 4273 25
345 4219 415 4272 illud
434 4220 513 4272 RTE
529 4221 558 4273 id
576 4220 611 4273 ad
629 4219 662 4283 (?l
683 4221 716 4273 G.
