2790 4844
142 228 204 293 170
481 231 599 283 sancti
624 230 755 283 Hilarii
781 230 941 298 episcopi

141 425 272 483 terrenae
296 418 479 484 humilitatis
503 418 724 496 infirmitatem,
749 419 820 483 dum
844 416 924 482 hanc
939 418 1037 500 ipsam
1055 416 1142 500 quasi
1158 407 1284 499 spelun-

141 542 208 587 cam
232 521 397 588 habitaculi
432 529 463 587 et
496 524 631 606 corporis
655 522 700 587 sui
724 522 834 599 Dauid,
869 542 929 606 qua
962 542 1044 586 nunc
1074 528 1121 586 est
1150 519 1283 597 clausus,

141 626 252 691 euadit.

184 730 212 794 4.
236 730 298 795 Sed
321 749 449 811 sperans
473 729 531 794 sub
555 730 665 795 umbra
687 729 803 794 alamm
822 729 871 794 dei
887 728 987 796 officio
1004 729 1068 812 spei
1085 749 1285 811 suaesemper

102 835 277 899 sintentus
311 841 359 899 est
403 834 525 898 dicens:
565 834 748 899 clamabo
786 835 832 898 sd
872 835 983 898 deum
1023 834 1283 910 altissimum,

141 938 262 1016 deum,
286 937 351 1022 qui
376 938 584 1003 benefecit
614 936 721 1002 mihi.
767 937 1282 1020 clamatfidspotiusquamuoce.

140 1043 191 1126 qui
215 1042 337 1127 fugiens
360 1050 390 1107 et
411 1041 509 1107 latens
533 1042 653 1107 clamat.
699 1063 789 1125 porro
812 1049 912 1106 autern
938 1062 999 1105 non
1023 1051 1069 1106 est
1091 1043 1120 1106 in
1139 1062 1283 1107 sermone

141 1147 293 1231 sperantis
316 1145 481 1229 gratulatio
504 1149 699 1227 adeptorum
723 1147 778 1212 sed
802 1145 990 1227 prophetice
1004 1147 1140 1211 scientie
1156 1166 1193 1211 ae
1209 1146 1283 1212 fidei

141 1264 194 1325 est,
228 1251 377 1334 gerendis
407 1270 469 1314 non
493 1250 581 1315 aliter
603 1253 740 1334 gaudere
774 1270 867 1334 quarn
902 1251 999 1335 gestis
1030 1258 1060 1315 et
1093 1251 1208 1316 idcirco
1243 1252 1282 1314 ad

90 1382 114 1417 ιο
142 1375 221 1428 eum,
246 1355 296 1437 qui
321 1355 378 1418 sub
400 1352 611 1419 indemutabili
636 1355 851 1419 constitutione
876 1354 1018 1419 bonitatis
1034 1355 1096 1418 iam
1112 1355 1170 1419 sibi
1188 1354 1282 1420 bene·

141 1459 255 1535 fecerit
279 1458 405 1536 clamat;
429 1465 460 1522 et
480 1466 630 1542 quatenus
646 1458 833 1523 benefecerit
849 1459 1000 1530 dominus,
1024 1459 1283 1541 consequentibus

142 1565 230 1628 docet
253 1563 375 1629 dicens:
411 1563 521 1627 misit
544 1564 590 1627 de
614 1562 707 1627 caelc
732 1575 768 1628 et
792 1563 988 1627 liberauit
1012 1583 1077 1638 me,
1105 1563 1220 1628 dedit
1244 1564 1281 1627 iu

141 1667 401 1748 obprobrium
426 1666 714 1732 conculcantes
738 1687 803 1732 me.
850 1667 965 1731 misit
996 1668 1092 1732 deus
1127 1667 1282 1732 miscri-

142 1773 321 1836 cordiam
344 1791 451 1835 suam
477 1778 513 1836 et
547 1773 762 1836 ueritatem
797 1791 912 1847 suam,
948 1772 1121 1835 animam
1157 1791 1282 1836 meam

91 1901 114 1934 n
141 1876 296 1957 eripuit
318 1876 364 1940 de
388 1877 516 1940 medic
540 1876 763 1940 catulorum
789 1875 962 1953 leonum;
998 1876 1173 1940 dormiui
1197 1896 1282 1941 con-

142 1981 336 2045 turbatus.
393 1981 520 2063 dignum
556 1981 620 2057 fuit,
659 1980 779 2044 etiamsi
819 1978 900 2044 nulla
938 1979 1104 2044 demutatio
1144 2000 1282 2061 persona

142 2091 223 2149 esset
244 2104 279 2148 ac
303 2092 420 2161 sensus,
445 2083 615 2165 diapsalma
645 2085 838 2162 interuenire,
869 2084 939 2169 quia
969 2085 1008 2147 ad
1039 2082 1282 2168 intellegentiam

142 2189 289 2253 dictorum
322 2207 432 2253 sensus
462 2202 544 2253 esset
578 2189 765 2253 credentium
802 2189 977 2272 erigendus.
1023 2188 1177 2253 benefecit
1207 2189 1283 2254 deus

142 2299 248 2358 sancto
273 2313 334 2369 suc,
359 2294 509 2358 mittendo
533 2294 571 2357 de
595 2293 679 2367 carlo,
703 2302 736 2357 ut
760 2292 886 2357 liberato
909 2313 945 2358 eo
968 2293 998 2356 in
1023 2292 1221 2375 obprobrium
1242 2293 1282 2367 hi,

89 2417 114 2455 aa
142 2397 192 2481 qui
217 2418 285 2462 curn
311 2397 538 2474 conculcabant,
571 2400 724 2462 darentur.
771 2404 801 2462 et
823 2397 907 2461 misit·
930 2398 1171 2462 misericordiam
1195 2418 1281 2463 suam

141 2522 176 2566 ao
199 2503 356 2566 ueritatem
382 2503 420 2565 ad
445 2502 633 2585 eripiendam
658 2502 697 2566 de
720 2501 886 2566 catulorum
904 2501 1006 2565 medio
1022 2501 1156 2564 animam
1178 2501 1282 2582 ipsius,

142 2612 204 2670 tum
229 2627 299 2670 cum
323 2607 520 2671 conturbatus
543 2607 714 2671 dormisset.
760 2607 785 2669 si
809 2625 893 2669 mors
913 2605 1148 2690 significatoria
1166 2625 1284 2681 somno,

139 2709 189 2775 uel
212 2731 280 2774 cum
305 2712 491 2775 dormitums
505 2709 603 2775 Dauid
627 2711 859 2791 compatribus
883 2711 945 2774 suis
969 2717 1022 2787 est
1045 2709 1095 2774 uel
1117 2730 1187 2775 cum
1214 2711 1286 2774 dor·

141 2815 241 2879 miens
265 2815 399 2880 Lazarus
423 2815 601 2880 excitandus
636 2827 691 2887 est,
725 2814 774 2878 uel
808 2834 875 2879 cum
907 2814 1092 2878 centurionis
1115 2812 1198 2878 illius
1221 2835 1283 2878 non

89 2936 115 2974 rs
142 2927 188 2983 est
211 2926 329 2983 mortua
351 2919 452 3002 puella
475 2920 531 2984 sed
555 2919 675 2997 dormit,
693 2918 740 2982 uel
764 2938 831 2983 curn
857 2938 917 2995 ecs
938 2919 988 3002 qui
1006 2919 1206 2994 dormierunt,
1223 2938 1284 2982 non

141 3025 365 3103 praeueuiemus
388 3023 420 3087 iu
452 3025 683 3100 resurrectione,
718 3024 743 3087 si
768 3022 958 3088 conturbatio
982 3023 1162 3087 dormientis
1185 3023 1286 3106 signi-

141 3126 241 3192 ficatio
257 3134 305 3193 est
320 3128 481 3208 passionis
497 3148 564 3192 cum
586 3129 711 3193 dicitur:
735 3147 838 3193 nunc
860 3127 991 3191 anima
1014 3145 1098 3192 mea
1120 3127 1289 3192 turbata

141 3240 202 3296 est
236 3232 360 3309 ualde,
395 3252 488 3316 quam
524 3239 626 3297 tamen
661 3232 737 3312 eripi
761 3233 799 3296 de
823 3252 914 3296 manu
938 3232 1023 3296 canis
1046 3232 1091 3295 ita
1113 3237 1205 3295 antea
1239 3241 1291 3297 est

184 3392 217 3442 27
238 3390 294 3442 loh.
314 3391 374 3452 XII,
393 3393 433 3444 27.

187 3550 200 3599 l
219 3551 346 3599 terrenae
365 3547 425 3608 (ons.
444 3552 502 3610 aut)
522 3548 592 3600 ltf’a
645 3546 835 3599 infirmitatem
854 3564 884 3598 es
901 3545 1097 3599 infermitatem
1118 3545 1143 3596 '1'
1160 3564 1192 3599 ex
1210 3546 1290 3600 infir-

142 3633 247 3686 mitatis
266 3632 455 3687 infirmitatem
474 3635 500 3686 n
554 3633 703 3687 2habitsli
731 3639 759 3686 et
787 3633 911 3700 corporis
940 3633 965 3684 P
989 3630 1147 3685 habitaculi
1177 3633 1289 3689 scilicet

142 3718 311 3788 corporisT
363 3737 417 3788 qua
436 3739 466 3773 aa
484 3721 549 3788 quia
568 3721 593 3772 lt
612 3721 676 3788 quia
693 3740 712 3769 α
766 3719 899 3773 3euadst
919 3721 944 3771 Τ
995 3723 1057 3772 let
1081 3735 1197 3787 sperans
1223 3720 1289 3775 PTo

143 3808 290 3875 speransb
342 3807 412 3861 bad
440 3807 505 3860 dnm
535 3808 584 3859 PT
635 3807 860 3874 Sademptorum
886 3807 912 3859 P
961 3805 1113 3874 profetissa
1138 3806 1163 3858 R
1220 3809 1289 3862 lsse

143 3894 219 3947 caelo
239 3894 317 3946 lue
369 3897 401 3948 15
421 3894 523 3963 eripuit
542 3894 661 3947 animam
680 3910 769 3947 meam
784 3894 835 3945 PE
852 3899 880 3947 et
898 3892 1001 3962 eripuit
1018 3893 1139 3946 animam
1156 3910 1250 3948 meam
1265 3897 1292 3948 Τ

144 3983 176 4033 17
194 3987 266 4034 esset
292 3999 322 4034 ea·
349 3988 438 4035 cesset
466 3983 490 4034 R
543 3987 590 4033 aut
618 3997 713 4034 sensus
742 3981 766 4031 Τ
784 3997 912 4034 ascensus
941 3981 982 4032 Pa
1045 3982 1077 4033 ts
1095 3980 1237 4034 benefacit
1264 3983 1290 4035 R

143 4121 178 4173 ds
195 4139 265 4191 supr.
284 4122 377 4173 scr-,T
431 4124 462 4175 m
479 4121 519 4173 hii
539 4123 553 4173 I
565 4121 590 4171 Τ
641 4123 675 4174 20
694 4077 874 4174 conculcabit
892 4121 917 4172 R
970 4125 997 4173 et
1024 4119 1100 4172 misit
1125 4119 1290 4175 misericor·

143 4205 216 4258 diam
235 4224 266 4260 ac
285 4208 432 4262 ueritatem
444 4208 518 4260 l'eet
535 4208 753 4260 miscricordiam
773 4207 849 4260 misit
861 4223 893 4260 ac
905 4206 1052 4259 ueritatem
1062 4205 1087 4257 Τ
1138 4207 1175 4258 26
1194 4208 1237 4261 sic
1256 4210 1290 4262 lt.
