2790 4844
349 274 530 323 tractatus
547 269 582 321 in
600 269 770 338 psalmum
795 268 919 323 LXVIII.
1143 269 1205 335 335

68 460 244 542 prophetam
268 480 338 541 pro
361 459 479 523 uobis
504 457 624 523 dolet.
670 460 727 524 sed
744 457 826 523 hune
847 478 1016 539 pauperem
1041 480 1077 525 aa
1100 458 1206 524 dolen·

65 576 121 629 tem
144 564 230 630 salus
254 585 299 629 ea.
323 584 391 648 qum
414 563 516 628 uultus
541 563 591 628 dei
614 569 669 638 est,
693 563 837 642 suscepit.
884 563 983 627 ferma
1006 571 1037 628 et
1059 562 1159 627 uultus
1176 571 1207 628 et

62 668 155 733 facies
189 676 222 735 et
252 670 354 753 image
377 688 437 732 uon
462 666 614 731 differunt.
661 668 793 747 idipsum
825 667 907 731 enirn
939 667 969 732 in
1000 679 1067 732 utro
1097 667 1206 732 horum

60 773 230 857 significari
269 772 439 837 communis
477 780 525 836 est
562 790 682 836 sensus.
729 770 811 836 huuc
844 772 940 855 Igitur
973 792 1139 853 pauperem
1174 773 1204 836 in

58 877 187 942 salutem
212 875 313 941 uultus
337 876 397 950 dei,
421 876 472 959 qui
496 876 595 940 forme
618 875 668 940 dei
692 882 747 953 est,
772 875 916 956 suscepit,
938 875 970 939 id
992 883 1039 941 est
1058 878 1204 957 adsump-
1245 902 1257 939 u

58 988 122 1046 tum
147 983 188 1046 ab
212 1001 246 1046 se
269 980 428 1046 hominem
453 980 633 1063 unigenitus
657 981 743 1055 deus,
766 980 819 1063 qui
842 980 945 1062 imago
967 980 1132 1045 inuisibilis
1156 982 1205 1045 dei

59 1093 113 1155 est
137 1088 171 1149 in
194 1085 375 1150 aeternitatis
398 1105 460 1149 suae
485 1083 554 1161 uita,
579 1104 647 1167 quae
670 1084 700 1147 iu
726 1085 784 1148 dee
807 1083 890 1149 salus
916 1103 985 1149 esse
1007 1084 1204 1168 intellegitur,

59 1189 226 1255 collocabit.
271 1189 401 1254 omnis
443 1188 549 1253 enirn
595 1187 737 1272 lingua
782 1189 1065 1266 confitebitur,
1112 1189 1205 1273 qula

60 1294 246 1358 domiuus
276 1293 392 1358 lesus
422 1293 460 1357 iu
493 1292 626 1377 gloria
657 1293 721 1356 dei
752 1295 884 1373 patris
915 1300 983 1370 est,
1014 1292 1046 1358 id
1070 1299 1118 1357 est
1139 1312 1205 1357 sus·

60 1405 166 1482 ceptus
189 1397 282 1462 homo
305 1397 336 1461 in
360 1402 501 1462 naturam
525 1396 693 1461 diuinitatis
716 1404 869 1478 acceptus.
1233 1421 1257 1458 n

100 1520 151 1584 26.
175 1517 256 1584 Esse
279 1525 384 1583 autem
406 1519 437 1583 in
462 1538 499 1582 θο
522 1518 619 1583 finem
642 1516 722 1602 legis
746 1527 775 1582 et
798 1518 985 1583 sacrificium
1000 1519 1099 1583 laudIs
1114 1538 1204 1583 euan-

66 1623 158 1702 gelica
192 1622 346 1687 confessio
381 1629 436 1699 est,
468 1623 511 1686 ita
540 1630 572 1686 ut
602 1622 771 1686 hostiarum
803 1624 956 1706 sauguine
988 1629 1019 1686 et
1052 1623 1204 1687 oblatione

69 1738 203 1792 cessante
227 1726 414 1791 sacrificium
448 1727 556 1810 gratiae
580 1726 741 1809 laudisque
764 1726 924 1807 praelatum
949 1727 995 1792 sit.
1042 1726 1099 1791 hoc
1123 1728 1204 1791 enim

71 1826 117 1894 isto
139 1851 273 1912 paupere
297 1841 329 1894 et
352 1830 474 1896 dolente
504 1831 535 1894 in
567 1829 697 1896 salutem
729 1830 831 1895 uultus
863 1831 912 1895 dei
944 1831 1115 1915 formaeque
1139 1851 1204 1895 sus·

71 1944 145 2013 cepto
168 1936 363 1999 continuatur
385 1940 416 1998 et
439 1934 594 2017 sequitur:
623 1933 798 1998 laudabo
821 1954 961 1999 nornen
992 1941 1098 1999 tuum
1121 1955 1204 2000 curn
1232 1956 1258 1995 rs

71 2042 230 2115 cantico,
253 2038 533 2122 magnificabo
557 2059 640 2102 eum
665 2058 747 2103 curn
778 2037 907 2104 laude.
953 2051 992 2103 et
1021 2038 1204 2119 placebit

67 2136 132 2205 deo
153 2162 276 2223 super
299 2141 469 2207 uitulum
493 2141 696 2207 nouellum
730 2162 879 2207 cornua
909 2143 1203 2223 producentem

63 2249 96 2304 et
120 2246 300 2331 ungulas.
344 2246 413 2311 haec
428 2246 532 2330 itaque
548 2245 680 2311 laudatio
696 2247 830 2310 nominis
850 2247 900 2311 dei
923 2245 1084 2331 laudisque
1107 2247 1203 2327 ipsius

58 2351 266 2433 magnificatio
290 2371 383 2432 super
404 2351 531 2415 uitulum
555 2350 710 2416 nobellum
735 2350 875 2432 placebit.
923 2350 991 2415 telis
1015 2352 1098 2415 enlm
1131 2358 1203 2415 ante

56 2442 89 2510 in
117 2452 181 2539 lege
203 2476 260 2539 pro
282 2462 410 2539 peccato
432 2454 625 2523 offerebatur.
650 2455 736 2519 cuius
759 2462 882 2520 aetatem
904 2475 961 2536 per
976 2466 1083 2520 tenera
1106 2474 1203 2539 ungu·
1230 2475 1256 2513 se

55 2543 158 2622 larum
179 2567 210 2624 et
232 2579 379 2624 cornuum
410 2559 603 2624 incrementa
633 2559 798 2642 significat.
844 2558 977 2640 placebit
1007 2580 1082 2643 erge
1112 2579 1204 2639 super

55 2652 187 2728 uitulum
215 2664 335 2745 peccati
368 2664 466 2728 honor
495 2663 595 2729 leudis
626 2665 796 2728 secuudum
826 2663 916 2728 illud:
947 2663 1202 2728 sacrificium

57 2748 513 2833 laudishenorisieabit
535 2788 606 2845 me3
623 2774 661 2832 et
682 2767 774 2832 illic
796 2767 882 2844 iter,
900 2787 974 2851 quo
991 2768 1202 2832 ostendam

58 2853 150 2934 illis
176 2872 360 2937 salutare
392 2872 464 2936 dei.
509 2872 568 2936 iter
599 2872 694 2956 igitur
724 2872 910 2936 ostendendi
933 2871 1074 2936 salutaris
1099 2872 1148 2937 dei
1171 2872 1202 2936 in

60 2953 160 3039 lautis
181 2987 227 3040 est
249 2975 413 3041 sacrificio.
1230 2993 1256 3033 m

113 3091 155 3159 27.
178 3096 217 3161 Et
238 3098 270 3163 id
295 3098 396 3178 ipsum
416 3098 678 3180 consequentibus
694 3097 835 3178 psalmus
851 3098 993 3163 ostendit.
1038 3117 1110 3162 nam
1134 3104 1204 3178 post

70 3184 240 3266 plainam
284 3201 549 3286 magnificentiam
595 3200 695 3266 leudis
734 3221 827 3282 super
869 3201 998 3266 uitulum
1046 3201 1202 3267 nouellum

117 3388 206 3446 lEssi.
225 3393 298 3458 LIII,
315 3396 341 3447 4.
376 3396 394 3448 8
411 3392 483 3447 Phil.
502 3394 537 3461 II,
557 3397 597 3447 11.
633 3395 668 3446 22
686 3393 729 3446 Ps.
749 3393 845 3460 XLIX,
863 3394 905 3446 23.

87 3654 96 3668 ¹
118 3577 126 3627 l
142 3582 183 3635 sed
198 3600 271 3636 nunc
288 3583 313 3635 V
363 3586 380 3637 3
394 3584 423 3637 in
438 3589 556 3651 utroque
573 3581 646 3637 V’Te
662 3583 691 3636 in
704 3588 853 3649 utrumque
865 3583 931 3651 Pcf.
942 3585 1014 3636 stad.
1028 3582 1099 3636 1889
1106 3601 1133 3654 ρ.
1143 3581 1201 3636 321

86 3670 135 3716 unt
144 3694 172 3705 -
181 3670 209 3723 id
219 3675 261 3723 est-
270 3672 328 3722 add.
341 3689 371 3722 ut
387 3672 400 3722 1
416 3670 441 3722 V
467 3673 484 3722 6
497 3671 532 3723 ab
543 3672 568 3722 in
578 3688 661 3737 mnrq.
672 3671 731 3722 odd.
742 3669 823 3721 Pom.
835 3670 867 3732 It,
877 3685 894 3721 a
905 3670 930 3721 T
961 3669 1121 3738 unigenitus
1131 3664 1161 3723 dl
1182 3671 1204 3721 l'

10 3754 12 3789 ³
85 3741 205 3810 iluitibilis
220 3764 263 3810 est
279 3757 304 3809 R
359 3759 389 3810 ll
406 3755 576 3811 sacrificiorr'r
601 3755 632 3809 l'¹
687 3746 884 3824 euuangelicse
908 3756 930 3808 l'
991 3758 1023 3809 13
1039 3757 1158 3810 cessanti
1181 3758 1205 3810 l'

10 3924 14 3969 g
79 3891 166 3955 antiae
189 3914 261 3966 supr.
288 3913 337 3947 scr.
360 3896 384 3947 ll
438 3897 471 3948 14
490 3899 621 3962 susceptu
646 3895 671 3946 i'
722 3896 754 3947 16
769 3840 969 3963 δῖιθθςηὶίῑθθὶω
998 3894 1033 3955 (dt
1061 3914 1133 3964 supr.
1151 3913 1200 3948 scr.

76 3979 167 4041 mailli
217 3981 244 4034 iu
265 3981 345 4034 laude
357 3982 435 4034 IITE
451 3982 479 4034 in
499 3980 710 4047 muesz-:brae
728 3980 804 4047 mli>
819 3986 854 4051 ey.
873 3983 992 4035 Sebatr'er
1009 3982 1048 4045 11,
1068 3981 1122 4035 138
1140 3984 1200 4035 arln.

68 4068 199 4121 fflwtste
221 4069 244 4120 l'
295 4071 327 4121 21
348 4067 472 4121 connium
499 4068 545 4122 l'lt
597 4071 632 4122 23
650 4066 844 4121 honorificauit
868 4068 916 4120 VP
967 4069 995 4120 in
1020 4086 1074 4136 quo
1098 4069 1203 4122 Ifl'I'E

65 4156 94 4209 2⁴
113 4152 151 4207 illi
170 4154 248 4207 Prn·
299 4157 333 4207 26
351 4159 380 4208 et
406 4154 496 4223 ipsum
515 4155 592 4208 PTE
610 4160 638 4208 et
665 4156 740 4223 ipsut
767 4156 789 4207 l'
841 4157 1157 4222 :zeonsequentihus
1176 4156 1204 4207 P

60 4246 87 4299 in
106 4241 336 4310 consequentibus
355 4237 422 4294 R'E
471 4245 505 4294 27
523 4242 664 4312 placiturd
690 4242 718 4294 l'.
