2790 4844
152 219 215 283 254
492 220 608 272 annoti
634 220 765 273 Hilarii
790 221 952 289 episcopi

151 410 308 487 altissimo,
346 429 454 474 uerum
493 411 585 474 deum
625 418 657 474 et
697 409 911 475 uniuersorum
950 412 1140 478 conditorem
1180 412 1298 478 reliotis

150 515 343 595 impietatum
368 513 537 578 mendaciis
560 531 795 596 recognoscens,

194 619 222 683 9.
248 617 382 683 Sensum
405 616 575 698 diapsalma
599 617 745 681 distinxit.
792 637 893 682 sermo
924 618 1008 683 enim
1038 619 1077 683 ad
1108 620 1203 685 deum
1227 640 1296 686 oum
1329 643 1332 649 ·

151 721 287 786 oratione
321 721 455 787 directus
490 721 530 786 ad
564 720 708 785 homines
743 741 825 786 nune
857 721 997 800 refertur,
1032 743 1109 806 quos
1132 729 1295 806 tamquam

112 856 124 891 a
152 826 242 908 longe
264 846 283 889 a
306 825 480 910 cognitione
503 826 552 890 dei
569 825 772 891 consistentes
788 825 940 907 propheta
956 828 997 891 ad
1009 827 1185 908 proximum
1203 829 1297 893 aduo-

151 938 200 994 cat
223 929 345 995 dicens:
379 930 517 994 uenite
552 936 591 993 et
619 928 759 994 uidete
789 949 909 1010 opera
944 931 1017 995 dei.
1063 931 1295 998 doonitautem

151 1039 182 1098 et
204 1031 358 1112 apostolus
393 1053 461 1098 esse
496 1031 599 1113 plnres
631 1031 723 1113 longe
747 1035 846 1098 adeo
877 1033 1002 1114 poeitoa,
1033 1054 1110 1117 quos
1145 1035 1294 1101 doetrinae

150 1136 325 1201 adhortatio
348 1142 506 1220 tamquam
530 1138 561 1201 in
584 1136 697 1201 uioinia
720 1136 933 1215 oonlooauerit‚
957 1158 1035 1204 eumn
1050 1139 1109 1203 ait:
1140 1143 1180 1204 et
1209 1158 1295 1205 unm

150 1241 343 1318 uenisset,
360 1238 668 1324 euangelizauit
689 1258 825 1320 paoem
850 1239 922 1319 his,
943 1241 1010 1324 qui
1034 1242 1080 1307 de
1103 1241 1234 1327 longe,
1259 1250 1296 1308 et

99 1374 124 1411 10
152 1363 286 1424 pateam
311 1342 383 1417 his,
407 1344 473 1428 qui
497 1344 543 1408 de
565 1363 700 1424 prope.
745 1364 783 1408 ex
808 1345 877 1428 lege
900 1346 984 1409 enim
1014 1345 1103 1410 multi
1133 1351 1294 1430 tamquam

151 1449 189 1513 de
212 1468 307 1529 prope
331 1454 493 1512 manentes
516 1448 714 1512 erediderunt
737 1448 881 1531 gentibus
903 1446 995 1532 longe
1018 1449 1185 1517 aduocatis.

197 1552 246 1616 10.
271 1550 458 1632 Prophetiea
486 1551 581 1635 igitur
611 1552 788 1631 praedicatio
818 1571 927 1616 omnes
958 1553 998 1616 ad
1021 1553 1070 1617 dei
1094 1573 1189 1633 opera
1223 1574 1295 1618 oon-

152 1656 265 1720 tuenda
288 1656 463 1720 aduocauit:
495 1657 550 1720 aad
574 1674 634 1719 non
658 1674 695 1720 aa
725 1675 826 1736 opera,
858 1675 927 1738 quae
951 1662 1128 1721 onnotomm
1156 1659 1295 1738 aepeotui

151 1759 287 1825 subieota
310 1767 390 1833 sunt,
415 1759 492 1839 oaeli,
514 1760 593 1837 aris,
618 1767 708 1824 terrae
732 1779 768 1825 ao
792 1761 886 1825 maris
911 1797 951 1806 -
977 1759 1043 1824 lraee
1067 1761 1150 1824 enim
1184 1781 1296 1827 omnes

99 1893 124 1929 a
151 1871 333 1929 oontrentur
356 1900 405 1939 —‚
430 1866 484 1928 sed
516 1883 561 1941 ea,
592 1883 660 1947 quae
690 1862 830 1928 fidelium
861 1870 978 1928 tanturn
1008 1864 1117 1929 studiis
1148 1873 1297 1945 oonperta

150 1974 222 2033 aunt
244 1967 416 2051 quibusque
440 1966 528 2032 saluti
563 1966 708 2032 hnmanae
732 1988 801 2032 oum
825 1967 944 2051 ingenti
976 1966 1202 2032 admirabilium
1231 1968 1296 2034 uir-

151 2078 249 2136 tutum
273 2078 390 2136 terrore
404 2069 575 2135 consultum
599 2077 662 2135 est:
686 2069 844 2150 pharaone
866 2070 1036 2151 impietatis
1058 2090 1121 2135 auae
1144 2073 1248 2151 ponis
1263 2073 1296 2137 in

150 2174 325 2255 exemplum
348 2174 476 2240 humani
499 2174 618 2239 timoris
652 2174 795 2255 ooeraito,
826 2181 860 2238 ut
890 2190 988 2239 terror
1019 2174 1226 2241 damnationis
1248 2177 1298 2240 in·

150 2278 364 2363 religiosorum
400 2285 484 2343 metu
517 2278 700 2362 religionem
734 2276 911 2356 inehoaret;
945 2298 1015 2344 oum
1050 2279 1080 2342 iu
1113 2284 1205 2344 terrm
1236 2281 1297 2346 iter

98 2413 123 2450 no
150 2403 236 2447 mare
259 2384 339 2448 aruit
361 2389 393 2448 et
414 2402 503 2465 aquae
526 2384 558 2447 in
581 2383 699 2446 aridam
727 2401 885 2448 conuersae
916 2396 1002 2461 sunt;
1037 2402 1107 2448 eum
1138 2382 1296 2449 Iordanen

150 2488 245 2566 pedes
267 2485 397 2568 populus
420 2506 565 2569 agressus
589 2494 644 2563 ast
668 2501 699 2551 et
717 2486 896 2570 ingressuro
911 2486 1157 2566 repromissionis
1174 2493 1294 2552 terram

150 2590 269 2656 lerahel
293 2590 458 2656 fluentibus
481 2597 564 2655 stare
587 2590 677 2654 iussis
701 2587 812 2655 reliana
835 2591 874 2654 ad
897 2590 1063 2673 gradiendi
1093 2591 1295 2657 securitatem

149 2693 235 2759 fluuii
249 2694 354 2759 alueus
370 2695 550 2759 decucurrit.
573 2693 612 2757 ad
629 2692 719 2758 huius
735 2693 829 2777 igitur
843 2693 922 2775 legis
945 2700 976 2759 et
997 2693 1219 2775 prophetarum
1244 2697 1297 2765 dei

31 2818 35 2827 ·
149 2817 242 2879 opera
263 2797 437 2863 contuenda
459 2796 610 2878 propheta
640 2803 751 2881 gentes
775 2799 905 2862 aduocat
928 2797 1050 2863 dioens:
1080 2798 1221 2863 uenite
1258 2808 1297 2864 et

97 2932 122 2969 aa
150 2902 286 2967 uidete
306 2899 747 2981 operadei;terribilis
767 2901 803 2963 in
824 2900 1018 2966 consiliis
1038 2901 1296 2981 supersilios
1328 2952 1330 2956 -

191 3061 208 3111 8
227 3058 327 3126 Ephae.
345 3058 380 3111 ll.
401 3061 439 3111 17.

169 3199 207 3266 ,3
225 3197 397 3265 diappsalma
415 3195 561 3249 dietinoxit
579 3195 606 3247 P
656 3194 691 3247 ad
718 3201 752 3248 ed
781 3197 825 3247 Ila
842 3194 975 3262 ςῌοαᾰ.
993 3213 1020 3265 p.
1038 3192 1076 3248 31
1128 3197 1200 3250 ede
1228 3214 1297 3252 eon-

147 3285 277 3338 sistentes
295 3284 321 3335 R
373 3284 438 3337 Sin
456 3280 560 3336 uicinia
584 3282 625 3335 Ro
650 3282 678 3334 in
705 3282 799 3335 uicina
826 3281 852 3333 P
875 3282 905 3334 in
932 3281 1036 3335 uicinio
1060 3282 1085 3335 V
1109 3282 1138 3334 in
1166 3284 1297 3340 uicinoe

147 3373 165 3424 9
187 3370 229 3423 hia
248 3371 295 3437 qui
314 3370 348 3422 de
373 3370 455 3437 longe
480 3368 598 3422 Vuobis
625 3369 673 3436 qui
700 3369 783 3437 longe
802 3369 882 3422 RPE
933 3372 967 3423 10
991 3369 1026 3422 de
1052 3385 1139 3437 prope
1164 3369 1296 3441 Vprope

148 3456 227 3510 RPE
280 3459 311 3510 12
330 3456 491 3524 prophetica
509 3454 656 3523 (profetica
674 3456 710 3517 R)
729 3456 817 3523 igitur
836 3455 915 3507 RPE
930 3455 1054 3524 profetae
1078 3454 1103 3508 V
1156 3458 1188 3509 13
1205 3457 1296 3512 aduo-

147 3549 192 3597 cat
216 3542 241 3596 V
289 3542 413 3611 aspectui
445 3543 523 3594 RPE
548 3542 635 3595 oeulis
665 3541 690 3595 V
741 3545 774 3595 14
792 3541 862 3595 oeeli
889 3542 960 3595 aeris
994 3540 1069 3594 VPE
1094 3542 1295 3599 melizaeris

148 3631 227 3690 (ms.
246 3632 265 3682 d
273 3631 298 3694 l)
316 3630 343 3682 R
395 3646 427 3683 ao
445 3629 520 3682 VPE
535 3646 607 3698 supr.
625 3647 673 3681 aer.
692 3647 725 3683 m.
744 3630 761 3681 1
779 3629 806 3682 R
858 3629 893 3683 16
910 3627 1075 3682 studiumV
1124 3630 1158 3683 17
1176 3628 1295 3686 faraone

147 3717 201 3769 ΒΡ
215 3715 365 3783 (faraonem
389 3715 423 3781 V)
477 3717 510 3768 20
527 3716 645 3800 {qquit
664 3714 744 3780 (erue
762 3713 789 3781 h,
808 3732 823 3767 r
840 3717 867 3767 in
885 3713 999 3781 rus.)R
1051 3714 1185 3769 iordanen
1203 3718 1294 3784 pedae

146 3820 265 3889 populus
276 3822 301 3873 R
309 3821 343 3880 cf.
350 3838 378 3890 p.
389 3819 450 3885 101,
459 3819 478 3871 5
488 3820 621 3873 iordanen
631 3818 755 3885 (iordane
774 3817 807 3884 V)
817 3818 937 3887 populus
950 3817 1066 3885 pedibus
1081 3817 1130 3870 VP
1146 3818 1295 3875 iordanem

145 3906 262 3976 pedibus
280 3906 399 3975 populus
412 3906 440 3957 E
492 3909 526 3959 22
544 3905 849 3961 fluentibualtfluentis
860 3905 912 3957 PE
964 3910 1038 3958 stare
1056 3904 1140 3959 iussis
1158 3908 1257 3963 ieros.
1270 3909 1296 3963 R

146 3993 247 4048 relicua
275 3995 300 4046 R
326 3993 450 4078 reliquqa
478 3991 510 4058 (u
536 3995 563 4045 in
590 3993 658 4055 rua.)
685 3994 712 4046 P
761 3994 796 4046 23
815 3991 885 4061 legis
912 3995 941 4044 et
967 3989 1168 4060 prophetarum
1195 4011 1249 4050 om.
1273 3996 1299 4050 V

146 4100 181 4151 24
199 4098 355 4152 contuenda
379 4097 456 4150 VRE
472 4098 659 4151 conculeanda
679 4099 703 4150 Ρ
752 4099 787 4151 25
805 4113 889 4166 opere
916 4091 981 4149 didi
999 4097 1022 4147 l.
1048 4097 1065 4148 l.
1090 4095 1115 4147 V
1141 4094 1202 4161 (aed
1219 4117 1295 4170 supr.

146 4183 166 4238 6
184 4194 208 4238 et
225 4186 278 4255 ipse
295 4177 340 4249 di)
394 4177 558 4237 terribiliai
583 4184 630 4237 VR
654 4184 787 4238 terribilis
805 4184 830 4265 ἀι
847 4183 876 4236 in
896 4183 926 4238 P.
