2790 4844
103 272 180 337 XVI
572 275 765 329 Praefatio.

104 464 175 542 dixi,
212 466 366 530 interdurn
409 464 488 529 bene
526 465 779 542 ernendauernnt
818 473 922 530 temen
958 468 1070 547 seepins
1104 476 1250 548 suspecta

104 568 251 648 praebent.
295 569 433 633 omnium
456 575 559 634 entem
582 567 692 633 horum
717 571 860 635 codicum
884 580 1018 635 stemma
1035 573 1144 635 usitato
1161 592 1248 636 more

104 673 155 736 uix
178 682 319 738 accurate
342 673 468 757 depingi
491 692 590 753 posse,
614 694 650 737 cx
674 674 904 738 condicionibus
933 677 1024 739 modo
1047 676 1194 755 expositis
1218 683 1250 739 et

103 796 140 841 ex
164 796 200 841 eo
223 777 347 859 patebit,
381 778 464 860 qnod
494 777 628 859 antiquis
658 778 718 841 ism
750 778 938 857 temporibus
969 779 999 842 in
1032 779 1136 843 multis
1160 778 1247 843 libris

103 880 233 964 singulae
245 886 362 945 tuntum
378 881 479 961 operis
495 887 598 962 partes
614 882 875 965 propagabantur.
921 881 1122 947 nihilominus
1138 903 1248 947 omnes

103 985 167 1049 fere
190 1004 225 1049 ac
248 986 400 1065 praeoipne
423 986 608 1050 uetustiores
632 987 776 1069 quedam
799 986 1020 1066 proprietatum
1045 1005 1246 1069 errorumque

103 1108 220 1172 genere
243 1090 353 1154 totiens
376 1110 438 1169 prae
462 1109 495 1154 se
519 1089 629 1166 ferunt,
653 1091 771 1154 utiam
796 1110 833 1153 ex
857 1090 1025 1173 archetypo
1046 1090 1096 1155 nel
1120 1111 1157 1155 ex
1179 1091 1247 1155 eius

102 1193 241 1272 apicibus
265 1192 346 1258 male
368 1193 456 1258 lectis
479 1212 516 1257 ea
538 1193 663 1258 finxisse
694 1193 776 1258 haud
809 1199 927 1258 temere
958 1195 1101 1259 conicias.
1146 1215 1190 1271 sc,
1214 1195 1247 1259 ni

102 1298 206 1361 omnia
235 1296 352 1375 fallunt,
381 1297 568 1382 archetypus
598 1296 649 1362 ille
678 1299 753 1362 setis
785 1297 991 1382 neglegenter
1013 1299 1145 1379 scriptus
1169 1305 1246 1363 eret.

101 1402 188 1465 cuius
222 1400 427 1484 neglegentis
460 1401 593 1485 uestigia
628 1403 738 1466 eedem
772 1404 835 1467 lere
869 1402 1183 1485 numerosissimsqne
1212 1403 1246 1466 in

102 1505 245 1570 omnibns
267 1503 355 1569 libris
384 1513 557 1586 occurrunt,
586 1506 872 1589 praetermissiones
907 1506 1126 1583 aberrationes,
1156 1506 1246 1570 eddi·

102 1614 239 1673 tamento
261 1629 280 1673 a
302 1609 402 1690 prims
423 1609 472 1673 uel
494 1611 630 1675 secunda
660 1630 752 1674 mann
776 1611 806 1673 in
831 1611 972 1694 margine
994 1611 1148 1691 adposita:
1172 1631 1247 1675 nus-

102 1732 196 1795 qnsm
219 1712 294 1778 alibi
313 1718 356 1778 tot
371 1714 435 1778 eius
450 1715 575 1796 generis
591 1733 712 1778 errores
729 1714 830 1779 adhuc
846 1715 1035 1779 inuenerem.
1043 1715 1065 1793 ¹)
1112 1713 1246 1798 singulte

101 1816 219 1895 litterae,
250 1818 423 1897 presertim
446 1841 469 1881 u
492 1824 523 1883 et
544 1819 597 1897 ε’),
627 1825 659 1883 et
692 1818 830 1901 syllabis,
865 1818 959 1883 ueluti
990 1820 1033 1899 51,
1056 1820 1110 1898 bc,
1134 1819 1171 1896 ii,
1194 1819 1245 1899 di,

101 1921 174 2000 dec,
196 1922 244 2001 ni,
266 1922 302 2001 ti,
326 1931 364 2001 te,
389 1920 452 2001 ct³)
483 1922 598 2006 ubique
620 1922 705 1987 haud
733 1942 803 1987 rero
826 1943 918 2002 snpra
948 1924 1070 2003 scriptae
1099 1929 1170 1987 sunt
1191 1930 1246 1986 eut

101 2026 222 2090 omissae
245 2035 297 2090 eut
319 2025 397 2090 soleo
413 2027 534 2092 additae.
579 2026 728 2093 uocabula
749 2027 843 2107 sicut,
866 2028 935 2109 scit,
959 2029 1001 2091 sit
1024 2028 1084 2091 ism
1108 2028 1139 2090 in
1163 2027 1245 2090 enti·

102 2130 259 2213 quissimis
283 2131 369 2195 libris
392 2131 547 2196 interdum
577 2132 658 2196 inter
687 2151 721 2196 se
751 2129 1004 2210 permutantur),
1027 2131 1103 2194 item
1125 2153 1190 2193 nors
1214 2137 1246 2194 et

100 2233 225 2315 mmmc5),
248 2235 419 2315 saepissime
434 2235 465 2300 in
481 2235 625 2299 omnibus
640 2236 736 2315 enim,
752 2245 870 2315 autem,
892 2236 1006 2321 igitur,
1029 2257 1110 2320 erpo,
1134 2235 1245 2316 etiam,

101 2337 215 2418 cerel),
237 2340 310 2404 item
336 2339 506 2404 sescenties
529 2341 620 2423 quic,
642 2341 710 2423 qui,
726 2337 836 2423 quali,
859 2350 903 2402 eet
927 2346 958 2404 et
980 2337 1060 2415 6168),
1083 2361 1123 2401 ee
1138 2346 1170 2401 et
1185 2338 1244 2414 619)

147 2633 166 2701 ¹)
186 2635 219 2688 cf.
239 2635 322 2689 Acnd.
347 2652 374 2703 p.
398 2637 433 2690 30
451 2652 509 2702 sqq.
563 2631 585 2701 ⁸)
604 2635 637 2687 cl.
657 2636 744 2688 Acsd.
770 2652 796 2702 p.
819 2636 866 2700 25,
891 2635 925 2687 de
942 2654 955 2686 s
974 2633 1043 2687 adde
1068 2649 1090 2684 e.
1110 2651 1135 2700 g.
1155 2650 1181 2699 p.
1201 2634 1243 2700 21,

100 2724 142 2790 25,
169 2723 217 2775 ubi
242 2723 372 2775 Vsimilis
390 2737 423 2775 ex
442 2723 520 2773 simili
543 2728 620 2774 recte
637 2722 775 2788 restituit;
802 2723 861 2788 838,
888 2723 922 2773 29
941 2731 1096 2790 contemptun
1114 2736 1165 2788 pro
1183 2735 1243 2771 con-

100 2820 194 2879 temptu
214 2810 329 2876 15641,
348 2811 382 2861 20
400 2811 453 2861 ciem
471 2810 551 2860 mode
569 2825 619 2876 pro
638 2811 691 2862 eim
709 2811 778 2860 modi
799 2809 838 2873 G;
865 2809 925 2874 852,
947 2808 979 2860 12
998 2809 1083 2859 laudis
1100 2822 1151 2874 pro
1169 2806 1246 2857 laudi

100 2897 126 2948 R
132 2915 139 2961 ,
156 2898 216 2962 868,
235 2898 251 2947 3
270 2906 438 2965 temperanter
455 2912 506 2963 pro
519 2905 675 2965 temperante
685 2896 722 2962 R;
742 2896 778 2949 ib.
799 2895 832 2949 23
848 2896 1002 2947 exultatione
1014 2911 1064 2962 pro
1077 2894 1245 2946 multationes

100 2985 139 3049 Β,
157 2986 216 3049 817,
238 2984 269 3036 15
288 2987 311 3035 ei
330 2984 355 3034 G
368 2984 408 3035 ris
427 2983 453 3035 R
471 2983 530 3035 sim.
549 2983 572 3034 si
590 2983 658 3035 talia
675 2982 798 3050 respicis,
817 2999 872 3034 non
892 2981 1045 3034 uiolenturn
1064 2980 1200 3045 uideatur,
1220 2980 1244 3032 si

99 3088 121 3124 e·
140 3087 167 3138 g.
186 3072 246 3137 835,
274 3073 297 3135 1,
322 3069 369 3124 ubi
393 3069 467 3123 solus
485 3070 512 3123 R
529 3070 666 3131 subuenit‚
692 3071 848 3138 opulentiori
871 3084 907 3121 ex
933 3070 1099 3137 opulentioris
1122 3066 1244 3119 restitui.

99 3154 122 3222 ι)
140 3157 174 3210 cf.
193 3156 277 3209 Acsd.
301 3175 327 3225 p.
352 3159 385 3210 31
410 3161 438 3210 et
456 3156 526 3209 Abh.
545 3157 585 3208 III
612 3173 638 3222 p.
666 3155 717 3220 IX;
745 3155 926 3208 nihilominus
955 3172 1008 3221 nor,
1036 3154 1083 3207 ubi
1111 3158 1245 3221 expectes

100 3245 178 3310 robis,
197 3244 230 3296 iis
249 3242 317 3296 loois
335 3260 389 3295 non
408 3242 523 3308 mutani,
541 3242 597 3307 ubi,
616 3240 693 3294 uelut
710 3259 737 3310 p.
756 3242 815 3308 595,
836 3244 878 3309 24,
898 3258 1046 3294 consensus
1073 3239 1245 3308 optimorum

98 3331 233 3385 librorum
244 3346 306 3382 eum
320 3348 399 3382 nsum
411 3330 494 3383 etism
507 3329 580 3396 apud
593 3327 661 3381 elios
673 3329 823 3396 scriptores
837 3328 949 3381 obuium
960 3326 1005 3394 (ci.
1019 3328 1115 3380 Hartel
1130 3326 1245 3378 Lucifer

99 3436 125 3486 p.
144 3417 206 3483 364)
234 3417 457 3481 commendebat,
485 3418 533 3469 sed
559 3415 653 3483 paullo
679 3415 761 3468 aliter
787 3433 832 3469 res
860 3433 889 3468 se
918 3415 1037 3468 habebat
1055 3432 1082 3483 p.
1101 3416 1159 3479 592,
1179 3417 1195 3465 5
1213 3419 1245 3466 et

98 3507 158 3571 255,
178 3504 259 3558 51151
278 3503 422 3557 uidesdn.
441 3531 474 3540 -
493 3504 526 3556 de
554 3502 668 3571 syllabis
695 3504 716 3555 is
744 3507 773 3556 et
798 3504 854 3555 ibus
879 3502 1000 3555 confusis
1025 3502 1095 3555 adde
1115 3500 1245 3567 exempla

98 3610 125 3660 p.
153 3594 211 3657 131,
237 3593 281 3656 12,
305 3593 364 3656 400,
390 3593 437 3656 16,
461 3592 520 3656 408,
547 3594 592 3656 19,
617 3592 676 3657 572,
703 3593 749 3657 12,
773 3592 834 3656 868,
857 3591 899 3642 21.
954 3587 977 3652 ⁴)
997 3590 1030 3641 os.
1049 3589 1133 3641 Aced.
1153 3605 1178 3655 p.
1197 3588 1243 3639 29.

99 3678 121 3745 δ)
140 3678 224 3731 Acad.
242 3696 269 3745 p.
288 3680 330 3744 67,
349 3677 395 3731 ubi
415 3694 488 3730 nuno
507 3676 590 3730 addes
609 3678 692 3730 etiam
712 3677 869 3745 exemplum
891 3694 916 3743 p.
936 3678 996 3741 843,
1015 3679 1039 3728 7.
1093 3672 1114 3740 ⁶)
1134 3675 1167 3727 of.
1181 3692 1203 3726 e.
1214 3691 1243 3741 g.

99 3783 124 3833 p.
143 3767 168 3832 6,
187 3769 201 3818 l
221 3763 279 3827 (ubi
297 3781 358 3816 uero
377 3765 409 3831 R,
428 3774 511 3816 autem
530 3784 552 3829 r,
571 3765 637 3816 enim
653 3756 686 3831 A,
706 3781 765 3832 erpo
784 3762 836 3829 e!);
872 3765 914 3830 30,
934 3765 963 3827 6,
988 3764 1029 3826 59,
1050 3765 1095 3827 10,
1114 3763 1173 3826 239,
1194 3762 1243 3825 14,

98 3853 158 3919 245,
190 3854 235 3917 13,
266 3853 326 3914 252,
359 3851 404 3915 18,
434 3853 493 3916 308,
525 3852 570 3915 13,
606 3852 665 3917 334,
696 3851 724 3914 5,
760 3852 819 3917 360,
852 3851 898 3914 12,
935 3851 994 3914 438,
1027 3852 1073 3914 17,
1102 3851 1161 3913 461,
1193 3849 1243 3912 21,

99 3939 158 4005 585,
178 3941 223 4004 14,
242 3938 301 4004 618,
322 3939 367 4002 15,
392 3939 450 4004 756,
471 3938 511 3990 15.
566 3934 586 4002 7)
606 3937 732 4004 exemplo
758 3936 971 3989 innumerabilis
998 3935 1130 4000 inuenies,
1159 3951 1242 4001 saepe

345 4033 359 4061 a
415 4022 425 4061 t

99 4079 285 4131 correctiones
305 4080 365 4145 qui,
385 4095 436 4139 pun
455 4077 515 4129 sim.
553 4075 625 4139 Β)61.
645 4093 671 4143 p.
690 4078 748 4141 296,
769 4077 814 4140 16,
834 4077 893 4140 336,
915 4078 960 4140 16,
979 4076 1039 4140 352,
1060 4075 1105 4139 14,
1130 4074 1189 4138 511,
1208 4075 1241 4140 5,

99 4167 158 4231 oso,
178 4168 206 4230 ι,
225 4167 284 4230 ese,
304 4167 349 4228 193
368 4166 428 4228 ees,
447 4166 493 4229 re;
512 4167 571 4225 631,
591 4165 636 4227 16,
655 4163 714 4229 ose,
727 4166 774 4228 223
793 4164 852 4227 666,
871 4164 916 4226 16,
936 4165 994 4227 rm,
1013 4164 1029 4214 5
1048 4161 1107 4212 nm.
1162 4156 1184 4225 θ)
1204 4160 1240 4212 or.

99 4270 121 4304 e.
139 4270 165 4321 g.
185 4270 211 4320 p.
229 4253 290 4316 410,
309 4252 338 4313 5,
363 4251 421 4316 510,
441 4252 488 4315 24,
513 4252 571 4316 603,
592 4253 638 4314 14,
662 4251 722 4314 605,
747 4251 792 4314 18,
817 4251 876 4313 747,
895 4250 943 4314 22,
967 4242 1027 4314 809,
1048 4251 1093 4313 18,
1118 4249 1177 4312 873,
1198 4248 1240 4301 18.
