2790 4844
416 254 597 302 tractatus
616 223 841 317 in'psalmum
858 248 930 302 LIII.
1183 249 1244 315 135

139 438 168 502 1.
193 438 327 502 Sanctus
357 443 389 503 et
418 438 528 503 beatus
558 437 662 503 Dauid
691 459 752 503 non
783 439 911 523 Ignarus
942 444 995 516 est,
1025 448 1057 504 ut
1085 439 1245 521 propheto,

90 541 285 625 euangelium
309 541 469 619 doctriua,
493 549 523 606 et
544 541 577 607 in
601 548 739 623 tempore
762 542 834 608 licet
857 542 936 627 legis
956 541 1038 609 hono
1053 542 1246 624 corporalem

92 665 193 730 agens
216 645 324 722 uitam,
348 652 461 723 tomen,
485 647 685 729 quantumin
709 666 743 712 se
759 654 814 727 est,
838 645 996 727 apostolici
1012 649 1150 712 mandati
1166 668 1245 728 prae·

92 755 185 831 cepta
213 754 419 831 consummat,
450 749 625 815 testimonio
655 751 694 816 de
724 771 758 815 so
789 750 839 815 dei
866 749 961 815 fidem
985 757 1143 830 praestans,
1173 770 1245 817 cunt

94 853 214 919 <lictum
231 860 292 919 est:
317 854 458 918 inueni
481 853 610 919 uirum
635 855 854 919 secundum
877 875 943 919 cor
966 875 1094 920 meum
1110 855 1245 934 Dauid,
1285 888 1298 923 a

93 959 164 1041 qui
195 957 321 1023 Iessm
351 967 421 1023 est.
466 977 529 1022 non
560 958 645 1022 enim
674 958 815 1024 iuimicos
845 977 918 1024 suos
946 958 1027 1024 bello
1049 960 1246 1046 persequitur

94 1082 197 1145 neque
219 1061 441 1128 insidiantibus
464 1062 524 1126 sibi
548 1061 735 1128 decertando
759 1062 853 1127 armis
881 1062 1003 1142 resistit,
1027 1063 1083 1128 sed
1106 1062 1246 1145 exemplo

95 1165 222 1243 domini,
259 1166 347 1231 cuius
378 1172 408 1232 et
437 1186 552 1231 nomen
583 1173 613 1231 et
643 1165 801 1231 lenitatem
837 1165 1069 1251 praefigurobot,
1107 1167 1247 1247 proditus

93 1277 171 1347 orat,
194 1268 372 1350 periclitans
396 1267 507 1350 psallit,
530 1269 650 1351 patiens
674 1271 744 1336 odia
766 1270 956 1354 gratulatum
987 1277 1018 1337 et
1046 1270 1116 1336 ideo
1138 1290 1247 1337 secun·

94 1375 173 1439 dum
204 1373 320 1438 domini
351 1393 404 1439 cor
434 1383 575 1454 repertus
606 1382 664 1440 est.
710 1375 784 1458 quia
814 1393 884 1440 cum
923 1375 1045 1439 domino
1083 1374 1245 1441 duodecim
1274 1406 1298 1442 ιο

94 1477 184 1542 milia
199 1476 362 1561 legionum
378 1478 560 1562 augelorum
572 1487 700 1559 possent
715 1479 746 1542 iu
763 1485 901 1559 ternpore
917 1479 1070 1559 passionis
1087 1479 1247 1545 adalstere.

94 1595 203 1647 tamen
227 1582 266 1646 ad
289 1602 382 1647 omne
406 1582 544 1648 osfieium
568 1582 752 1648 humilitatis
775 1582 962 1663 explendum
991 1583 1129 1664 passioni
1160 1602 1194 1648 se
1217 1590 1248 1648 et

93 1686 268 1752 infirmitati
291 1688 359 1768 ipse
381 1687 530 1769 permisit
554 1708 646 1753 orans
667 1695 788 1752 tontum
812 1693 842 1752 et
865 1687 987 1752 dicens:
1010 1693 1126 1767 pater
1149 1707 1247 1752 com·

96 1791 241 1856 mendo
264 1792 304 1856 in
328 1812 467 1857 manus
498 1800 588 1858 tuas
619 1792 811 1872 spiritum
841 1811 976 1857 meum.
1023 1811 1083 1875 quo
1106 1790 1247 1872 exemplo

96 1896 152 1961 hic
175 1894 270 1973 idem,
293 1917 350 1977 per
379 1896 614 1962 slmilitudinem
644 1897 825 1977 passionum
855 1895 966 1960 futurae
997 1895 1062 1960 eius
1092 1895 1246 1977 passionis
1275 1927 1299 1963 ιι

94 1998 259 2082 propheta,
282 2020 344 2065 non
370 2001 558 2079 contradicit,
582 2022 643 2065 non
666 2000 782 2065 resistit
796 1999 938 2076 inimicis,
962 1998 1079 2064 mulum
1095 2020 1150 2080 pro
1165 1998 1247 2065 malo

94 2126 134 2170 er
160 2111 314 2184 praeeepto
337 2104 517 2190 coangelico
540 2124 602 2169 non
625 2106 768 2182 reddens,
791 2104 848 2169 sed
878 2103 1040 2168 dominica
1070 2110 1247 2169 mansuetu·

95 2208 180 2273 diuis
211 2207 380 2285 aemulslor,
409 2228 482 2273 cum
512 2207 684 2285 tribulatur,
723 2228 794 2273 cum
824 2208 972 2288 proditur,
1011 2226 1082 2272 cum
1112 2207 1247 2292 sugatur,

95 2313 268 2389 dominum,
285 2312 373 2377 cuius
389 2318 509 2377 tantum
526 2314 677 2379 aduersus
693 2312 805 2393 impios
821 2312 917 2376 armis
933 2312 1036 2389 utitur,
1053 2313 1246 2393 depreeatur.

143 2416 173 2479 2.
197 2415 321 2480 Psalmo
346 2423 448 2482 autem
473 2415 544 2482 huIc
567 2437 603 2482 er
634 2416 765 2481 historia
795 2414 900 2481 titulus
930 2415 1159 2497 praescribitur,
1190 2416 1246 2480 sed
1273 2445 1299 2482 20

96 2527 173 2584 ante
195 2519 366 2597 historiam,
390 2527 544 2604 quatenus
568 2527 598 2586 et
620 2520 746 2604 quando
769 2527 800 2586 et
822 2520 852 2584 in
885 2541 980 2604 quem
1010 2540 1056 2600 ea,
1087 2539 1157 2602 quae
1189 2519 1246 2583 sub

96 2624 230 2690 historin
260 2624 413 2703 dicuntur,
437 2645 456 2689 a
478 2625 567 2690 nobis
598 2625 659 2690 sint
688 2624 903 2708 intellegendo,
935 2630 1155 2688 monstrantur.
1201 2630 1248 2687 est

96 2729 184 2795 enim
216 2728 367 2808 primum:
397 2728 436 2792 in
466 2728 592 2794 iinem
622 2726 866 2794 intellectus
902 2727 967 2793 illi
999 2726 1136 2791 Dauid.
1183 2733 1248 2792 tum

95 2833 214 2899 deinde
236 2833 392 2916 sequitur:
416 2851 503 2899 cum
527 2842 727 2898 uenerunt
749 2831 902 2913 ziphei
926 2839 963 2897 et
986 2831 1178 2896 dixerunt
1201 2830 1248 2895 od

94 2935 213 3004 Saul:
244 2957 374 3001 nonno
405 2955 498 3003 ecce
530 2936 662 3002 Dauid
685 2937 913 3001 absconsus
944 2942 1005 3001 est
1028 2935 1131 3015 apud
1155 2933 1248 2999 nos?
1275 2966 1300 3001 aa

144 3094 163 3147 ὁ
181 3095 242 3147 not.
260 3112 303 3163 ap.
322 3093 397 3160 XIII,
416 3094 451 3147 22
469 3091 515 3160 (cf.
533 3093 547 3146 I
564 3093 632 3163 Reg.
654 3096 694 3161 13,
713 3091 767 3160 14).
804 3095 836 3147 13
854 3092 921 3146 Luc.
939 3092 1040 3158 XXIII,
1058 3094 1100 3146 46.

148 3285 235 3336 Iuon
262 3284 376 3353 ignarus
403 3290 435 3337 ut
458 3282 568 3351 profeta
592 3283 618 3335 R
648 3299 702 3335 non
731 3283 844 3351 ignarus
871 3283 918 3337 sed
953 3289 983 3335 ut
1010 3282 1146 3351 propheta
1172 3282 1251 3335 PI'E

96 3374 115 3425 3
135 3370 260 3424 mandati
277 3388 349 3441 supr.
368 3387 418 3423 scr.
437 3388 469 3422 m.
490 3370 505 3420 1
524 3369 551 3422 lt
602 3372 619 3423 6
638 3368 686 3437 qui
704 3369 793 3422 Iessae
812 3374 853 3422 cst
869 3369 893 3422 V
908 3369 955 3438 qni
975 3368 1047 3423 Iesse
1066 3376 1107 3423 est
1126 3369 1189 3422 We
1201 3369 1249 3436 qui

96 3458 177 3512 filins
195 3456 266 3511 Iesse
283 3463 326 3511 est
339 3456 380 3511 Rb
398 3453 456 3523 (ror
472 3462 523 3507 τοῦ
540 3456 672 3521 ’1ισσα1).,
709 3458 725 3509 7
744 3455 889 3509 decertant
909 3456 933 3508 V
982 3457 999 3509 8
1017 3461 1045 3509 ct
1063 3472 1162 3508 nomen
1180 3455 1250 3508 leni·

96 3552 190 3598 tatem
207 3543 227 3594 l'
277 3544 476 3600 seditem]
528 3547 561 3600 10
578 3542 741 3597 dominium.
761 3543 786 3595 V
827 3548 975 3610 reptnscs‘t
995 3543 1019 3594 l'
1069 3544 1100 3596 11
1121 3543 1249 3595 assistere

99 3632 155 3686 a?
210 3633 241 3685 12
259 3631 380 3700 passioni
399 3636 440 3684 set
458 3629 585 3684 firmitati
604 3631 663 3698 Ipse
681 3629 808 3698 permisit
824 3629 981 3697 Vpsssioni
1000 3647 1029 3682 se
1047 3635 1075 3682 et
1092 3627 1249 3682 infirmitati

97 3718 349 3786 temperarint
359 3718 423 3771 PTe
470 3716 848 3772 ηοω-1111110111
894 3718 925 3769 15
944 3716 1097 3770 einsom.l'
1141 3717 1173 3770 16
1185 3730 1251 3768 con·

97 3805 220 3860 rndixit
237 3805 260 3857 l'
312 3808 344 3860 17
362 3804 544 3904 ουιιαηςοΙὶοο
561 3803 609 3857 VR
663 3803 780 3856 reddens
799 3821 829 3855 es
846 3802 978 3856 resddsns
997 3802 1101 3855 nan
1153 3802 1184 3855 19
1202 3802 1250 3856 dm

105 3893 156 3946 VT
208 3891 392 3960 depraecetur
416 3891 464 3944 VR
516 3893 552 3944 20
569 3890 701 3944 historiae
728 3890 827 3943 titulus
852 3890 876 3941 l'
898 3889 998 3942 titulus
1025 3906 1060 3943 cx
1086 3889 1253 3942 historiali

95 3984 133 4036 st
154 3990 290 4048 qnatenus
308 4006 343 4016 -
362 3979 414 4031 sub
431 3976 548 4031 historia
566 3979 592 4030 in
612 3995 695 4045 rnorp.
713 3977 762 4045 ins.
787 3978 847 4029 odd.
872 3995 905 4030 m.
930 3980 950 4029 2
975 3977 998 4030 V
1048 3978 1082 4029 23
1100 3977 1206 4045 primus
1225 3977 1250 4029 Il

96 4072 130 4122 in
150 4066 206 4121 fine
220 4065 246 4118 R
297 4064 332 4117 2⁴
350 4062 451 4132 Ziphei
469 4064 495 4117 R
520 4062 609 4118 aziffei
629 4064 652 4116 V
674 4062 785 4131 zyfphsi
810 4061 840 4130 (p
865 4065 893 4115 in
910 4080 962 4117 ros.
986 4083 1057 4133 atrpr.
1083 4063 1254 4127 additam)1'

96 4152 220 4224 zyphaei
239 4152 265 4204 Τ
321 4158 350 4204 st
368 4151 465 4204 om.V
515 4151 551 4204 ad
568 4169 617 4204 om.
638 4150 714 4203 RP'I'
766 4152 800 4204 25
825 4149 1001 4204 absconditus
1020 4151 1045 4203 rt
1099 4158 1141 4205 est
1159 4151 1251 4203 nobis·

95 4258 165 4297 cum
186 4238 269 4292 m
356 4246 361 4263 '
