2790 4844
141 225 204 291 534
480 225 597 280 saneti
621 225 757 279 Hilarii
781 225 944 294 episcopi

142 429 355 497 conrumpunt.
401 415 457 480 hos
481 414 574 480 habet
596 422 698 491 astus,
722 413 780 480 has
804 420 921 479 tautum
940 414 1175 502 defatigationes
1190 418 1264 483 sentit

143 519 312 601 propheta,
347 539 417 584 cum
452 520 541 584 dicit:
575 519 660 583 uidi
695 539 769 583 non
804 527 1018 585 seruantes
1051 528 1209 603 paetum
1237 529 1264 586 et

143 624 421 689 tabescebam:
456 624 550 708 quia
584 622 748 706 eloquia
781 630 846 688 tua
880 644 954 688 non
985 626 1263 691 custodierunt.

143 729 316 812 consignati
340 728 517 793 testamenti
543 726 661 792 Israhel
686 727 776 792 lieres
792 734 984 812 nuncupatus
1007 738 1056 793 est
1079 736 1110 795 et
1132 730 1264 795 auditade

105 860 117 896 a
146 839 249 897 monte
273 832 390 896 damini
413 852 488 897 uoce
512 831 685 911 respondit:
721 832 861 907 omnia,
896 852 1157 917 quaecumque
1179 832 1262 898 dixit

145 939 251 1014 deus,
276 942 314 1001 et
335 936 544 1000 audiemus
568 945 605 1000 et
628 936 836 1001 faciemus.
882 941 913 999 at
933 956 1006 1001 uero
1029 937 1082 1003 ubi
1100 939 1159 1003 diis
1174 935 1262 1002 alienis

145 1041 293 1111 adorauit.
318 1040 368 1104 ubi
391 1040 526 1104 arunium
550 1059 584 1105 se
608 1039 758 1106 scelerum
782 1040 866 1104 uitiis
896 1041 1129 1123 conteruiuouit,
1163 1048 1261 1122 paetum

146 1156 176 1208 et-
200 1144 311 1209 audita
335 1144 570 1224 nuncupationis
594 1151 625 1207 et
647 1144 794 1224 professae
821 1144 1044 1209 obseruationis
1068 1147 1178 1210 amisit.
1217 1142 1260 1208 ela

146 1249 219 1331 quia
243 1249 325 1313 enim
350 1249 399 1313 dei
424 1268 483 1311 non
508 1248 726 1326 custodierunt,
761 1269 829 1332 qua
853 1268 887 1313 se
911 1248 1044 1313 facturos
1068 1250 1261 1330 auditurosque

93 1378 118 1414 ιο
146 1352 379 1434 responderunt.
424 1372 482 1417 nee
505 1373 584 1416 noua
607 1351 765 1433 prophetae
789 1353 880 1417 huius
896 1372 987 1435 super
1002 1355 1259 1433 praeuaricationem

147 1456 249 1537 populi
274 1456 360 1521 tabes
384 1464 445 1534 est3
469 1456 582 1539 quippe
606 1476 675 1521 euna
699 1466 729 1521 et
751 1456 908 1520 domiuum
925 1457 1027 1537 ipsum
1043 1458 1083 1522 ad
1098 1458 1259 1539 impietaten

148 1558 344 1626 Hierusalem
367 1558 580 1625 inlacrimasse
605 1580 776 1638 noscamus,
800 1575 829 1624 et
852 1572 887 1624 ex
912 1560 1053 1625 doctrina
1072 1562 1178 1627 eadem
1192 1574 1259 1638 super

147 1664 363 1745 inpanitentes
386 1663 540 1744 apostolus
557 1663 629 1729 fleat
645 1670 674 1729 et
689 1665 815 1744 insuper
831 1665 904 1744 ipse,
928 1665 953 1728 si
970 1665 1039 1747 quis
1056 1664 1257 1730 scandalizetur.

148 1775 260 1833 uratur.

97 1981 122 2018 a
194 1958 222 2022 9.
248 1958 309 2023 Sed
333 1959 384 2042 qui
409 1957 492 2023 dolet
515 1978 608 2039 super
630 1980 690 2024 non
713 1967 871 2025 seruantes
894 1967 1021 2040 paetum
1040 1968 1131 2045 atque
1147 1953 1256 2025 tabescit

149 2064 365 2128 mandatorum
388 2064 420 2127 in
444 2083 477 2128 se
501 2063 550 2127 dei
573 2083 633 2128 non
655 2063 770 2148 refugit
786 2084 926 2128 examen.
973 2065 1048 2130 dicit
1064 2066 1162 2131 enim:
1182 2058 1255 2126 uide.

150 2168 336 2251 quoniam
359 2168 550 2232 mandata
573 2174 639 2231 tua
662 2166 798 2245 dilexi,
822 2170 996 2234 domine:
1026 2169 1063 2233 in
1088 2175 1152 2234 tua
1173 2165 1256 2230 arise-

149 2272 330 2337 ricordia
363 2272 536 2336 uiuifica
570 2292 635 2335 mc.
680 2293 789 2352 piarum
820 2272 977 2354 prophetea
1007 2281 1062 2351 est,
1092 2294 1147 2358 per
1168 2276 1253 2335 melun

149 2376 271 2456 explere
295 2377 447 2452 mandata,
471 2377 526 2440 sed
551 2396 587 2440 ea
610 2377 712 2459 magis
735 2368 845 2460 diligit,
869 2378 940 2460 quia
963 2386 1049 2443 extra
1072 2376 1253 2443 necessitatem

98 2499 123 2537 20
151 2480 269 2545 timoris
293 2480 332 2544 sit
355 2479 527 2545 dilectionis
550 2481 692 2560 operatio.
738 2487 769 2545 et
789 2501 977 2564 quamquam
994 2502 1082 2546 amor
1098 2471 1256 2566 legissetis

151 2605 242 2668 quaro
265 2596 364 2648 metus
388 2584 434 2659 sit,
465 2604 523 2648 nou
549 2592 653 2648 tamen
676 2585 719 2648 ita
742 2585 787 2648 sui
811 2584 912 2650 fidens
947 2591 1002 2662 ast,
1037 2596 1070 2650 ut
1099 2605 1157 2650 non
1184 2571 1255 2655 magis

151 2687 302 2753 uiuifieari
333 2708 367 2753 se
396 2708 452 2768 per
482 2688 530 2751 dei
563 2689 808 2753 misericordiam
833 2689 1024 2770 deprecetur.
1071 2709 1130 2754 uon
1152 2701 1218 2751 nune
1234 2690 1255 2737 tt

151 2792 201 2858 ille
224 2793 328 2857 uiuere
352 2799 447 2872 putat,
481 2793 537 2856 sed
570 2793 665 2856 uitam
700 2799 842 2872 exempto
874 2793 931 2857 hoc
962 2793 1081 2858 irrortali
1112 2788 1256 2872 corporetl

152 2897 275 2962 absorta
297 2896 328 2959 in
352 2895 480 2980 gloriam
507 2895 734 2961 inmortalitatis
757 2904 919 2977 exspectat.

196 3126 212 3178 d
231 3122 318 3176 Exod.
337 3122 435 3189 XXIV,
454 3124 477 3177 3.
515 3126 547 3177 13
566 3124 600 3176 ef.
619 3125 645 3177 ll
665 3123 725 3177 Cor.
746 3125 786 3191 ll,
805 3125 846 3178 29.

198 3312 434 3383 ldefitigationes
467 3313 492 3366 V
515 3314 726 3382 defatigationes
749 3333 770 3384 p
831 3316 901 3369 nee
922 3332 970 3368 ora.
1003 3315 1027 3370 V
1089 3310 1230 3369 distrahel
1252 3300 1267 3355 l'

152 3454 226 3508 lieris
250 3453 275 3504 V
325 3453 414 3524 dpost
441 3453 585 3521 respondit
610 3451 685 3506 ..t-e
709 3454 756 3506 litt.
781 3471 847 3506 eros.
866 3453 892 3506 R
944 3453 1014 3507 fiad
1038 3471 1105 3508 uero
1130 3453 1175 3508 VC
1202 3398 1265 3505 dlisl

153 3539 263 3595 (111811ι
282 3536 442 3610 deosR⁸pE
493 3539 597 3593 alienos
616 3540 702 3606 R³pE
717 3539 751 3601 cf.
772 3541 885 3609 Georges
904 3540 964 3594 Lex.
984 3541 1006 3605 J,
1026 3538 1082 3594 136
1136 3535 1278 3596 'laborauit

160 3628 193 3681 V¹
246 3633 359 3697 pactum
377 3627 487 3680 auditae
507 3629 544 3697 (lp
597 3629 660 3681 set
678 3625 819 3695 professae
843 3627 1044 3681 obseruationis
1071 3645 1121 3682 om.
1142 3629 1180 3700 cp
1229 3630 1281 3680 eo

155 3783 213 3820 esse
228 3767 280 3821 VE
326 3724 547 3834 lOresponderant
563 3765 587 3817 V
588 3767 657 3834 sort.
667 3776 732 3819 recte
778 3766 1015 3834 praeuaricatione
1030 3766 1143 3837 VpEcs.
1150 3766 1251 3840 p.339‚
1264 3764 1289 3821 19

158 3855 185 3905 11
208 3858 235 3907 et
248 3853 294 3906 driu
306 3853 344 3923 Cp
398 3855 431 3905 12
448 3853 477 3905 in
496 3852 661 3906 hierusalem
679 3853 701 3906 l'
712 3852 876 3906 iherusalem
888 3856 911 3905 c
960 3869 1055 3907 exona
1071 3854 1097 3906 V
1151 3858 1185 3908 13
1203 3855 1294 3911 fleat

157 3941 189 3993 15
208 3938 257 3993 sed
275 3939 342 4008 quid
365 3940 390 3992 V
440 3957 492 4006 sup
511 3937 560 4007 (up
579 3940 663 4002 aaran.)
683 3940 708 3992 R
762 3941 795 3994 18
813 3956 863 4008 per
880 3940 967 3993 meC
1018 3940 1050 3995 19
1069 3943 1171 4009 quaC
1223 3951 1296 3999 extra

156 4045 186 4079 aa
204 4042 239 4079 ex
256 4026 328 4078 aa?
354 4027 378 4078 V
428 4029 462 4081 ‘20
481 4026 517 4079 sit
544 4027 572 4079 in
596 4025 659 4082 Vsi
679 4026 702 4078 C
751 4026 853 4079 amoris
880 4026 949 4095 legis
974 4027 998 4080 V
1047 4028 1079 4082 21
1100 4027 1189 4085 fidem
1217 4040 1257 4087 est
1280 4031 1298 4083 V

156 4118 188 4165 ut
217 4113 305 4181 magis
335 4113 357 4164 (ζ’
420 4115 454 4166 22
473 4130 523 4181 per
551 4112 770 4166 misericordiam
800 4111 844 4166 dei
872 4114 901 4165 E
927 4130 978 4180 per
1008 4114 1237 4174 misericordiam
1268 4121 1298 4192 t'p

156 4201 190 4253 23
200 4199 242 4252 illi
260 4200 280 4252 V
284 4198 292 4229 ¹
332 4199 396 4252 uiue
412 4199 445 4253 V¹
480 4201 607 4268 exemplo
619 4202 641 4252 t'
679 4200 833 4254 ilabsorto
850 4199 1119 4271 VRCp‚ef.Georpes
1137 4205 1296 4280 ll'ortfpd
