2790 4844
351 275 533 324 tractatus
553 270 587 323 in
605 270 776 338 psalmum
797 269 967 322 CXXXVIII.
1167 270 1226 333 751

79 463 235 544 scripturn
270 472 332 525 est:
367 467 404 524 et
438 461 717 524 descendente
751 480 793 523 eo
828 459 874 523 de
917 469 1050 524 monte
1081 467 1230 524 secntae

78 576 178 630 sunt
200 585 286 629 eum
309 564 443 628 turbae.
481 571 519 628 et
542 583 636 628 ecce
659 562 850 643 leprosus
873 563 1038 645 quidam
1057 564 1229 628 ueniens

78 670 282 735 adurebat
319 687 404 732 eum
442 668 598 733 dicens:
638 667 816 739 domiue,
852 667 885 730 si
919 668 990 742 nis,
1018 674 1134 748 potes
1170 687 1229 731 me

78 774 285 846 mundare.
331 773 619 836 etentendeus
653 770 1229 853 munumtetigiteumlesus
1286 754 1292 771 ⁴

78 877 242 942 dicens:
266 875 364 949 uolo,
390 875 592 940 mundare.
638 876 677 939 ad
701 876 872 939 sanandum
897 894 1018 958 quoque
1042 875 1228 940 centurionis
1270 899 1281 935 e

78 980 182 1046 filiam
217 980 348 1045 surrexit
370 980 528 1057 dominus;
567 979 717 1058 scripturn
755 985 802 1043 est
841 979 940 1043 enim:
979 993 1018 1043 et
1054 998 1230 1063 surgens

78 1085 201 1151 lesus
235 1085 485 1167 sequebatur
519 1103 604 1148 euru
638 1103 723 1147 cunr
761 1082 985 1165 discipulis
1020 1084 1114 1147 suis.
1159 1103 1229 1148 cum

78 1201 189 1254 autern
213 1187 387 1268 perfectum
411 1186 538 1253 illudio
564 1185 705 1251 leuandis
728 1185 934 1267 apostolorum
965 1187 1097 1268 pedibus
1127 1185 1229 1251 hunri-

78 1293 180 1359 litntis
203 1313 267 1358 suae
290 1291 427 1356 officium
452 1290 593 1371 expleuit,
624 1291 665 1355 itu
699 1290 852 1375 legimus:
887 1291 1070 1356 surrexit
1092 1312 1110 1354 o
1132 1311 1230 1357 cene

78 1404 118 1462 et
153 1397 289 1477 posuit
322 1396 573 1460 uestimenta
608 1415 677 1459 sua
711 1401 748 1459 et
782 1401 952 1476 accepto
982 1394 1112 1461 linteo
1136 1416 1229 1476 prae·
1257 1417 1281 1452 1⁰

78 1501 216 1573 cinxit
238 1520 288 1565 se.
333 1501 529 1584 cognoscitur
555 1500 659 1583 itaque
682 1499 713 1562 in
737 1500 875 1563 sessione
898 1501 963 1563 eius
987 1505 1018 1564 et
1040 1500 1229 1564 surrectione

78 1606 223 1679 doctriua
245 1612 338 1687 utque
360 1623 446 1684 opus,
470 1604 541 1686 quin
565 1610 596 1667 et
618 1623 760 1668 sermone
784 1609 814 1666 et
838 1623 930 1683 opere
954 1603 1004 1667 dei
1027 1603 1058 1667 in
1082 1623 1116 1668 se
1133 1603 1229 1683 patris

78 1708 216 1794 gloriam
240 1707 436 1788 praedicubat.

126 1813 156 1882 8.
182 1811 438 1876 intellexisti
460 1811 894 1894 omnescogitetiones
911 1810 1227 1894 measdelonge.

78 1924 226 1987 scrutans
249 1916 342 1981 corda
365 1922 396 1980 et
419 1935 509 1980 renes
534 1915 610 1979 deus
632 1920 694 1992 est3
730 1922 761 1978 et
784 1915 940 1997 quomodo
965 1917 1004 1980 de
1028 1914 1120 1999 longe
1144 1916 1229 1999 cogi·
1256 1935 1280 1972 1⁵

81 2020 217 2089 lotiones
240 2022 305 2085 eius
328 2018 491 2084 intellectae
515 2018 608 2083 sunt'?
653 2019 699 2083 de
730 2018 852 2101 longe
882 2039 943 2083 non
967 2020 1004 2082 od
1030 2018 1142 2097 locum,
1174 2020 1229 2084 sed

82 2126 121 2189 nd
147 2133 271 2204 tempus
294 2124 396 2188 refert.
440 2143 501 2187 non
527 2123 608 2187 enirn
633 2124 678 2187 de
712 2123 834 2206 longe
864 2122 1085 2206 intellegis
1116 2124 1166 2199 nit,
1197 2132 1230 2188 ut

83 2227 269 2313 significatio
303 2227 362 2292 loci
397 2247 466 2293 esse
500 2229 650 2304 credatur,
689 2232 849 2309 tamquam
883 2225 975 2309 louge
1010 2228 1047 2291 ab
1083 2227 1229 2291 humanis

86 2333 230 2412 operibns
248 2332 325 2396 situs
341 2332 462 2396 uirtutis
480 2352 542 2396 suae
564 2331 691 2396 scientia
708 2351 752 2410 es,
770 2351 838 2414 qnae
855 2332 1036 2415 cogitentur,
1053 2330 1228 2413 intelleget:

89 2438 140 2500 sed
164 2438 210 2500 de
233 2435 354 2520 longe
378 2434 642 2513 intellexisti,
665 2435 812 2516 praeteriti
837 2435 935 2515 potius
960 2436 1108 2516 temporis
1131 2435 1228 2519 signi·
1256 2452 1281 2490 2⁰

92 2535 181 2603 fiscus
204 2545 338 2604 aetatem.
384 2545 415 2603 et
439 2541 489 2604 ubi
513 2539 604 2617 istud,
627 2540 708 2622 quod
732 2538 825 2622 longe
842 2545 913 2604 ante
933 2540 1135 2623 cogitationes
1158 2560 1229 2604 suas

96 2643 276 2726 cognouerit,
292 2641 506 2723 reperiemus?
532 2663 644 2723 nempe
661 2643 712 2706 ubi
730 2643 857 2708 dicitur:
881 2663 973 2709 eece
998 2664 1093 2723 puer
1109 2663 1228 2721 meus,

99 2761 201 2826 quem
224 2746 343 2830 elegi,
360 2747 538 2811 dilectus
562 2767 680 2823 meus,
697 2748 733 2811 in
750 2768 825 2831 qno
842 2746 1230 2828 conplacuitunima

101 2865 182 2914 uec:
206 2871 347 2932 ponam
371 2852 563 2932 spiritum
588 2872 961 2932 meumsupereum,
979 2851 1229 2916 etiudicium

101 2955 280 3031 gentibus
303 2956 520 3019 nuntiabit.
566 2976 640 3019 non
664 2956 867 3031 clamabit,
892 2976 966 3020 non
994 2955 1226 3033 contendet,
1257 2973 1282 3008 2⁵

100 3060 452 3142 nequequIsquam
483 3061 521 3122 in
556 3059 868 3139 pluteisuooeru
893 3061 978 3124 eius
1002 3060 1153 3124 audiet.
1199 3067 1230 3124 et

97 3247 265 3385 XIIantth.
285 3251 357 3318 llll,
386 3254 399 3305 1
428 3269 468 3318 sq.
505 3252 637 3304 6Mettlr.
662 3252 708 3318 IX,
738 3254 777 3304 19.
814 3250 906 3304 91011.
926 3252 999 3318 Xlll,
1017 3256 1042 3303 4.
1078 3250 1228 3318 ustulans.

146 3339 200 3394 ,18
217 3355 257 3406 sq.

137 3507 225 3562 icum
244 3516 308 3562 sunt
327 3510 378 3561 PT
429 3510 544 3564 ueniens
571 3529 619 3563 om.
639 3512 702 3564 PTe
753 3512 926 3580 totetigit
944 3529 1006 3565 eum
1027 3512 1052 3563 I’
1102 3511 1171 3565 fred
1190 3511 1229 3564 Re

101 3606 127 3656 ²2
139 3611 167 3664 ad
185 3614 235 3666 PT
234 3616 249 3666 b
303 3597 424 3694 sanandi
444 3615 469 3667 P
520 3615 689 3668 centurionis
699 3615 775 3668 RVF
792 3581 1004 3683 irchisynegogi
1024 3616 1051 3666 E
1102 3599 1232 3697 6111111)

104 3706 223 3771 iinciens
241 3719 404 3770 rrzcaena
423 3718 449 3769 1’
502 3721 531 3770 11
552 3723 580 3770 et
598 3719 771 3771 surrectione
796 3720 821 3771 R
845 3723 874 3772 et
900 3719 1104 3773 resurrectione
1123 3738 1136 3771 e
1154 3724 1182 3772 et
1200 3719 1229 3771 in

106 3804 289 3857 reunectIone
301 3804 350 3856 PT
350 3805 364 3855 b
419 3806 451 3856 12
470 3805 514 3857 dei
534 3804 562 3856 in
581 3822 610 3858 se
628 3805 715 3873 patris
733 3805 851 3871 gloriam
861 3806 915 3859 RE
925 3806 969 3859 dei
989 3806 1017 3858 in
1036 3806 1122 3872 petris
1140 3803 1230 3873 glorie

105 3881 174 3943 Pdei
191 3891 278 3959 patris
296 3891 458 3959 gloriemT
513 3894 544 3944 17
563 3890 688 3960 intellegi
708 3910 736 3944 se
755 3892 795 3945 eit
814 3893 839 3945 R
893 3895 926 3947 18
944 3892 1111 3960 significatio
1128 3893 1166 3945 Re
1185 3909 1229 3946 res

103 3970 154 4028 Plo
205 3982 237 4033 19
256 3978 326 4032 nitus
344 3978 459 4031 uidetis
486 3995 551 4031 sune
570 3979 734 4032 scientiaea
752 3996 822 4047 quae
842 3980 866 4031 R
885 3979 921 4032 sit
947 3996 1010 4031 curn
1038 3996 1089 4031 usu
1117 3979 1230 4032 uirtutis

97 4078 153 4118 ruse
171 4069 199 4118 et
217 4065 333 4118 scientie
351 4082 420 4132 quae
440 4066 490 4117 PT
508 4065 544 4117 sit
572 4082 635 4119 curn
654 4065 716 4127 nisu
732 4066 845 4119 uirtutis
864 4083 929 4119 sune
948 4071 976 4118 et
995 4066 1111 4119 scientia
1129 4083 1199 4133 quae
1217 4085 1230 4118 e

93 4152 125 4206 Ἄ)
149 4151 313 4205 intellexisti
341 4152 394 4203 TE
418 4152 559 4205 intellexit
577 4152 630 4205 ΗΡ
697 4153 732 4204 22
753 4153 942 4221 repperiemus
967 4153 992 4205 R
1017 4153 1188 4221 repperimus
1207 4154 1232 4205 I'

86 4239 122 4298 24
137 4255 192 4308 sup
211 4255 275 4291 eum
293 4244 352 4306 sprir
372 4236 435 4290 meir
455 4240 480 4291 R
497 4241 543 4291 sed
559 4241 593 4292 cf.
609 4259 637 4309 p.
656 4239 723 4304 663,
743 4241 760 4292 4
814 4242 847 4292 25
872 4256 927 4293 non
952 4240 1083 4294 clamabit
1104 4259 1152 4292 om.
1173 4240 1228 4291 Vr.
