2790 4844
150 227 212 292 782
491 226 607 279 sancti
631 226 766 280 Hilarii
794 226 957 294 episcopi

150 418 200 483 die
223 416 329 481 iudicii
353 416 410 481 erit
433 416 510 479 ratio
533 415 703 481 reddenda
749 416 875 480 maximi
906 417 998 481 etiam
1035 416 1158 485 laboris
1183 425 1230 484 est
1249 438 1289 483 cor

149 542 168 585 a
190 520 300 605 laqueo
324 518 455 585 referre:
480 518 570 583 malm
594 519 677 584 enim
700 520 900 604 cogitationes
922 520 961 584 de
976 523 1084 587 corde
1102 530 1225 589 exeunt
1265 522 1286 586 hi

149 626 293 691 omuibus
317 624 406 690 nobis
436 623 537 708 laquei
571 624 686 708 ubique
720 625 864 705 praeteuei
895 633 982 704 sunt:
1017 632 1052 692 et
1088 629 1226 693 orandus
1251 637 1285 691 est

150 732 300 808 dominus,
330 735 364 793 ut
394 729 432 793 ab
463 726 512 793 his
543 728 686 793 omnibus
720 728 838 812 laqueis
871 727 945 794 fidei
980 738 1099 795 uostrae
1134 731 1236 813 pinnis
1264 738 1285 795 el

111 861 123 896 a
151 835 276 914 spiritus
300 832 465 898 euolemus.

194 957 223 1021 8.
249 955 546 1037 Dehiuosequitur:
583 955 666 1019 dixi
700 955 874 1020 domino:
909 957 1009 1021 deus
1035 976 1151 1023 meus
1182 964 1283 1022 estu:

150 1059 343 1136 inaurire,
368 1060 535 1136 domiue,
570 1080 706 1124 uocem
741 1059 942 1124 orationis
976 1079 1082 1125 meae.
1130 1063 1282 1132 domiue

150 1165 283 1228 uirtus
307 1162 456 1228 salutis
473 1184 573 1241 meae,
597 1164 853 1229 obumbrasti
877 1183 999 1244 super
1021 1175 1148 1248 caput
1172 1184 1283 1230 meum

150 1268 188 1331 in
213 1268 277 1332 dis
301 1266 410 1332 belli.
455 1287 501 1332 ue
535 1269 683 1344 tradas,
719 1268 887 1345 domine,
918 1287 937 1331 a
967 1268 1185 1335 desiderio
1216 1289 1282 1334 meo

98 1395 123 1432 ιο
150 1372 380 1453 peccatori:
416 1358 714 1456 cogitauerunt,
737 1392 812 1436 non
848 1372 989 1437 tradas
1024 1393 1095 1452 me,
1128 1374 1281 1449 domine

150 1496 198 1542 ne
231 1495 414 1559 umquam
449 1475 691 1540 exaltentur.
718 1484 768 1553 ,et
802 1475 853 1541 hic
891 1477 1089 1543 intercedens
1128 1477 1282 1558 diapsalma

150 1581 273 1646 uidetur
287 1580 424 1664 aliquam
445 1579 685 1645 demutationem
702 1579 851 1663 attulisse,
868 1589 899 1646 et
913 1600 974 1645 non
990 1581 1137 1666 exiguam
1155 1583 1281 1667 quidem:

151 1705 286 1769 namque
310 1703 380 1750 eum
405 1685 543 1764 superius
564 1685 603 1749 de
619 1685 755 1769 cogitate
769 1684 1024 1765 subplantatioue,
1049 1686 1090 1750 de
1106 1686 1280 1751 absconditis

151 1787 278 1872 laqueis,
314 1790 353 1853 de
387 1788 524 1852 extensis
557 1787 747 1869 muscipulis,
782 1789 821 1854 de
854 1787 1010 1853 scandalis
1043 1791 1155 1872 positis
1192 1807 1279 1854 sermo

100 1913 124 1948 ιι
151 1892 252 1956 omnis
275 1891 391 1969 fuisset,
416 1911 496 1956 nuno
519 1893 558 1956 ad
582 1895 675 1958 deum
697 1892 828 1957 refertur
850 1893 962 1957 oratio:
997 1893 1083 1957 dixi
1118 1894 1278 1957 domiuo:

150 1997 247 2061 deus
285 2016 394 2061 meus
429 2015 469 2061 es
504 2002 552 2060 tu.
598 2015 660 2060 non
694 1995 772 2061 leuis
806 2003 898 2080 atque
933 1996 1053 2080 exiguae
1089 1996 1210 2064 fiduciae
1243 2003 1279 2060 est

151 2100 274 2164 domiuo
298 2100 428 2165 dixisse:
463 2100 559 2165 deus
590 2120 700 2166 meus
731 2120 772 2165 es
806 2107 853 2164 tu.
899 2098 982 2182 loqui
1007 2100 1090 2165 istud
1114 2121 1203 2166 meus
1225 2099 1278 2164 libi·

150 2204 266 2281 dinosa,
282 2225 384 2283 auara,
399 2203 543 2281 insolens,
568 2204 654 2269 ebria
675 2202 807 2270 fideliter
822 2224 882 2268 nou
899 2210 1008 2285 potest
1053 2205 1276 2270 renuntiandum

151 2307 199 2373 his
223 2309 364 2374 omnibus
388 2315 488 2373 estet
512 2329 530 2372 a
552 2309 698 2373 seruitute
721 2328 828 2373 eorum
852 2328 888 2373 ac
911 2308 1062 2374 famulatu
1091 2309 1276 2374 desinendum

97 2430 123 2466 ιι
151 2420 205 2490 est,
231 2420 266 2477 ut
288 2413 326 2477 ab
358 2411 406 2476 his
430 2412 607 2477 desinentes
641 2413 744 2478 dicere
777 2413 961 2478 audeamus:
996 2413 1082 2477 dixi
1117 2413 1274 2478 domiuo:

151 2517 247 2581 deus
282 2535 392 2581 meus
423 2536 463 2581 es
493 2527 540 2580 tu.
587 2523 617 2580 et
640 2516 709 2582 haec
732 2517 858 2600 quidem
881 2535 1023 2598 persouae
1045 2523 1167 2596 nostrae,
1197 2533 1274 2600 quau
1315 2584 1317 2599 Ι

150 2627 278 2697 tautum,
291 2621 322 2685 in
338 2633 486 2703 quantum
501 2621 548 2685 sas
564 2627 618 2699 est,
630 2620 750 2702 psalmo
764 2622 981 2698 admiscemus,
993 2621 1038 2684 ita
1052 2628 1195 2702 coaptata
1208 2625 1272 2684 suut
1315 2601 1317 2616 '

193 2726 221 2790 9.
247 2726 309 2791 Sed
333 2733 363 2790 et
388 2725 513 2790 domino
537 2745 658 2808 quoque
688 2725 832 2789 usitatum
856 2731 888 2789 et
910 2724 1058 2807 frequens
1082 2732 1113 2791 et
1135 2725 1271 2809 proprium

150 2837 253 2909 estut
275 2829 402 2894 dixerit:
428 2829 510 2895 dixi
535 2829 710 2893 domiuo:
735 2829 832 2894 deus
855 2848 965 2894 meus
987 2848 1030 2893 es
1052 2836 1101 2894 tu.
1124 2843 1271 2910 numquam

98 2949 122 2986 2⁶
149 2933 354 2998 confessionis
378 2933 469 2997 huius
492 2932 641 2998 honorem
665 2932 797 3016 negauit,
820 2942 854 2998 ut
869 2939 900 2998 et
915 2932 1077 2997 domiuum
1097 2931 1271 2998 confiteretur

150 3046 180 3103 et
203 3039 293 3103 deum
319 3038 440 3103 diceus:
472 3038 677 3103 confiteor
710 3037 794 3114 tibi,
820 3024 937 3118 pater
959 3038 1122 3102 domiue
1144 3034 1223 3102 caeli
1242 3044 1270 3095 et

150 3149 283 3221 terrae;
308 3149 487 3207 etrureum:
513 3145 696 3208 addeum
719 3142 1267 3207 meumetaddeumuestruu.

149 3247 246 3311 oratio
271 3267 394 3331 quoque
417 3248 444 3311 ei
468 3266 593 3327 semper
615 3246 654 3311 ad
678 3248 769 3311 deum
792 3246 893 3311 omnis
916 3245 980 3311 luit
1027 3246 1175 3310 Lazarum
1193 3239 1268 3308 susci·
1315 3268 1317 3273 ·

150 3359 265 3416 tuturus
283 3358 365 3429 orat;
388 3371 484 3431 panes
501 3356 531 3416 et
547 3352 648 3432 pisces
663 3350 882 3415 benedicturus
901 3351 968 3430 ipso
983 3350 1024 3414 ad
1039 3349 1151 3415 ceelum
1165 3351 1267 3429 aspectu

97 3470 123 3506 ³⁰
149 3465 309 3536 precatur;
345 3454 472 3520 calicem
507 3455 657 3520 bibiturus
690 3473 807 3538 pernox
841 3461 916 3518 orat.
961 3460 1031 3535 post
1068 3453 1266 3520 confessionem
1315 3470 1317 3479 ·

192 3613 327 3666 umecta.
346 3613 403 3677 xv,
425 3615 465 3667 19.
500 3614 535 3666 ae
553 3611 652 3665 naseu.
670 3611 716 3678 ιιι,
736 3613 778 3666 ae.
813 3612 847 3664 so
865 3611 923 3665 Ioh.
941 3611 1000 3678 xx,
1021 3613 1061 3665 m.

191 3769 319 3837 4pinnie
347 3770 372 3821 R
398 3768 496 3837 pennis
516 3769 543 3819 E
592 3769 711 3835 Ssuper
738 3765 828 3835 capud
856 3764 950 3835 (super
976 3784 1049 3837 supr.
1074 3784 1125 3820 aer.
1151 3785 1182 3819 m.
1208 3764 1230 3827 Ι)
1255 3759 1272 3813 ll

151 3858 184 3908 10
202 3857 396 3924 cogitauerunt
414 3856 440 3909 R
458 3855 653 3924 cogitauerunt
678 3853 825 3908 wucmum
851 3871 896 3906 me
915 3854 943 3905 E
967 3854 1002 3922 ςΐ.
1030 3854 1153 3907 Subutier
1171 3853 1206 3919 ll,
1230 3844 1274 3903 :²72

152 3943 183 3993 19
201 3947 243 3995 est
261 3952 321 3995 onte
338 3947 367 3997 el
384 3959 432 3995 om.
452 3942 480 3994 Ε
489 3942 523 4007 cf.
537 3943 609 3995 stad.
623 3939 697 3994 1889
705 3959 734 4010 p.
746 3938 804 3993 316
865 3942 897 3993 21
918 3957 1001 4008 quam
1019 3958 1069 3993 om.
1090 3941 1131 3995 G?
1181 3943 1278 3995 ffltsu·

55 4020 57 4025 ’
150 4033 208 4080 tum
230 4028 255 4078 G
278 4047 325 4081 om.
346 4030 401 4082 RE
468 4031 503 4082 24
520 4033 552 4082 ut
575 4027 677 4081 dixerit
697 4027 723 4080 G
740 4035 772 4081 ut
789 4027 910 4081 diximus
929 4028 984 4081 RE
1052 4029 1087 4082 26
1115 4024 1282 4082 confitens

150 4113 339 4170 confiteborE
390 4119 423 4170 27
442 4121 470 4170 et
481 4118 516 4170 ad
529 4117 712 4170 dmuestrum
727 4116 751 4168 G
765 4121 793 4170 et
805 4115 888 4170 deum
897 4119 1023 4169 uestrum
1034 4116 1090 4169 RE
1142 4117 1284 4185 28eempcr

149 4202 184 4254 ed
203 4201 249 4254 dm
270 4203 295 4254 G
312 4204 348 4256 ud
366 4204 448 4257 deum
467 4219 576 4271 semper
594 4204 649 4256 RE
699 4204 734 4257 30
752 4209 898 4272 praecatur
918 4203 978 4255 GR.
