2790 4844
145 241 207 307 326
491 243 607 297 sancti
631 243 763 297 Hilarii
787 244 945 312 episcopi

147 432 315 513 profitetur,
338 453 419 497 nunc
442 453 515 498 uera
538 432 668 498 eonsciae
691 433 723 498 in
746 454 780 497 se
804 431 911 497 salutis
934 432 1047 497 fiducia
1069 439 1124 511 est,
1149 453 1232 515 cum,
1256 453 1287 499 ne

149 558 182 602 se
206 556 294 619 aquae
319 542 488 617 tempestas
512 538 680 620 demergat,
703 543 855 618 precatur.
901 556 972 602 uam
1005 537 1145 602 eiusdem
1176 548 1287 602 natura

146 662 205 706 non
230 649 277 705 est
300 647 333 706 et
356 641 532 706 demersam
561 641 623 705 iam
647 661 715 706 esse
739 647 778 717 et,
812 661 851 706 ne
874 642 1082 725 demergatur,
1104 662 1208 706 orare:
1237 642 1287 706 sed

147 745 221 822 eius,
246 766 314 830 quae
337 765 392 826 per
415 765 526 826 corpus
554 744 627 810 licet
650 765 752 810 mersa
774 765 834 809 non
859 752 962 809 tamen
986 745 1026 810 sit
1048 746 1217 811 detinenda
1240 766 1287 819 per

107 877 119 912 r
148 849 298 931 spiritum.
343 857 373 914 et
403 849 472 914 ideo
503 869 591 926 nunc,
623 869 661 914 ne
692 849 892 915 absorbeatur
927 848 1077 929 profundo
1100 870 1179 914 neue
1202 869 1287 931 super

147 974 180 1019 se
204 960 314 1034 puteus
337 973 372 1018 os
403 973 492 1018 suum
523 953 654 1032 claudat,
685 960 834 1033 precatur.
879 953 910 1017 in
934 959 1025 1034 puteo
1056 954 1140 1019 enim
1163 954 1287 1019 inferna

148 1057 253 1122 mortis
279 1059 384 1123 sedem
410 1057 579 1141 significari
596 1064 626 1123 et
640 1056 778 1138 psalmus
794 1055 872 1121 alius
897 1058 984 1122 testis
1000 1065 1054 1133 est,
1078 1077 1147 1122 oum
1165 1058 1287 1123 dieitur:

148 1170 316 1239 tunore,
340 1162 509 1238 domiue,
533 1163 710 1227 deduces
735 1181 801 1227 eos
825 1163 862 1225 in
892 1168 1055 1243 puteum
1086 1162 1287 1227 interitus

148 1267 327 1331 demersum
349 1264 410 1330 hoc
432 1265 680 1348 profundumque
703 1273 864 1346 puteorum
884 1266 1002 1330 inferna
1017 1272 1106 1330 terrae
1124 1265 1287 1351 significari

96 1394 121 1431 ιο
150 1371 376 1434 demonstrans.
421 1389 461 1433 ne
485 1371 642 1435 contineat
672 1388 748 1452 ergo
777 1390 870 1450 super
900 1389 968 1433 eum
997 1375 1108 1450 puteus
1136 1390 1171 1434 us
1203 1389 1287 1434 suum

147 1473 288 1555 postulat.
333 1472 513 1554 inpossibile
536 1476 620 1538 enim
643 1479 691 1538 est
707 1475 800 1539 deum
816 1474 886 1538 uitae
911 1475 1007 1554 portis
1023 1473 1136 1539 inferni
1151 1475 1282 1539 detineri

193 1576 244 1642 16.
268 1578 315 1642 Ac
339 1597 377 1641 ne
400 1578 430 1642 in
455 1598 499 1656 eo,
522 1578 602 1661 quod
628 1584 757 1643 mortem
781 1584 893 1642 nostrae
909 1578 1096 1642 infirmitatis
1111 1579 1287 1660 adsumpsit.

148 1679 317 1746 secundum
340 1679 509 1746 humanam
533 1681 751 1747 necessitatem
775 1681 889 1764 aliquid
920 1701 958 1747 ex
989 1682 1095 1746 mortis
1125 1683 1287 1748 acerbitate

148 1792 298 1862 maereret,
322 1784 466 1850 subiecit:
491 1786 638 1850 eraudi
662 1806 727 1863 me,
752 1786 919 1862 domiue,
943 1786 1129 1869 quoniam
1153 1788 1287 1851 suauis

96 1914 122 1951 a
149 1888 728 1955 estmibimisericordiatua:
752 1891 971 1955 secuudum
987 1889 1287 1956 multitudinem

149 1993 448 2059 misericordiae
472 2001 544 2059 tuas
567 1995 762 2074 conspice
786 1995 823 2058 in
847 2014 913 2059 me.
949 1993 1009 2059 boc
1032 1994 1114 2059 enim
1139 1996 1169 2059 in
1196 1993 1287 2059 multi·

150 2098 255 2162 tudine
278 2097 499 2163 misericordias
523 2098 749 2179 beneplacitum
780 2104 828 2162 est
857 2104 988 2180 tempus
1023 2118 1092 2162 cum
1116 2099 1148 2163 in
1172 2119 1207 2166 se
1229 2099 1287 2164 uni·

150 2221 306 2267 uersomm
343 2202 503 2267 homiuum
536 2203 631 2266 uitam
665 2204 740 2268 deus
776 2203 927 2267 miserans
961 2210 995 2267 ut
1027 2203 1189 2268 miserator
1219 2205 1287 2270 deur

149 2305 243 2371 uitem
268 2313 353 2370 esset
376 2305 542 2390 largiturus
566 2327 603 2371 ex
627 2308 761 2371 mortuis.
807 2308 863 2372 sed
894 2307 944 2392 qui
977 2326 1102 2372 suauem
1128 2306 1211 2372 bano
1235 2309 1287 2374 sibi

99 2430 125 2468 ro
152 2430 220 2475 esse
244 2410 293 2474 dei
317 2410 560 2474 misericordiam
585 2411 763 2491 testabatur,
799 2419 950 2491 suscepte
973 2419 1075 2475 tamen
1106 2410 1287 2478 infirmitati

153 2526 263 2579 uostrae
279 2513 515 2579 sollicitudinem
534 2535 594 2578 non
611 2514 726 2579 relaxat
742 2515 862 2580 dicens:
887 2536 933 2580 ne
956 2523 1120 2580 auertas
1145 2514 1287 2581 faciem

151 2625 255 2683 tuam
293 2638 311 2681 a
349 2639 470 2698 {tuero
507 2625 588 2683 tuo:
627 2619 813 2702 quoniam
858 2619 1051 2693 tribulor,
1091 2610 1287 2686 ueloo'iter

151 2723 295 2787 exaudi
333 2744 402 2788 me.
448 2724 616 2788 intende
653 2723 792 2788 anima
831 2744 922 2789 meae
957 2730 996 2789 et
1028 2721 1162 2788 libera
1196 2745 1279 2790 eum

150 2834 318 2908 propter
349 2827 540 2893 inimicos
571 2847 677 2892 meos
708 2828 821 2907 eripe
851 2848 916 2892 me.
961 2826 1063 2891 omnia
1093 2832 1127 2891 ut
1150 2828 1286 2893 homos

98 2949 124 2988 a
151 2932 266 3011 patitur
299 2937 329 2995 et
363 2929 502 3015 loquitur.
548 2951 617 2995 nam
654 2952 691 2996 er
725 2933 919 3012 susceptione
949 2931 1049 2996 carnis
1079 2937 1109 2996 et
1139 2952 1218 3013 puer
1253 2953 1286 2999 es

153 3036 323 3100 secundum
347 3034 436 3099 illud:
460 3055 554 3100 ecce
577 3056 674 3117 puer
697 3055 814 3113 meus,
838 3056 950 3120 quem
974 3035 1093 3119 elegi,
1116 3037 1287 3102 dilectu:

154 3159 272 3217 meus,
317 3140 354 3203 in
401 3159 474 3222 quo
519 3139 757 3220 conplacuit
801 3141 938 3204 animae
983 3158 1083 3216 meae,
1130 3148 1162 3206 et
1204 3142 1287 3207 cituu

154 3243 297 3307 auxilium
331 3242 517 3308 tribulationi
563 3263 626 3308 sua
660 3252 725 3308 orat
759 3250 789 3308 et
822 3244 940 3309 intendi
974 3245 1004 3308 in
1040 3243 1177 3309 animam
1210 3265 1287 3311 suen

197 3435 275 3488 ens.
294 3433 364 3501 ura,
382 3437 424 3488 24.
460 3436 495 3488 aa
513 3434 586 3488 naar.
605 3435 688 3501 xnrr,
709 3438 731 3488 r.

200 3607 413 3676 lprofiteretur
438 3607 469 3660 l‘'¹
523 3608 647 3661 conscius
667 3609 692 3661 R
711 3607 896 3662 conscientiae
919 3608 945 3660 P
995 3610 1180 3676 2prueoetur
1198 3635 1233 3646 -
1251 3608 1287 3664 de

154 3711 273 3747 mersam
292 3696 318 3746 in
337 3712 418 3764 morp.
437 3693 640 3764 erpualdus?
658 3696 681 3747 l'
729 3697 798 3749 dne
817 3696 876 3747 cdd.
895 3713 927 3747 m.
946 3693 1006 3746 21‘
1055 3695 1159 3748 hneut
1177 3699 1287 3764 superi

154 3784 337 3849 6praecetur
362 3781 410 3834 l'R
462 3781 491 3834 in
510 3787 624 3849 puteum
644 3782 669 3834 R
725 3785 756 3833 12
775 3782 830 3834 iem
856 3781 885 3834 iu
913 3797 945 3833 eo
970 3781 1042 3848 quod
1062 3781 1089 3833 P
1141 3783 1173 3834 13
1193 3783 1287 3850 aliqui(

154 3869 179 3921 ei
198 3883 264 3920 exe
316 3868 467 3921 acerbitate
487 3869 512 3921 ll
568 3871 601 3922 14
626 3871 765 3921 moereret
791 3868 853 3920 ideo
872 3867 990 3921 subiecit
1008 3869 1023 3920 b
1040 3867 1152 3921 hereret
1180 3874 1210 3922 et.
1237 3871 1287 3927 sub

155 3954 220 4007 iecit
246 3954 269 4005 l'
284 3954 395 4008 hereret
421 3961 449 4007 et
476 3954 539 4008 ideo
567 3954 685 4008 subiecit
712 3954 755 4006 Pa
782 3954 910 4007 haereret
933 3954 996 4007 ideo
1020 3954 1139 4008 subiecit
1156 3957 1196 4007 ed.
1216 3956 1287 4013 Bae]

159 4040 238 4101 rata,
258 4041 321 4093 Por.
342 4040 416 4092 1572
471 4044 502 4094 16
520 4043 594 4094 enim
613 4041 821 4095 multitudinem
847 4039 879 4093 l1'¹
936 4044 966 4094 17
985 4041 1056 4095 bene
1082 4042 1143 4094 odd.
1171 4060 1206 4094 m.
1236 4041 1256 4095 2
1279 4048 1287 4102 1

157 4130 189 4180 rs
207 4121 283 4179 mr
351 4128 399 4180 sea
418 4128 481 4195 qua
501 4128 539 4180 ru
592 4131 627 4180 er
644 4110 676 4181 {a
694 4147 740 4180 aa.
768 4128 791 4180 r
858 4127 941 4180 nomo
959 4129 1019 4180 aar.
1040 4146 1073 4180 m.
1093 4126 1113 4179 a
1137 4128 1162 4181 u
1232 4128 1287 4189 aas

155 4214 260 4282 potitur
277 4215 299 4268 l'
314 4216 420 4282 petitur
431 4216 456 4266 P
505 4218 539 4268 25
559 4223 660 4268 estem.
678 4216 700 4269 l'
750 4217 784 4269 26
802 4213 866 4266 illut
883 4215 906 4266 l'
948 4215 1121 4268 aetermam
1140 4213 1287 4281 (carbula
