2790 4844
418 252 598 301 tractatus
617 247 653 301 in
674 247 846 315 psalmum
866 248 974 301 CXXII.
1205 248 1267 314 583

121 437 337 502 indemutabili
372 437 541 518 pertinacia
581 436 668 502 falsis
702 436 902 520 religionibus
938 437 1122 515 detinentur,
1160 439 1202 501 ita
1234 445 1269 503 ut

120 543 240 607 reflecti
266 564 283 606 a
307 542 574 623 superstitionibus
599 542 663 606 suis
685 542 752 606 ueri
775 541 890 606 ratione
913 542 1114 621 nonpossint
1138 542 1268 608 diuersis
1337 627 1340 630 Α

118 647 190 724 diis,
215 654 247 711 nt
279 656 401 722 uocant,
432 653 652 726 perseuerante
687 645 813 710 stultitia
848 645 1016 710 seruientes
1047 654 1077 711 et
1107 646 1132 710 si
1163 646 1269 710 anima

120 751 319 830 peccantium
350 758 441 831 capta
470 750 613 815 uitiorum
646 749 810 815 inlecebris
841 749 1040 814 deuotissime
1072 750 1168 814 seruit
1190 757 1267 814 tam-

117 876 216 937 quam
240 855 405 938 imperanti
428 854 487 918 sibi
511 854 639 934 corpori,
663 862 778 937 quanto
802 875 858 917 nos
881 855 984 938 magis
1005 854 1151 919 conuenit
1174 855 1265 918 deum
1307 882 1319 918 a

117 959 311 1023 (conditorem
334 958 401 1023 caeli
425 965 456 1022 et
478 965 567 1023 terrae
591 966 820 1040 cognoscentes,
844 960 906 1040 qui,
928 967 962 1022 ut
984 965 1093 1039 potens
1116 958 1208 1023 fuerit
1230 979 1266 1022 er

117 1075 203 1127 terra
226 1063 363 1127 inanima
387 1063 526 1126 animare
556 1061 722 1138 hominem,
753 1063 796 1126 ita
826 1071 856 1127 et
885 1070 993 1143 potens
1024 1062 1062 1126 sit
1097 1061 1265 1141 hominem,

115 1167 171 1250 qui
196 1167 349 1231 animatus
372 1166 526 1240 occiderit,
551 1167 582 1230 iu
606 1166 787 1231 {clamitatis
811 1167 998 1231 consortium
1023 1168 1164 1242 excitare,
1199 1168 1265 1234 sinc

115 1271 240 1336 detloru
265 1271 367 1354 aliquo
391 1290 426 1336 ac
450 1270 542 1335 deuia
564 1270 712 1354 religione
736 1270 879 1336 uenerari
903 1291 1002 1354 neque
1026 1291 1185 1354 quoquam
1208 1272 1263 1336 ini-

115 1385 155 1439 tae
180 1375 253 1440 fidei
277 1375 480 1456 pertinaciam
504 1375 689 1440 deflectere?
983 1363 986 1368 ⁴
1042 1438 1045 1444 ,
1292 1401 1316 1437 ιο

59 1522 60 1525 ¹
162 1479 190 1543 6.
215 1479 254 1544 Et
277 1480 365 1545 ducet
388 1479 539 1559 propheta
563 1479 619 1544 bos
643 1478 755 1544 mentis
779 1500 842 1544 suar
867 1479 971 1544 oculos
994 1479 1206 1544 indemutabili
1222 1482 1261 1545 ad

114 1586 211 1648 deum
235 1604 359 1663 semper
382 1604 451 1648 esse
485 1584 594 1648 obtutu
616 1583 738 1648 dicens:
773 1603 867 1648 ecca
902 1584 1009 1649 sicut
1042 1583 1150 1648 oculi
1183 1605 1262 1649 ser-

115 1708 256 1752 uorum
279 1689 318 1751 in
343 1707 482 1752 manus
506 1687 759 1752 dominorum
783 1707 944 1753 suorum
968 1696 1004 1752 et
1027 1687 1135 1753 sicut
1154 1688 1261 1753 oculi

114 1791 276 1856 ancillae
300 1792 340 1855 in
365 1811 505 1856 manus
531 1792 700 1856 dominre
724 1812 817 1856 suae:
848 1792 907 1856 sic
930 1790 1037 1858 oculi
1061 1792 1190 1857 nostri
1215 1793 1261 1856 ad

113 1897 318 1959 domiuum
344 1896 458 1960 deum
482 1903 674 1970 nostrum,
706 1898 832 1960 donec
863 1897 1111 1962 misereatur
1134 1896 1261 1962 nobis.
1288 1919 1312 1954 a

113 1999 258 2079 exempla
274 2007 304 2064 et
319 2000 570 2079 conparationem
588 2001 736 2083 propheta
753 2003 918 2080 proposuit,
942 2011 982 2074 ut,
1008 2002 1086 2065 sicut
1101 2001 1132 2064 in
1149 2021 1260 2066 manus

113 2103 310 2167 dominorum
333 2102 413 2168 oculi
437 2124 598 2168 seruorum
630 2111 708 2173 sunt,
739 2104 782 2168 ito
806 2105 845 2168 ad
868 2105 961 2168 deum
985 2103 1056 2169 fidei
1088 2125 1151 2169 suae
1182 2104 1259 2170 oculi

113 2207 224 2272 intenti
250 2207 325 2272 sint:
350 2208 424 2290 quin
447 2207 548 2271 tidelis
573 2228 682 2272 seruus
707 2209 744 2271 ad
769 2229 893 2272 omnem
918 2208 1135 2272 obedientiam
1151 2208 1259 2273 uolun-

112 2312 188 2376 tatis
212 2312 373 2376 dominicae
398 2311 544 2376 sollicitus
568 2312 608 2376 sit
630 2311 861 2395 indeflexosque
884 2311 987 2377 oculos
1014 2332 1139 2395 semper
1160 2314 1259 2377 inteu-

111 2417 176 2479 dat.
223 2417 278 2481 sed
310 2415 334 2480 si
366 2416 404 2479 dc
434 2417 533 2480 seruis
563 2435 599 2480 ac
631 2416 764 2481 dominis
796 2416 1006 2495 corporalibus
1037 2437 1138 2481 sermo
1168 2423 1257 2494 asset,
1286 2435 1310 2472 ²0

110 2521 230 2585 dictum
254 2520 297 2583 ita
321 2520 428 2593 l'uerat,
462 2519 565 2584 oculos
588 2541 747 2585 seruorum
772 2521 801 2583 in
826 2520 922 2585 oculis
945 2520 993 2584 nel
1016 2521 1047 2584 iu
1071 2520 1179 2604 lingua
1206 2520 1258 2586 uel

108 2627 141 2688 in
160 2630 328 2703 conspectu
351 2645 418 2688 esse
436 2625 646 2702 dominorum;
670 2634 722 2688 aut
737 2634 812 2688 nutu
829 2625 909 2688 enim
928 2624 977 2688 his
992 2625 1114 2689 iubetur
1130 2631 1256 2689 autore.

108 2728 169 2794 sed
194 2748 305 2792 manus
328 2749 383 2808 pro
407 2729 551 2808 operibus
582 2729 759 2810 frequenter
790 2729 941 2807 scriptura
975 2728 1139 2812 significat.
1187 2735 1258 2794 suut

107 2839 226 2904 antem,
250 2833 302 2914 qui
332 2851 435 2914 nequa
465 2830 627 2896 homiuum
657 2853 759 2915 neque
789 2833 838 2897 dei
870 2833 952 2897 serui
982 2843 1062 2909 sunt,
1097 2834 1152 2898 sed
1175 2834 1255 2897 serui

107 2943 186 3003 sunt
208 2935 327 3016 peccati
351 2935 476 3000 domino
500 2937 635 3000 dicente:
660 2937 797 3013 omnis,
821 2937 886 3020 qui
910 2944 1123 3017 peccatum
1146 2937 1255 3015 facit,
1282 2953 1309 2992 2⁶

153 3059 191 3113 26
209 3058 265 3111 loh.
287 3057 357 3111 Vlll.
376 3060 418 3111 34.

153 3163 252 3215 anari
282 3163 360 3215 GRT
385 3180 450 3216 uera
469 3162 495 3214 P
544 3163 655 3229 acapti
674 3160 708 3228 t?)
737 3163 762 3214 G
815 3165 967 3231 bcorpora
985 3162 1018 3229 (1)
1049 3165 1073 3215 G
1100 3181 1214 3232 corpore
1233 3165 1259 3217 P

103 3254 159 3306 dm
182 3249 470 3302 annumeratur
521 3249 603 3316 liqui
633 3254 664 3302 ut
694 3250 745 3302 GR
772 3250 837 3316 quia
863 3254 895 3303 ut
913 3251 963 3302 PT
1016 3251 1090 3303 'lita
1116 3251 1156 3304 ita
1182 3251 1256 3304 etG

101 3341 144 3392 ait
166 3334 630 3427 animam(del.m.1)homiuem
650 3337 675 3388 R
727 3336 810 3403 Squi
838 3336 976 3389 animatus
998 3337 1022 3389 G
1041 3338 1088 3405 qui
1115 3338 1169 3390 iam
1197 3332 1256 3391 aui·

98 3464 202 3516 matus
222 3457 326 3510 RPTE
377 3459 444 3510 9ac
463 3475 493 3510 ex
510 3456 607 3510 hacll
660 3456 794 3525 religione
816 3458 894 3509 GRT
917 3458 1029 3525 regione
1047 3459 1073 3510 P
1125 3459 1210 3512 initae
1230 3460 1255 3511 G

100 3550 235 3602 intentae
246 3544 352 3596 RPTE
403 3543 605 3598 lodeflecteret
617 3544 642 3595 G
697 3547 766 3597 llet
777 3561 825 3596 om.
838 3545 862 3595 G
906 3544 1051 3612 profetaG
1105 3546 1255 3615 lssaemper

100 3649 172 3689 ease
201 3632 226 3683 G
253 3648 311 3684 esse
338 3648 448 3699 semper
466 3631 571 3683 RPTE
623 3633 655 3684 18
676 3630 705 3683 in
732 3631 860 3684 manibus
881 3631 932 3683 GR
951 3631 978 3684 iu
1006 3649 1089 3685 manu
1114 3632 1164 3684 PT
1190 3651 1254 3701 qaue

100 3729 232 3775 secuntur
241 3736 319 3788 araque
328 3719 365 3770 ud
373 3718 416 3770 Pa.
426 3717 536 3783 CXXV,
554 3717 572 3770 8
591 3719 756 3770 denuntinT
809 3720 841 3770 14
859 3718 887 3770 iu
906 3735 1003 3771 manua
1018 3718 1043 3770 G
1062 3719 1090 3771 in
1108 3736 1192 3772 manu
1205 3720 1255 3772 Pr

98 3812 132 3865 in
154 3805 259 3860 manib.
279 3807 303 3859 R
322 3801 371 3871 (ela
392 3808 484 3872 χεῖρας
502 3804 592 3869 LXX)
648 3805 680 3857 15
698 3804 840 3857 dominum
860 3823 908 3856 om.
923 3806 975 3857 GP
1025 3810 1149 3858 nostrum
1168 3808 1253 3859 om.G

100 3901 139 3952 16
162 3893 289 3962 exempla
308 3898 336 3946 ct
355 3893 579 3961 conparationem
594 3891 619 3943 G
638 3890 756 3958 exempli
777 3890 1003 3959 conparationem
1016 3892 1095 3944 RPE
1105 3892 1170 3954 sort.
1189 3904 1254 3946 recte

97 3983 137 4050 cs.
154 3981 221 4050 infr.
230 3999 259 4050 p.
271 3979 338 4044 585,
352 3978 370 4032 9
423 3979 567 4047 proposuit
579 3978 707 4046 Gposuit
716 3977 796 4030 IlPE
847 3978 874 4029 iu
884 3994 981 4030 manus
993 3979 1045 4031 GP
1052 3979 1079 4031 in
1090 3979 1218 4032 manibus
1228 3981 1254 4032 R

98 4074 137 4125 17
162 4066 227 4120 fidei
246 4083 310 4120 suaa
329 4065 404 4119 oculi
425 4067 490 4119 GRe
509 4065 581 4119 oculi
608 4065 671 4118 fidei
691 4082 755 4117 auae
775 4064 800 4116 P
853 4066 884 4117 19
905 4063 1027 4118 reflexos
1047 4066 1207 4134 quioculos
1229 4068 1253 4119 G

96 4160 136 4211 21
159 4153 200 4206 ita
219 4152 311 4205 luerat
330 4152 382 4204 GR
401 4151 471 4218 itaq:
491 4157 551 4205 erat
570 4153 595 4204 P
644 4155 679 4205 23
697 4151 857 4218 frequenter
876 4151 1015 4220 scriptura
1033 4153 1098 4206 GRe
1116 4153 1254 4221 scriptura

97 4244 269 4308 frequenter
287 4237 313 4289 P
362 4239 397 4291 25
416 4243 560 4306 peccatum
580 4238 647 4291 facit
668 4238 747 4291 GRP
762 4238 829 4292 facit
847 4245 993 4307 peccatum
1011 4240 1044 4292 E.
