2790 4844
434 304 615 354 tractatus
638 299 674 353 in
698 300 866 368 psalmum
886 300 1009 353 LXVIII.
1224 300 1286 365 325

123 494 288 569 speraret,
323 509 394 554 curn
416 489 447 552 in
471 489 615 570 passione
638 489 789 572 unigeniti
813 490 863 554 dei
886 491 1021 554 omniurn
1045 497 1116 555 ente
1139 491 1286 555 constitu-

121 593 254 658 tionem
279 593 386 658 mundi
421 599 638 658 consummet
671 594 826 676 originum
860 599 1125 659 consummaretur
1158 592 1285 659 effectus

120 698 314 777 principem
336 696 439 761 saeeuli
455 698 627 774 indicendo,
652 696 812 761 hominem
825 718 863 761 ex
876 698 992 777 peccati
1008 698 1077 780 lege
1093 699 1284 772 redimendo,

115 801 287 868 creaturis
310 822 328 865 e
351 802 553 881 corruptionis
575 803 719 880 uanitate,
743 803 791 866 cui
808 803 952 877 semiant,
975 801 1153 879 liberandis,
1176 802 1285 886 nequi-

113 908 179 972 tiis
208 905 401 986 spiritalibus
433 906 552 970 domini
588 912 687 971 morte
721 907 914 983 damnandis,
949 907 1006 971 deo
1033 907 1066 970 in
1085 906 1231 970 omnibus
1254 913 1323 970 ets

112 1032 185 1091 per
213 1029 325 1075 ornnes
347 1011 529 1076 eternitatis
552 1031 680 1076 munere
703 1018 734 1075 et
757 1010 985 1075 inmortalitatis
1008 1017 1120 1075 nostrae
1143 1010 1284 1075 claritate

110 1116 302 1180 laudando.
347 1115 450 1178 omnia
473 1122 576 1180 eutem
600 1114 668 1180 haec
688 1116 785 1180 uirtus
801 1115 1035 1180 resurrectionis
1050 1113 1186 1195 inpleuit,
1212 1114 1283 1197 quia

110 1240 185 1301 per
213 1218 368 1298 primitias
391 1239 426 1284 er
450 1221 579 1284 mortuis
613 1221 651 1285 sb
686 1218 849 1284 hominum
878 1240 995 1303 genere
1029 1225 1127 1284 morte
1155 1217 1283 1298 depulso

108 1325 152 1389 in
196 1329 356 1388 suctores¹
378 1323 484 1388 mortis
518 1330 641 1389 aeternae
676 1325 783 1388 mortis
818 1344 908 1404 poena
938 1325 1062 1388 decrete
1085 1330 1141 1388 est.
1186 1323 1217 1386 in
1248 1342 1282 1388 se

110 1428 219 1493 enim
251 1428 318 1507 ipso
341 1428 529 1508 principatus
554 1437 584 1493 et
607 1434 774 1508 potestates
809 1428 1030 1494 dehonestatas
1064 1447 1135 1492 cnm
1169 1427 1282 1492 fiducia
1310 1451 1335 1489 ro

111 1530 346 1611 triumphauit.

172 1635 230 1700 15.
257 1634 298 1699 Et
320 1636 389 1701 ideo
412 1643 482 1717 post
506 1635 689 1716 beneplaciti
712 1637 860 1715 temporis
891 1634 1149 1720 significationem
1180 1636 1281 1700 omnis

112 1740 309 1804 tribuendae
342 1760 424 1805 uerae
459 1740 566 1806 solutis
599 1741 695 1805 oratio
731 1747 786 1818 est,
821 1747 854 1804 ut
887 1760 923 1804 ea
946 1741 1013 1821 ipsa
1036 1739 1142 1804 salutis
1165 1740 1281 1804 ueritas

112 1842 378 1927 intellegeretur,
410 1865 478 1929 quae
509 1866 546 1910 ex
570 1845 794 1909 resurrectione
818 1850 966 1924 speretur.
1013 1843 1135 1920 dehinc
1159 1842 1211 1926 qui
1234 1843 1281 1906 in-

111 1948 213 2011 fixus
248 1953 332 2012 esset
365 1948 395 2012 in
430 1948 504 2013 limo
538 1948 691 2029 profundi,
737 1959 769 2012 ut
802 1947 864 2013 luto
898 1968 958 2012 non
993 1947 1167 2028 inhaereret,
1191 1952 1281 2030 rogat
1308 1971 1333 2007 ιο

109 2052 305 2115 secundum
342 2051 434 2117 illud:
469 2053 656 2137 quoniam
690 2073 765 2117 non
800 2052 1070 2136 derelinques
1108 2052 1280 2116 culmem

103 2173 258 2219 mecm
281 2156 320 2221 in
342 2157 777 2235 infernumnecdabis
801 2163 984 2221 sanctum
1008 2163 1114 2221 tuum
1138 2157 1280 2221 uidere

100 2260 450 2340 corruptionem.
497 2261 549 2344 qui
573 2262 656 2326 enim
680 2269 762 2325 terre
785 2267 840 2338 est,
872 2270 903 2326 et
932 2260 963 2324 in
994 2266 1119 2337 terrem,
1151 2279 1189 2325 ex
1219 2279 1280 2343 qua

97 2370 279 2443 acceptus
303 2371 360 2441 est
384 2371 564 2442 reuertatur,
588 2364 650 2429 luto
674 2372 703 2430 et
718 2364 801 2442 limo,
826 2384 885 2447 quo
908 2363 1020 2428 infixus
1037 2371 1092 2440 est,
1115 2361 1280 2427 inhaerebit

95 2460 160 2523 in
195 2474 305 2533 naturae
329 2488 401 2546 suae,
418 2469 449 2533 id
472 2475 519 2533 est
542 2469 687 2548 corporis,
710 2470 861 2553 originem
879 2467 1052 2533 dissolutus,
1097 2467 1221 2532 liberari
1245 2486 1278 2532 se
1305 2486 1331 2525 so

94 2567 229 2636 &tiam
252 2593 289 2638 er
311 2573 487 2638 odientibus
521 2594 555 2638 se
585 2574 768 2654 deprecetur
800 2581 831 2637 ot
864 2574 903 2638 de
937 2573 1087 2652 profundo
1121 2591 1277 2655 aquarum,

95 2672 328 2761 quibusque
350 2679 391 2742 ad
414 2678 550 2742 enimam
573 2697 659 2741 suem
685 2715 725 2723 —-
749 2679 780 2742 id
804 2684 851 2742 est
877 2677 1094 2742 insectantium
1120 2675 1277 2756 passiones

96 2797 185 2817 Ν
205 2782 402 2862 perruperint.
448 2783 575 2847 ueniens
599 2802 721 2865 quoque
748 2783 780 2846 in
803 2780 995 2846 altitudInem
1019 2780 1112 2845 meris
1135 2800 1171 2844 ac
1202 2787 1278 2845 tem-

100 2881 253 2951 pestate
276 2888 440 2951 demersus
470 2906 559 2964 nunc,
583 2906 622 2950 ne
646 2888 853 2969 demergatur,
876 2892 956 2949 crat:
991 2891 1025 2949 ut
1047 2885 1187 2965 superius
1222 2887 1277 2950 sd-

106 2981 264 3067 ssulnptae
286 2990 476 3055 infirmitatis
499 2997 612 3055 nostrae
635 2990 785 3070 professio
809 2990 856 3066 sit,
880 3009 949 3053 cum
966 3009 999 3054 se
1015 2989 1192 3054 demersum
1208 3008 1276 3054 esse
1303 3005 1330 3068 ῦς

191 3164 215 3214 16
231 3167 272 3219 Ps.
291 3164 349 3228 XV,
372 3169 410 3220 10.

190 3303 199 3352 l
222 3306 344 3372 passione
371 3303 430 3370 (om.
457 3303 497 3370 in)
530 3305 554 3357 V
604 3312 668 3357 ante
696 3304 857 3358 constitutio
890 3303 924 3355 V¹
986 3306 1003 3356 2
1030 3308 1221 3356 obsumeretur
1241 3301 1279 3356 ·V

149 3426 293 3512 3principe
312 3446 337 3497 R
354 3445 495 3512 principes
520 3444 545 3496 V
593 3447 711 3496 raom.
737 3444 761 3496 V
812 3444 965 3497 seruierant
985 3444 1012 3494 E
1064 3442 1182 3509 nequitii
1209 3459 1275 3494 corr.

156 3529 217 3579 Il?
248 3533 270 3584 V
328 3535 344 3585 t
373 3532 501 3599 impleuit
528 3536 556 3584 et
583 3549 664 3599 pere
723 3531 878 3584 9auctoris
913 3530 961 3581 l'P
1017 3533 1051 3584 10
1068 3528 1221 3597 pricipatus
1255 3528 1278 3579 V

153 3620 326 3677 munsterus
359 3618 384 3670 V
433 3616 626 3671 dehonestates
661 3616 693 3670 V¹
753 3619 785 3671 13
803 3634 869 3670 uere
904 3618 950 3668 ΓΗ
1004 3618 1035 3670 15
1054 3615 1194 3670 inhereret
1227 3615 1276 3668 VR

151 3702 176 3752 16
191 3701 249 3757 illut
272 3706 297 3756 V
347 3704 517 3772 derelinquis
544 3704 568 3756 V
619 3707 650 3757 17
670 3705 697 3756 in
726 3703 834 3757 inferno
862 3704 941 3756 RPE
965 3703 998 3765 rs.
1028 3703 1146 3755 Subotier
1175 3703 1212 3768 II,
1236 3700 1276 3753 30

862 3795 869 3827 t

143 3844 172 3898 18
188 3843 219 3896 de
237 3851 311 3897 terre
329 3850 371 3897 est
392 3844 418 3895 E
469 3845 543 3897 etin
562 3849 638 3896 terre
657 3844 682 3896 R
736 3845 769 3896 19
787 3849 932 3896 reueretur
955 3861 1022 3895 corr.
1049 3841 1122 3893 nu?
1147 3842 1170 3895 l'
1220 3857 1275 3908 quo

136 3931 295 3999 numeral)
346 3930 485 3984 inherebit
501 3931 576 3983 VRP
626 3930 757 3983 20inoru.
771 3931 808 3982 Pe
860 3931 969 3995 origine
983 3929 1019 3981 Pe
1072 3928 1221 3981 dissolutos
1240 3926 1274 3979 V¹

130 4023 162 4077 21
191 4024 337 4086 praecatur
370 4017 394 4069 V
460 4019 495 4072 29
522 4017 550 4070 id
584 4022 626 4070 est
656 4016 852 4069 insectantium
881 4016 1013 4084 passionis
1042 4014 1220 4083 perruperint
1253 4013 1278 4068 V

127 4109 156 4165 id
176 4109 219 4157 est
236 4104 430 4157 insectantium
448 4105 589 4173 passiones
608 4104 754 4172 properint
774 4104 799 4155 R
818 4103 846 4156 id
874 4109 914 4156 est
942 4118 1028 4170 usque
1056 4102 1090 4154 ad
1118 4101 1273 4169 passionem

54 4210 57 4231 ¹
125 4191 323 4252 insectantium
342 4191 406 4244 odia
422 4190 601 4260 proruperint
620 4190 673 4242 PE
688 4192 723 4260 cs.
742 4210 813 4259 supr.
824 4209 851 4259 p.
863 4189 929 4248 :trs
942 4189 961 4241 3
973 4199 996 4243 e!
1009 4191 1081 4240 Sturl.
1096 4188 1167 4241 1889
1176 4207 1204 4256 p.
1216 4187 1274 4241 :519

119 4285 159 4341 24
177 4279 343 4345 adsumptae
361 4295 409 4330 ont.
429 4279 455 4331 R
507 4280 542 4332 ‘25
560 4278 701 4333 demersus
727 4277 767 4329 1'1.
