2790 4844
155 251 217 318 344
492 250 608 303 sancti
632 249 768 303 Hilarii
794 251 956 320 episcopi

152 442 230 508 nihil
255 449 347 519 extra,
371 443 452 526 quod
483 441 541 506 sibi
566 441 654 518 desit,
688 461 727 505 ne
762 440 885 505 aliunde
920 449 1068 525 expectet
1105 442 1282 527 derelinquit

158 547 374 632 magnificatur
397 551 499 611 autem
523 566 580 626 per
602 543 821 610 beneficiorum
846 565 972 610 suornm
987 545 1180 612 incrementa
1195 548 1282 612 nobis

156 671 235 727 cum,
259 671 330 716 oum
354 650 586 736 magnificentia
609 649 673 714 aius
697 656 728 714 et
749 650 982 714 commodorum
1007 657 1182 716 nostrorum
1207 671 1282 717 sens·

154 775 190 820 ac
224 755 414 821 iucunditate
448 762 478 818 et
511 753 683 818 reserenda
722 753 829 836 gratim
867 753 958 818 laude
997 753 1178 819 cumuletur.
1226 776 1282 840 erg

156 860 360 943 quotiensque
384 858 678 942 magnificetur
702 858 843 935 dicimus.
868 858 980 923 totiens
995 864 1048 922 aut
1062 860 1188 940 optandi
1209 859 1282 924 nobi

152 984 170 1026 a
197 965 253 1028 deo
276 963 414 1028 muneris
437 974 508 1026 uota
530 967 609 1039 sunt,
633 968 684 1026 aut
706 963 821 1042 sumpti
845 963 1044 1045 perceptique
1067 962 1223 1029 confessio
1246 982 1282 1030 os

158 1067 396 1152 magnificentiae
421 1067 485 1132 eius
507 1066 598 1131 laude
620 1065 779 1130 nobiscum
803 1087 859 1147 per
875 1067 1106 1131 commodorum
1125 1077 1282 1133 nostromr

153 1172 345 1236 incrementa
367 1182 522 1236 nascente.

199 1278 225 1340 5.
250 1274 390 1356 Oportuit
413 1280 515 1341 autem
540 1275 702 1355 psalmum,
727 1275 778 1357 qui
801 1276 1066 1340 rememorationis
1082 1275 1113 1339 in
1130 1275 1229 1341 finem
1246 1296 1282 1342 es

155 1381 249 1464 digno
287 1379 554 1445 rememorationis
595 1379 691 1459 ipsius
727 1379 790 1444 fine
824 1379 969 1444 concludi.
1024 1382 1164 1463 sequitur
1199 1382 1283 1446 enim

153 1504 227 1567 ego
250 1490 551 1568 autemegeuus
574 1489 613 1547 et
635 1502 903 1564 paupersum;
927 1484 1282 1549 dominusadiuna

153 1608 218 1654 me.
263 1588 425 1652 adiutor
448 1607 557 1652 meus
581 1595 620 1651 et
641 1587 847 1652 liberator
870 1607 979 1652 meus
1003 1593 1042 1651 tu
1066 1588 1282 1661 dominon

152 1692 396 1758 tardaueris.
452 1710 553 1775 neque
588 1691 671 1775 regis
705 1690 847 1775 dignitati
881 1711 983 1775 neque
1012 1692 1100 1775 regni
1133 1691 1282 1773 opulenti

153 1796 339 1877 paupertatis
362 1803 454 1878 atque
477 1795 588 1877 inopia.
613 1794 762 1875 professio
786 1796 938 1878 congruit,
962 1796 1018 1859 sed
1042 1797 1080 1873 ei,
1097 1795 1160 1880 qui,
1183 1806 1219 1861 ut
1241 1816 1282 1860 n«

153 1901 382 1976 ditesceremus,
406 1918 574 1982 pauperem
597 1918 631 1963 se
655 1899 805 1983 prostitit,
824 1899 870 1962 cui
895 1919 933 1964 ne
956 1898 995 1963 ad
1019 1898 1145 1979 paschae
1169 1901 1280 1982 quide

152 2023 261 2077 cenam
285 2003 344 2068 nisi
368 2003 506 2085 quaesita·
521 2008 551 2067 et
574 2001 675 2067 aliena
697 2003 807 2067 domus
831 2003 928 2066 fuerit.
974 2003 1110 2067 adiuuari
1136 2023 1170 2068 se
1194 2004 1282 2088 itaq·

151 2116 246 2191 rogat.
293 2107 323 2170 io
348 2108 446 2171 forma
469 2108 553 2171 enim
577 2107 657 2171 serui
681 2106 839 2171 oboediens
864 2126 960 2190 usqne
983 2108 1023 2172 ad
1046 2108 1145 2172 crucis
1161 2117 1282 2174 morte

150 2211 249 2278 factus
272 2223 326 2276 est.
372 2212 466 2276 citum
491 2230 613 2295 quoque
637 2210 792 2285 auxilium,
818 2217 850 2274 ut
872 2210 1025 2285 liberetur,
1050 2219 1126 2292 orat,
1161 2232 1201 2276 no
1223 2231 1282 2295 qu

151 2316 418 2381 rememorationis
440 2317 571 2379 tarditas
593 2314 640 2390 sit,
666 2315 718 2397 qui
741 2327 771 2379 et
794 2315 877 2394 ipsas
901 2313 969 2378 illas
1002 2316 1156 2398 passionis
1191 2335 1282 2380 mor

153 2440 212 2484 non
237 2419 340 2484 serens
371 2418 516 2500 proditori
541 2417 664 2483 dixerit:
698 2417 771 2494 sac,
808 2418 911 2501 quod
946 2418 1060 2496 faeie,
1094 2420 1184 2498 cito,
1218 2420 1281 2484 du

150 2524 272 2589 liberari
297 2524 327 2586 in
352 2544 385 2587 se
410 2528 561 2602 suscepta
585 2522 687 2586 carnis
709 2521 921 2586 infirmitatem
946 2529 1106 2587 maturatae
1140 2540 1282 2588 recurre

150 2628 241 2693 tionis
265 2628 374 2692 uirtute
399 2627 525 2691 festinat
548 2626 691 2691 dominns
726 2637 831 2691 noster
865 2625 953 2691 lasus
977 2625 1127 2702 Christus,
1163 2628 1213 2711 qni
1255 2643 1282 2686 e

150 2732 329 2797 benedictus
352 2732 383 2796 in
409 2731 521 2796 secula
544 2730 734 2796 saeculorum.
780 2751 879 2795 amen.

191 2857 226 2910 ao
243 2853 300 2907 Ioh.
320 2854 393 2920 xm,
412 2856 453 2906 ar.

193 2961 276 3012 lnec
295 2958 369 3025 qnod
388 2958 499 3012 aliunde
512 2963 624 3026 expetat
641 2957 836 3025 dereliquitT
886 2957 1009 3011 aliumdc
1035 2957 1068 3009 1³¹
1121 2912 1245 3035 expect-{l
1276 2987 1282 2995 ·

148 3065 295 3116 2suorum
322 3080 371 3114 (rm.
396 3063 419 3114 1'
470 3059 763 3130 uquotiensztieras.
792 3060 821 3129 ql
850 3062 875 3114 R
902 3062 1151 3130 quotienscumque
1178 3059 1228 3113 TE
1244 3064 1282 3116 Θ

148 3151 229 3202 Acori.
248 3168 276 3220 p.
296 3148 334 3201 29
386 3149 500 3217 optandi
520 3168 550 3202 cx
571 3149 692 3234 optandq
709 3168 741 3201 nr.
755 3149 805 3201 IR
858 3151 965 3229 iasine
980 3166 1094 3202 coram.
1110 3149 1124 3201 l
1139 3149 1164 3200 V
1210 3141 1282 3200 81¹¹

147 3261 287 3306 crementa
306 3272 335 3306 erc
354 3254 525 3307 incremento
544 3271 575 3304 m.
597 3253 611 3304 I
630 3253 655 3305 u
708 3260 839 3306 noscente
857 3252 930 3305 l'RP
979 3255 996 3306 9
1015 3252 1044 3306 in
1064 3252 1118 3306 line
1136 3259 1176 3306 est
1193 3234 1282 3302 tufi

278 3343 298 3378 -1,

149 3394 179 3445 11
199 3380 302 3460 egenus
320 3373 389 3445 sis'R
442 3393 508 3445 deus
527 3392 628 3445 adiuua
646 3408 690 3444 me
706 3393 732 3444 l]
785 3393 816 3444 12
835 3408 911 3445 mens
929 3407 958 3444 cs
976 3390 1128 3444 domineli
1180 3394 1210 3445 14
1224 3389 1282 3442 lm?

147 3478 208 3547 piae
235 3481 296 3531 odd.
323 3497 354 3531 m.
381 3478 401 3530 2
425 3479 449 3531 l'
516 3478 542 3532 ei
569 3479 616 3547 qui
646 3480 669 3529 'I'
692 3479 750 3531 eius
779 3478 826 3546 qui
858 3478 931 3530 I'RP
956 3479 1013 3532 eius
1041 3494 1096 3531 uox
1122 3486 1163 3532 cst
1191 3478 1232 3546 qui
1251 3468 1282 3528 l}

149 3566 181 3617 15
200 3564 299 3633 pasche
327 3566 352 3616 'l'
376 3582 474 3633 pascae
505 3566 529 3617 R
585 3568 615 3619 16
635 3581 747 3618 caenam
773 3566 797 3616 R
821 3581 936 3618 coenam
962 3565 1041 3617 PTE
1092 3565 1237 3633 quaesitam
1256 3551 1282 3617 1⁷

149 3654 180 3705 17
199 3653 271 3704 serui
291 3669 321 3704 ec
339 3653 413 3706 saeui
434 3671 465 3703 m.
485 3651 505 3703 2
529 3652 554 3703 V
607 3654 637 3706 18
654 3657 686 3705 ut
713 3669 743 3704 er
771 3652 848 3705 uelut
866 3670 898 3704 m.
921 3649 940 3702 2
966 3651 992 3703 V
1040 3668 1094 3719 neq
1114 3652 1165 3704 ΚΤ
1182 3669 1282 3723 nequo

147 3756 176 3789 er
195 3755 229 3791 ue
248 3755 274 3805 q.
293 3758 326 3790 m.
346 3738 365 3790 2
391 3740 412 3790 l'
428 3755 462 3792 ne
482 3755 535 3806 qna
556 3739 581 3790 P
595 3738 628 3799 cf.
648 3739 728 3791 rlocd.
743 3757 772 3809 p.
793 3736 831 3792 29
849 3749 872 3791 ct
890 3738 921 3790 F.
942 3738 1016 3791 Neue
1035 3739 1165 3792 Fornacal.
1180 3739 1280 3797 11224

150 3827 180 3877 19
199 3824 246 3892 qui
265 3827 324 3876 odd.
343 3844 375 3878 m.
397 3824 417 3877 2
442 3826 465 3877 V
515 3827 551 3878 20
567 3842 667 3879 uerene
691 3825 715 3877 Γ
766 3825 822 3878 cito
851 3842 899 3878 om.
927 3824 1024 3878 VRW
1074 3827 1106 3879 21
1128 3825 1242 3882 liberari
1257 3849 1282 3883 er

147 3911 293 3966 liberarem
313 3910 384 3963 rra?
411 3912 435 3962 V
483 3922 540 3980 post
568 3918 720 3965 maturatae
748 3913 826 3964 derio.
846 3911 866 3969 f.
886 3909 924 3964 60'
945 3911 1014 3978 Ἡ.
1034 3911 1073 3963 66
1093 3913 1172 3983 incip.
1187 3918 1282 3988 preloy.

146 3999 174 4049 io
191 4000 291 4050 cenrico
303 4000 442 4067 quindecim
454 4001 596 4066 proditum:
619 3997 792 4051 Psalmorum
812 3998 886 4051 tituli
902 4008 947 4051 ccl.
1000 3997 1129 4051 dominun
1148 4007 1245 4057 noster
1256 4032 1282 4044 -

143 4118 226 4186 'amen
245 4121 292 4154 om.
312 4103 374 4155 nra
410 4102 533 4170 napum
550 4103 673 4171 psalmus
687 4100 815 4155 murm
831 4102 929 4170 incipit
949 4102 1070 4171 psalmus
1090 4087 1152 4157 iii
1172 4105 1282 4166 seueris

154 4241 177 4293 l'
192 4239 315 4308 Explicit
332 4242 454 4309 psalmus
473 4199 546 4295 LIIm
558 4199 660 4295 VIIIIm
675 4240 778 4309 iucip‘t
795 4241 916 4310 psalmus
929 4239 1042 4295 CXVIII
1054 4241 1243 4301 alleluiatum*
1256 4250 1280 4304 R

147 4330 214 4380 deest
230 4328 381 4396 subscriptio
400 4330 425 4379 in
446 4328 476 4392 Ρ,
501 4329 544 4380 ubi
566 4330 593 4381 in
603 4329 658 4397 fol.
676 4345 726 4397 aeq.
746 4327 799 4379 rol
819 4329 924 4397 lepieur:
952 4325 1101 4396 It'xposicio
1130 4331 1282 4400 quindecin

145 4415 252 4482 gradui
269 4413 343 4467 beati
361 4414 468 4481 Hylarii
487 4415 655 4483 pictauensis
674 4415 804 4483 episcopi.
824 4413 995 4467 Psalmorum
1013 4414 1090 4468 tituli
1107 4428 1159 4472 cet.
