<?xml version="1.0" encoding="UTF-8"?>
<!DOCTYPE html PUBLIC "-//W3C//DTD XHTML 1.0 Transitional//EN"
    "http://www.w3.org/TR/xhtml1/DTD/xhtml1-transitional.dtd">
<html xmlns="http://www.w3.org/1999/xhtml" xml:lang="en" lang="en">
 <head>
  <title>
</title>
<meta http-equiv="Content-Type" content="text/html;charset=utf-8" />
  <meta name='ocr-system' content='tesseract 3.04.00' />
  <meta name='ocr-capabilities' content='ocr_page ocr_carea ocr_par ocr_line ocrx_word'/>
</head>
<body>
  <div class='ocr_page' id='page_1' title='image "./shilariiepiscop00hilagoog_0077.png"; bbox 0 0 2790 4844; ppageno 0'>
   <div class='ocr_carea' id='block_1_1' title="bbox 412 276 1227 343">
    <p class='ocr_par' dir='ltr' id='par_1_1' title="bbox 412 276 1227 343">
     <span class='ocr_line' id='line_1_1' title="bbox 412 276 1227 343; baseline 0.011 -16"><span class='ocrx_word' id='word_1_1' title='bbox 412 281 590 327; x_wconf 75' lang='lat' dir='ltr'>tractat-us</span> <span class='ocrx_word' id='word_1_2' title='bbox 615 276 649 328; x_wconf 92' lang='lat' dir='ltr'>in</span> <span class='ocrx_word' id='word_1_3' title='bbox 675 277 843 343; x_wconf 81' lang='lat' dir='ltr'>psalmum</span> <span class='ocrx_word' id='word_1_4' title='bbox 870 277 903 329; x_wconf 89' lang='lat' dir='ltr'>ll.</span> <span class='ocrx_word' id='word_1_5' title='bbox 1186 281 1227 343; x_wconf 69' lang='grc'>45</span> 
     </span>
    </p>
   </div>
   <div class='ocr_carea' id='block_1_2' title="bbox 92 464 1275 2418">
    <p class='ocr_par' dir='ltr' id='par_1_2' title="bbox 92 464 1227 841">
     <span class='ocr_line' id='line_1_2' title="bbox 92 464 1227 547; baseline 0.01 -23"><span class='ocrx_word' id='word_1_6' title='bbox 92 464 310 544; x_wconf 73' lang='lat' dir='ltr'>absumpserat:</span> <span class='ocrx_word' id='word_1_7' title='bbox 335 484 435 547; x_wconf 84' lang='lat' dir='ltr'>neque</span> <span class='ocrx_word' id='word_1_8' title='bbox 461 465 558 528; x_wconf 81' lang='lat' dir='ltr'>lactus</span> <span class='ocrx_word' id='word_1_9' title='bbox 581 465 661 529; x_wconf 88' lang='lat' dir='ltr'>tilius</span> <span class='ocrx_word' id='word_1_10' title='bbox 686 465 828 543; x_wconf 84' lang='lat' dir='ltr'>beminis,</span> <span class='ocrx_word' id='word_1_11' title='bbox 863 466 943 530; x_wconf 87' lang='lat' dir='ltr'>lilius</span> <span class='ocrx_word' id='word_1_12' title='bbox 975 469 1022 532; x_wconf 89' lang='lat' dir='ltr'>dei</span> <span class='ocrx_word' id='word_1_13' title='bbox 1048 491 1117 533; x_wconf 88' lang='lat' dir='ltr'>esse</span> <span class='ocrx_word' id='word_1_14' title='bbox 1142 470 1227 535; x_wconf 87' lang='lat' dir='ltr'>dele·</span> 
     </span>
     <span class='ocr_line' id='line_1_3' title="bbox 94 567 1226 638; baseline 0.004 -9"><span class='ocrx_word' id='word_1_15' title='bbox 94 580 172 631; x_wconf 88' lang='lat' dir='ltr'>cerat.</span> <span class='ocrx_word' id='word_1_16' title='bbox 228 570 285 633; x_wconf 90' lang='lat' dir='ltr'>sed</span> <span class='ocrx_word' id='word_1_17' title='bbox 315 569 395 632; x_wconf 81' lang='lat' dir='ltr'>adeo</span> <span class='ocrx_word' id='word_1_18' title='bbox 426 567 506 631; x_wconf 85' lang='lat' dir='ltr'>tilius</span> <span class='ocrx_word' id='word_1_19' title='bbox 538 567 672 632; x_wconf 82' lang='lat' dir='ltr'>beminis</span> <span class='ocrx_word' id='word_1_20' title='bbox 696 570 775 634; x_wconf 83' lang='lat' dir='ltr'>tilius</span> <span class='ocrx_word' id='word_1_21' title='bbox 810 573 859 635; x_wconf 91' lang='lat' dir='ltr'>dei</span> <span class='ocrx_word' id='word_1_22' title='bbox 884 580 939 635; x_wconf 88' lang='lat' dir='ltr'>est.</span> <span class='ocrx_word' id='word_1_23' title='bbox 974 582 1006 635; x_wconf 85' lang='lat' dir='ltr'>ut</span> <span class='ocrx_word' id='word_1_24' title='bbox 1030 574 1226 638; x_wconf 84' lang='lat' dir='ltr'>descendens</span> 
     </span>
     <span class='ocr_line' id='line_1_4' title="bbox 97 671 1225 752; baseline 0.004 -19"><span class='ocrx_word' id='word_1_25' title='bbox 97 671 126 733; x_wconf 89' lang='lat' dir='ltr'>de</span> <span class='ocrx_word' id='word_1_26' title='bbox 146 673 217 735; x_wconf 78' lang='lat' dir='ltr'>eada</span> <span class='ocrx_word' id='word_1_27' title='bbox 247 671 328 736; x_wconf 86' lang='lat' dir='ltr'>tilius</span> <span class='ocrx_word' id='word_1_28' title='bbox 364 674 414 736; x_wconf 90' lang='lat' dir='ltr'>dei</span> <span class='ocrx_word' id='word_1_29' title='bbox 450 693 504 752; x_wconf 87' lang='lat' dir='ltr'>per</span> <span class='ocrx_word' id='word_1_30' title='bbox 538 674 659 736; x_wconf 81' lang='lat' dir='ltr'>uirtutis</span> <span class='ocrx_word' id='word_1_31' title='bbox 694 694 756 738; x_wconf 82' lang='lat' dir='ltr'>suae</span> <span class='ocrx_word' id='word_1_32' title='bbox 791 675 995 738; x_wconf 83' lang='lat' dir='ltr'>substantium</span> <span class='ocrx_word' id='word_1_33' title='bbox 1029 677 1113 740; x_wconf 89' lang='lat' dir='ltr'>idem</span> <span class='ocrx_word' id='word_1_34' title='bbox 1144 676 1225 740; x_wconf 84' lang='lat' dir='ltr'>iilius</span> 
     </span>
     <span class='ocr_line' id='line_1_5' title="bbox 100 772 483 841; baseline 0.01 -5"><span class='ocrx_word' id='word_1_35' title='bbox 100 772 215 840; x_wconf 82' lang='lat' dir='ltr'>lerninis</span> <span class='ocrx_word' id='word_1_36' title='bbox 239 787 321 841; x_wconf 85' lang='lat' dir='ltr'>esset</span> <span class='ocrx_word' id='word_1_37' title='bbox 346 778 375 840; x_wconf 94' lang='lat' dir='ltr'>in</span> <span class='ocrx_word' id='word_1_38' title='bbox 401 776 483 841; x_wconf 82' lang='lat' dir='ltr'>culn.</span> 
     </span>
    </p>

    <p class='ocr_par' dir='ltr' id='par_1_3' title="bbox 105 880 1275 2418">
     <span class='ocr_line' id='line_1_6' title="bbox 137 880 1263 966; baseline 0.008 -25"><span class='ocrx_word' id='word_1_39' title='bbox 137 882 177 943; x_wconf 77' lang='lat' dir='ltr'>l&#39;2.</span> <span class='ocrx_word' id='word_1_40' title='bbox 200 881 262 944; x_wconf 82' lang='lat' dir='ltr'>Sed</span> <span class='ocrx_word' id='word_1_41' title='bbox 286 881 394 945; x_wconf 82' lang='lat' dir='ltr'>ualens</span> <span class='ocrx_word' id='word_1_42' title='bbox 417 881 568 961; x_wconf 80' lang='lat' dir='ltr'>propbeta</span> <span class='ocrx_word' id='word_1_43' title='bbox 592 880 648 944; x_wconf 87' lang='lat' dir='ltr'>sub</span> <span class='ocrx_word' id='word_1_44' title='bbox 673 903 811 961; x_wconf 82' lang='lat' dir='ltr'>persmnu</span> <span class='ocrx_word' id='word_1_45' title='bbox 836 885 1032 947; x_wconf 81' lang='lat' dir='ltr'>distinctione</span> <span class='ocrx_word' id='word_1_46' title='bbox 1049 884 1224 966; x_wconf 83' lang='lat' dir='ltr'>significare</span> <span class='ocrx_word' id='word_1_47' title='bbox 1252 915 1263 950; x_wconf 85' lang='grc' dir='ltr'><strong>ι</strong></span> 
     </span>
     <span class='ocr_line' id='line_1_7' title="bbox 105 984 1225 1068; baseline 0.007 -25"><span class='ocrx_word' id='word_1_48' title='bbox 105 989 211 1058; x_wconf 71' lang='lat' dir='ltr'>partirem,</span> <span class='ocrx_word' id='word_1_49' title='bbox 234 987 296 1068; x_wconf 75' lang='lat' dir='ltr'>qui,</span> <span class='ocrx_word' id='word_1_50' title='bbox 319 984 383 1048; x_wconf 84' lang='lat' dir='ltr'>filiu</span> <span class='ocrx_word' id='word_1_51' title='bbox 406 1005 459 1049; x_wconf 86' lang='lat' dir='ltr'>sua</span> <span class='ocrx_word' id='word_1_52' title='bbox 483 985 575 1048; x_wconf 87' lang='lat' dir='ltr'>etiarn</span> <span class='ocrx_word' id='word_1_53' title='bbox 601 987 631 1048; x_wconf 93' lang='lat' dir='ltr'>in</span> <span class='ocrx_word' id='word_1_54' title='bbox 656 985 718 1048; x_wconf 82' lang='lat' dir='ltr'>filia</span> <span class='ocrx_word' id='word_1_55' title='bbox 743 985 877 1050; x_wconf 84' lang='lat' dir='ltr'>heminis</span> <span class='ocrx_word' id='word_1_56' title='bbox 901 987 1142 1051; x_wconf 65' lang='lat' dir='ltr'>(consistentem</span> <span class='ocrx_word' id='word_1_57' title='bbox 1166 993 1225 1051; x_wconf 87' lang='lat' dir='ltr'>ter·</span> 
     </span>
     <span class='ocr_line' id='line_1_8' title="bbox 107 1085 1223 1155; baseline 0.006 -10"><span class='ocrx_word' id='word_1_58' title='bbox 107 1085 142 1153; x_wconf 79' lang='lat' dir='ltr'>ds,</span> <span class='ocrx_word' id='word_1_59' title='bbox 161 1088 187 1149; x_wconf 94' lang='lat' dir='ltr'>iu</span> <span class='ocrx_word' id='word_1_60' title='bbox 209 1088 257 1152; x_wconf 84' lang='lat' dir='ltr'>illa</span> <span class='ocrx_word' id='word_1_61' title='bbox 280 1098 397 1153; x_wconf 74' lang='lat' dir='ltr'>aterna</span> <span class='ocrx_word' id='word_1_62' title='bbox 420 1110 474 1153; x_wconf 89' lang='lat' dir='ltr'>sua</span> <span class='ocrx_word' id='word_1_63' title='bbox 497 1090 571 1152; x_wconf 88' lang='lat' dir='ltr'>sede</span> <span class='ocrx_word' id='word_1_64' title='bbox 595 1111 630 1152; x_wconf 84' lang='lat' dir='ltr'>ae</span> <span class='ocrx_word' id='word_1_65' title='bbox 656 1090 745 1153; x_wconf 75' lang='lat' dir='ltr'>beaute</span> <span class='ocrx_word' id='word_1_66' title='bbox 768 1100 909 1155; x_wconf 83' lang='lat' dir='ltr'>numeret</span> <span class='ocrx_word' id='word_1_67' title='bbox 933 1098 964 1154; x_wconf 81' lang='lat' dir='ltr'>et</span> <span class='ocrx_word' id='word_1_68' title='bbox 995 1091 1062 1154; x_wconf 90' lang='lat' dir='ltr'>sine</span> <span class='ocrx_word' id='word_1_69' title='bbox 1094 1090 1223 1154; x_wconf 83' lang='lat' dir='ltr'>descen-</span> 
     </span>
     <span class='ocr_line' id='line_1_9' title="bbox 109 1189 1222 1277; baseline 0.005 -28"><span class='ocrx_word' id='word_1_70' title='bbox 109 1189 179 1253; x_wconf 80' lang='lat' dir='ltr'>sinnis</span> <span class='ocrx_word' id='word_1_71' title='bbox 200 1192 324 1256; x_wconf 87' lang='lat' dir='ltr'>alicuius</span> <span class='ocrx_word' id='word_1_72' title='bbox 339 1194 567 1273; x_wconf 69' lang='lat' dir='ltr'>dispensatione</span> <span class='ocrx_word' id='word_1_73' title='bbox 584 1194 802 1275; x_wconf 74' lang='lat' dir='ltr'>requiesceret,</span> <span class='ocrx_word' id='word_1_74' title='bbox 826 1196 882 1258; x_wconf 86' lang='lat' dir='ltr'>nit:</span> <span class='ocrx_word' id='word_1_75' title='bbox 915 1196 981 1277; x_wconf 83' lang='lat' dir='ltr'>qui</span> <span class='ocrx_word' id='word_1_76' title='bbox 1006 1194 1163 1258; x_wconf 86' lang='lat' dir='ltr'>habitat</span> <span class='ocrx_word' id='word_1_77' title='bbox 1188 1195 1222 1256; x_wconf 97' lang='lat' dir='ltr'>in</span> 
     </span>
     <span class='ocr_line' id='line_1_10' title="bbox 112 1292 1222 1368; baseline 0.005 -14"><span class='ocrx_word' id='word_1_78' title='bbox 112 1292 432 1368; x_wconf 73' lang='lat' dir='ltr'>calisinridebit</span> <span class='ocrx_word' id='word_1_79' title='bbox 455 1319 530 1361; x_wconf 85' lang='lat' dir='ltr'>eus.</span> <span class='ocrx_word' id='word_1_80' title='bbox 555 1304 593 1360; x_wconf 85' lang='lat' dir='ltr'>et</span> <span class='ocrx_word' id='word_1_81' title='bbox 616 1297 802 1362; x_wconf 78' lang='lat' dir='ltr'>‹lraminus</span> <span class='ocrx_word' id='word_1_82' title='bbox 834 1297 1107 1361; x_wconf 68' lang='lat' dir='ltr'>subsannabit</span> <span class='ocrx_word' id='word_1_83' title='bbox 1142 1318 1222 1361; x_wconf 84' lang='lat' dir='ltr'>eus:</span> 
     </span>
     <span class='ocr_line' id='line_1_11' title="bbox 112 1400 1275 1483; baseline 0.012 -31"><span class='ocrx_word' id='word_1_84' title='bbox 112 1405 133 1455; x_wconf 88' lang='lat' dir='ltr'>nt</span> <span class='ocrx_word' id='word_1_85' title='bbox 151 1417 194 1475; x_wconf 89' lang='lat' dir='ltr'>per</span> <span class='ocrx_word' id='word_1_86' title='bbox 221 1421 299 1467; x_wconf 87' lang='lat' dir='ltr'>eum.</span> <span class='ocrx_word' id='word_1_87' title='bbox 333 1402 385 1483; x_wconf 84' lang='lat' dir='ltr'>qui</span> <span class='ocrx_word' id='word_1_88' title='bbox 420 1402 567 1465; x_wconf 81' lang='lat' dir='ltr'>inuideret</span> <span class='ocrx_word' id='word_1_89' title='bbox 602 1401 744 1467; x_wconf 86' lang='lat' dir='ltr'>babitans</span> <span class='ocrx_word' id='word_1_90' title='bbox 776 1403 806 1465; x_wconf 93' lang='lat' dir='ltr'>in</span> <span class='ocrx_word' id='word_1_91' title='bbox 830 1402 913 1475; x_wconf 80' lang='lat' dir='ltr'>caula,</span> <span class='ocrx_word' id='word_1_92' title='bbox 936 1400 1170 1483; x_wconf 75' lang='lat' dir='ltr'>intellegeretur</span> <span class='ocrx_word' id='word_1_93' title='bbox 1194 1409 1223 1464; x_wconf 84' lang='lat' dir='ltr'>et</span> <span class='ocrx_word' id='word_1_94' title='bbox 1252 1431 1275 1466; x_wconf 85' lang='grc' dir='ltr'>ιο</span> 
     </span>
     <span class='ocr_line' id='line_1_12' title="bbox 113 1496 1224 1587; baseline 0.007 -27"><span class='ocrx_word' id='word_1_95' title='bbox 113 1496 305 1587; x_wconf 59' lang='lat' dir='ltr'>distribuerem</span> <span class='ocrx_word' id='word_1_96' title='bbox 330 1504 532 1569; x_wconf 86' lang='lat' dir='ltr'>subsannaret</span> <span class='ocrx_word' id='word_1_97' title='bbox 558 1528 574 1569; x_wconf 93' lang='lat' dir='ltr'>e</span> <span class='ocrx_word' id='word_1_98' title='bbox 598 1505 680 1568; x_wconf 70' lang='lat' dir='ltr'>esula</span> <span class='ocrx_word' id='word_1_99' title='bbox 716 1525 775 1568; x_wconf 87' lang='lat' dir='ltr'>non</span> <span class='ocrx_word' id='word_1_100' title='bbox 792 1504 896 1569; x_wconf 81' lang='lat' dir='ltr'>differt</span> <span class='ocrx_word' id='word_1_101' title='bbox 918 1511 1021 1569; x_wconf 80' lang='lat' dir='ltr'>autem</span> <span class='ocrx_word' id='word_1_102' title='bbox 1034 1504 1224 1568; x_wconf 83' lang='lat' dir='ltr'>subsannare</span> 
     </span>
     <span class='ocr_line' id='line_1_13' title="bbox 113 1604 1223 1690; baseline 0.01 -30"><span class='ocrx_word' id='word_1_103' title='bbox 113 1611 134 1661; x_wconf 88' lang='lat' dir='ltr'>ct</span> <span class='ocrx_word' id='word_1_104' title='bbox 151 1604 282 1674; x_wconf 87' lang='lat' dir='ltr'>inridere:</span> <span class='ocrx_word' id='word_1_105' title='bbox 306 1617 471 1690; x_wconf 83' lang='lat' dir='ltr'>utrumqne</span> <span class='ocrx_word' id='word_1_106' title='bbox 495 1610 577 1673; x_wconf 83' lang='lat' dir='ltr'>eninr</span> <span class='ocrx_word' id='word_1_107' title='bbox 602 1611 773 1673; x_wconf 88' lang='lat' dir='ltr'>secundum</span> <span class='ocrx_word' id='word_1_108' title='bbox 797 1609 960 1673; x_wconf 84' lang='lat' dir='ltr'>uoluntatis</span> <span class='ocrx_word' id='word_1_109' title='bbox 983 1609 1141 1672; x_wconf 83' lang='lat' dir='ltr'>arllectum</span> <span class='ocrx_word' id='word_1_110' title='bbox 1157 1607 1223 1671; x_wconf 83' lang='lat' dir='ltr'>asri-</span> 
     </span>
     <span class='ocr_line' id='line_1_14' title="bbox 113 1705 1221 1796; baseline 0.007 -29"><span class='ocrx_word' id='word_1_111' title='bbox 113 1705 147 1764; x_wconf 84' lang='lat' dir='ltr'>rin</span> <span class='ocrx_word' id='word_1_112' title='bbox 169 1711 217 1773; x_wconf 86' lang='lat' dir='ltr'>aris</span> <span class='ocrx_word' id='word_1_113' title='bbox 248 1711 389 1775; x_wconf 81' lang='lat' dir='ltr'>efficitur.</span> <span class='ocrx_word' id='word_1_114' title='bbox 436 1733 569 1795; x_wconf 72' lang='lat' dir='ltr'>utriunque</span> <span class='ocrx_word' id='word_1_115' title='bbox 601 1715 770 1777; x_wconf 87' lang='lat' dir='ltr'>secundum</span> <span class='ocrx_word' id='word_1_116' title='bbox 806 1712 1050 1796; x_wconf 80' lang='lat' dir='ltr'>intellegentiam</span> <span class='ocrx_word' id='word_1_117' title='bbox 1087 1718 1221 1775; x_wconf 80' lang='lat' dir='ltr'>nastrum</span> 
     </span>
     <span class='ocr_line' id='line_1_15' title="bbox 114 1814 1222 1896; baseline 0.008 -27"><span class='ocrx_word' id='word_1_118' title='bbox 114 1826 153 1882; x_wconf 85' lang='lat' dir='ltr'>per</span> <span class='ocrx_word' id='word_1_119' title='bbox 170 1814 330 1893; x_wconf 71' lang='lat' dir='ltr'>criminales</span> <span class='ocrx_word' id='word_1_120' title='bbox 354 1817 475 1895; x_wconf 86' lang='lat' dir='ltr'>species</span> <span class='ocrx_word' id='word_1_121' title='bbox 506 1817 678 1880; x_wconf 81' lang='lat' dir='ltr'>diuinarum</span> <span class='ocrx_word' id='word_1_122' title='bbox 712 1837 814 1881; x_wconf 91' lang='lat' dir='ltr'>rerum</span> <span class='ocrx_word' id='word_1_123' title='bbox 846 1838 955 1882; x_wconf 82' lang='lat' dir='ltr'>sensus</span> <span class='ocrx_word' id='word_1_124' title='bbox 992 1817 1159 1896; x_wconf 73' lang='lat' dir='ltr'>exponitur,</span> <span class='ocrx_word' id='word_1_125' title='bbox 1190 1826 1222 1879; x_wconf 82' lang='lat' dir='ltr'>ut</span> 
     </span>
     <span class='ocr_line' id='line_1_16' title="bbox 113 1912 1273 2004; baseline 0.01 -31"><span class='ocrx_word' id='word_1_126' title='bbox 113 1912 275 1982; x_wconf 76' lang='lat' dir='ltr'>subsunnatia</span> <span class='ocrx_word' id='word_1_127' title='bbox 299 1927 330 1983; x_wconf 87' lang='lat' dir='ltr'>et.</span> <span class='ocrx_word' id='word_1_128' title='bbox 353 1921 432 1983; x_wconf 87' lang='lat' dir='ltr'>risus</span> <span class='ocrx_word' id='word_1_129' title='bbox 456 1922 485 1983; x_wconf 93' lang='lat' dir='ltr'>in</span> <span class='ocrx_word' id='word_1_130' title='bbox 511 1920 672 1985; x_wconf 85' lang='lat' dir='ltr'>eludendis</span> <span class='ocrx_word' id='word_1_131' title='bbox 696 1920 756 1997; x_wconf 88' lang='lat' dir='ltr'>bis,</span> <span class='ocrx_word' id='word_1_132' title='bbox 780 1922 832 2004; x_wconf 90' lang='lat' dir='ltr'>qui</span> <span class='ocrx_word' id='word_1_133' title='bbox 849 1923 998 1985; x_wconf 82' lang='lat' dir='ltr'>aduersus</span> <span class='ocrx_word' id='word_1_134' title='bbox 1014 1921 1174 1984; x_wconf 85' lang='lat' dir='ltr'>deminum</span> <span class='ocrx_word' id='word_1_135' title='bbox 1191 1930 1221 1983; x_wconf 90' lang='lat' dir='ltr'>et</span> <span class='ocrx_word' id='word_1_136' title='bbox 1250 1950 1273 1985; x_wconf 78' lang='lat' dir='ltr'>rs</span> 
     </span>
     <span class='ocr_line' id='line_1_17' title="bbox 112 2016 1218 2105; baseline 0.01 -32"><span class='ocrx_word' id='word_1_137' title='bbox 112 2016 226 2085; x_wconf 88' lang='lat' dir='ltr'>aduersus</span> <span class='ocrx_word' id='word_1_138' title='bbox 249 2021 407 2087; x_wconf 77' lang='lat' dir='ltr'>Christ-um</span> <span class='ocrx_word' id='word_1_139' title='bbox 431 2025 496 2088; x_wconf 84' lang='lat' dir='ltr'>eius</span> <span class='ocrx_word' id='word_1_140' title='bbox 519 2033 735 2100; x_wconf 75' lang='lat' dir='ltr'>conuenernnb</span> <span class='ocrx_word' id='word_1_141' title='bbox 759 2027 976 2096; x_wconf 83' lang='lat' dir='ltr'>nominaretur,</span> <span class='ocrx_word' id='word_1_142' title='bbox 1007 2044 1066 2086; x_wconf 89' lang='lat' dir='ltr'>mm</span> <span class='ocrx_word' id='word_1_143' title='bbox 1091 2024 1172 2105; x_wconf 84' lang='lat' dir='ltr'>quud</span> <span class='ocrx_word' id='word_1_144' title='bbox 1190 2025 1218 2086; x_wconf 94' lang='lat' dir='ltr'>in</span> 
     </span>
     <span class='ocr_line' id='line_1_18' title="bbox 113 2117 1220 2203; baseline 0.001 -15"><span class='ocrx_word' id='word_1_145' title='bbox 113 2117 300 2203; x_wconf 77' lang='lat' dir='ltr'>brumrralem</span> <span class='ocrx_word' id='word_1_146' title='bbox 325 2129 419 2191; x_wconf 86' lang='lat' dir='ltr'>deum</span> <span class='ocrx_word' id='word_1_147' title='bbox 443 2136 493 2191; x_wconf 88' lang='lat' dir='ltr'>aut</span> <span class='ocrx_word' id='word_1_148' title='bbox 517 2128 660 2193; x_wconf 82' lang='lat' dir='ltr'>resolutio</span> <span class='ocrx_word' id='word_1_149' title='bbox 684 2137 736 2192; x_wconf 82' lang='lat' dir='ltr'>arn</span> <span class='ocrx_word' id='word_1_150' title='bbox 750 2130 893 2193; x_wconf 85' lang='lat' dir='ltr'>ebductin</span> <span class='ocrx_word' id='word_1_151' title='bbox 908 2129 969 2192; x_wconf 89' lang='lat' dir='ltr'>uris</span> <span class='ocrx_word' id='word_1_152' title='bbox 986 2129 1144 2202; x_wconf 84' lang='lat' dir='ltr'>incideret,</span> <span class='ocrx_word' id='word_1_153' title='bbox 1165 2127 1220 2190; x_wconf 88' lang='lat' dir='ltr'>sed</span> 
     </span>
     <span class='ocr_line' id='line_1_19' title="bbox 113 2228 1220 2314; baseline 0.003 -26"><span class='ocrx_word' id='word_1_154' title='bbox 113 2228 135 2283; x_wconf 80' lang='lat' dir='ltr'>ut</span> <span class='ocrx_word' id='word_1_155' title='bbox 153 2246 179 2290; x_wconf 86' lang='lat' dir='ltr'>er</span> <span class='ocrx_word' id='word_1_156' title='bbox 199 2242 308 2295; x_wconf 78' lang='lat' dir='ltr'>naturae</span> <span class='ocrx_word' id='word_1_157' title='bbox 334 2239 445 2295; x_wconf 72' lang='lat' dir='ltr'>nest-nu</span> <span class='ocrx_word' id='word_1_158' title='bbox 468 2234 689 2297; x_wconf 80' lang='lat' dir='ltr'>consuetudine</span> <span class='ocrx_word' id='word_1_159' title='bbox 714 2253 921 2306; x_wconf 71' lang='lat' dir='ltr'>misceremus</span> <span class='ocrx_word' id='word_1_160' title='bbox 951 2231 1032 2314; x_wconf 83' lang='lat' dir='ltr'>quali</span> <span class='ocrx_word' id='word_1_161' title='bbox 1057 2233 1088 2295; x_wconf 91' lang='lat' dir='ltr'>iu</span> <span class='ocrx_word' id='word_1_162' title='bbox 1110 2231 1220 2310; x_wconf 82' lang='lat' dir='ltr'>impius</span> 
     </span>
     <span class='ocr_line' id='line_1_20' title="bbox 113 2336 1217 2418; baseline 0.01 -32"><span class='ocrx_word' id='word_1_163' title='bbox 113 2342 171 2393; x_wconf 82' lang='lat' dir='ltr'>esset</span> <span class='ocrx_word' id='word_1_164' title='bbox 197 2336 301 2401; x_wconf 85' lang='lat' dir='ltr'>iudicie</span> <span class='ocrx_word' id='word_1_165' title='bbox 333 2336 444 2400; x_wconf 78' lang='lat' dir='ltr'>diuinae</span> <span class='ocrx_word' id='word_1_166' title='bbox 475 2336 638 2401; x_wconf 78' lang='lat' dir='ltr'>uoluntatis</span> <span class='ocrx_word' id='word_1_167' title='bbox 669 2336 811 2401; x_wconf 84' lang='lat' dir='ltr'>inlusum.</span> <span class='ocrx_word' id='word_1_168' title='bbox 857 2337 1035 2401; x_wconf 81' lang='lat' dir='ltr'>subsannati</span> <span class='ocrx_word' id='word_1_169' title='bbox 1066 2336 1160 2418; x_wconf 84' lang='lat' dir='ltr'>igitur</span> <span class='ocrx_word' id='word_1_170' title='bbox 1191 2345 1217 2398; x_wconf 88' lang='lat' dir='ltr'>et</span> 
     </span>
    </p>
   </div>
   <div class='ocr_carea' id='block_1_3' title="bbox 112 2427 1271 3147">
    <p class='ocr_par' dir='ltr' id='par_1_4' title="bbox 112 2427 1271 3147">
     <span class='ocr_line' id='line_1_21' title="bbox 112 2427 1271 2524; baseline 0.012 -35"><span class='ocrx_word' id='word_1_171' title='bbox 112 2427 174 2498; x_wconf 85' lang='lat' dir='ltr'>inrisi</span> <span class='ocrx_word' id='word_1_172' title='bbox 198 2454 271 2504; x_wconf 87' lang='lat' dir='ltr'>sunt.</span> <span class='ocrx_word' id='word_1_173' title='bbox 318 2460 390 2504; x_wconf 86' lang='lat' dir='ltr'>num</span> <span class='ocrx_word' id='word_1_174' title='bbox 423 2442 475 2524; x_wconf 81' lang='lat' dir='ltr'>quui</span> <span class='ocrx_word' id='word_1_175' title='bbox 507 2448 601 2505; x_wconf 86' lang='lat' dir='ltr'>testes</span> <span class='ocrx_word' id='word_1_176' title='bbox 627 2440 718 2505; x_wconf 83' lang='lat' dir='ltr'>salsas</span> <span class='ocrx_word' id='word_1_177' title='bbox 753 2443 1020 2513; x_wconf 79' lang='lat' dir='ltr'>concinna-nerant,</span> <span class='ocrx_word' id='word_1_178' title='bbox 1044 2440 1096 2522; x_wconf 84' lang='lat' dir='ltr'>qui</span> <span class='ocrx_word' id='word_1_179' title='bbox 1120 2440 1219 2518; x_wconf 86' lang='lat' dir='ltr'>predi·</span> <span class='ocrx_word' id='word_1_180' title='bbox 1248 2467 1271 2503; x_wconf 76' lang='lat' dir='ltr'>aa</span> 
     </span>
     <span class='ocr_line' id='line_1_22' title="bbox 112 2532 1218 2627; baseline 0.001 -25"><span class='ocrx_word' id='word_1_181' title='bbox 112 2532 195 2603; x_wconf 71' lang='lat' dir='ltr'>littera</span> <span class='ocrx_word' id='word_1_182' title='bbox 224 2546 351 2609; x_wconf 85' lang='lat' dir='ltr'>mercati</span> <span class='ocrx_word' id='word_1_183' title='bbox 383 2553 480 2624; x_wconf 88' lang='lat' dir='ltr'>erant,</span> <span class='ocrx_word' id='word_1_184' title='bbox 513 2546 562 2627; x_wconf 83' lang='lat' dir='ltr'>qui</span> <span class='ocrx_word' id='word_1_185' title='bbox 595 2566 687 2625; x_wconf 88' lang='lat' dir='ltr'>super</span> <span class='ocrx_word' id='word_1_186' title='bbox 718 2566 751 2610; x_wconf 88' lang='lat' dir='ltr'>se</span> <span class='ocrx_word' id='word_1_187' title='bbox 781 2566 815 2609; x_wconf 89' lang='lat' dir='ltr'>ac</span> <span class='ocrx_word' id='word_1_188' title='bbox 840 2544 918 2608; x_wconf 85' lang='lat' dir='ltr'>lilios</span> <span class='ocrx_word' id='word_1_189' title='bbox 943 2565 1012 2607; x_wconf 86' lang='lat' dir='ltr'>suas</span> <span class='ocrx_word' id='word_1_190' title='bbox 1036 2543 1218 2625; x_wconf 80' lang='lat' dir='ltr'>sarrguinem</span> 
     </span>
     <span class='ocr_line' id='line_1_23' title="bbox 112 2636 1218 2732; baseline 0.013 -37"><span class='ocrx_word' id='word_1_191' title='bbox 112 2636 347 2729; x_wconf 83' lang='lat' dir='ltr'>einsreceperant,</span> <span class='ocrx_word' id='word_1_192' title='bbox 364 2650 431 2731; x_wconf 87' lang='lat' dir='ltr'>qui:</span> <span class='ocrx_word' id='word_1_193' title='bbox 456 2650 660 2732; x_wconf 73' lang='lat' dir='ltr'>crucifige</span> <span class='ocrx_word' id='word_1_194' title='bbox 688 2649 905 2717; x_wconf 79' lang='lat' dir='ltr'>clamaberunt.</span> <span class='ocrx_word' id='word_1_195' title='bbox 922 2649 989 2730; x_wconf 78' lang='lat' dir='ltr'>qui:</span> <span class='ocrx_word' id='word_1_196' title='bbox 1014 2647 1218 2710; x_wconf 85' lang='lat' dir='ltr'>descende</span> 
     </span>
     <span class='ocr_line' id='line_1_24' title="bbox 112 2737 1217 2835; baseline 0.002 -24"><span class='ocrx_word' id='word_1_197' title='bbox 112 2737 145 2803; x_wconf 73' lang='lat' dir='ltr'>de</span> <span class='ocrx_word' id='word_1_198' title='bbox 169 2768 281 2827; x_wconf 78' lang='lat' dir='ltr'>cruce,</span> <span class='ocrx_word' id='word_1_199' title='bbox 317 2754 349 2816; x_wconf 86' lang='lat' dir='ltr'>si</span> <span class='ocrx_word' id='word_1_200' title='bbox 386 2752 502 2816; x_wconf 88' lang='lat' dir='ltr'>lilius</span> <span class='ocrx_word' id='word_1_201' title='bbox 534 2753 597 2817; x_wconf 87' lang='lat' dir='ltr'>dei</span> <span class='ocrx_word' id='word_1_202' title='bbox 621 2775 662 2817; x_wconf 86' lang='lat' dir='ltr'>es</span> <span class='ocrx_word' id='word_1_203' title='bbox 697 2753 844 2826; x_wconf 86' lang='lat' dir='ltr'>dixerant,</span> <span class='ocrx_word' id='word_1_204' title='bbox 869 2754 921 2835; x_wconf 87' lang='lat' dir='ltr'>qui</span> <span class='ocrx_word' id='word_1_205' title='bbox 946 2749 1142 2831; x_wconf 82' lang='lat' dir='ltr'>sepulchrum</span> <span class='ocrx_word' id='word_1_206' title='bbox 1166 2750 1217 2813; x_wconf 89' lang='lat' dir='ltr'>nb-</span> 
     </span>
     <span class='ocr_line' id='line_1_25' title="bbox 112 2843 1215 2939; baseline 0.003 -27"><span class='ocrx_word' id='word_1_207' title='bbox 112 2843 281 2927; x_wconf 59' lang='lat' dir='ltr'>‘irnuuerant</span> <span class='ocrx_word' id='word_1_208' title='bbox 305 2858 358 2939; x_wconf 81' lang='lat' dir='ltr'>qui</span> <span class='ocrx_word' id='word_1_209' title='bbox 384 2858 615 2921; x_wconf 81' lang='lat' dir='ltr'>resurreetinnis</span> <span class='ocrx_word' id='word_1_210' title='bbox 640 2857 795 2921; x_wconf 87' lang='lat' dir='ltr'>silentium</span> <span class='ocrx_word' id='word_1_211' title='bbox 820 2880 837 2920; x_wconf 91' lang='lat' dir='ltr'>a</span> <span class='ocrx_word' id='word_1_212' title='bbox 862 2856 1009 2920; x_wconf 83' lang='lat' dir='ltr'>militibus</span> <span class='ocrx_word' id='word_1_213' title='bbox 1039 2864 1070 2918; x_wconf 77' lang='lat' dir='ltr'>et-</span> <span class='ocrx_word' id='word_1_214' title='bbox 1104 2854 1215 2916; x_wconf 78' lang='lat' dir='ltr'>farinam</span> 
     </span>
     <span class='ocr_line' id='line_1_26' title="bbox 113 2943 1270 3040; baseline 0.009 -27"><span class='ocrx_word' id='word_1_215' title='bbox 113 2943 177 3018; x_wconf 80' lang='lat' dir='ltr'>tund</span> <span class='ocrx_word' id='word_1_216' title='bbox 195 2962 325 3040; x_wconf 81' lang='lat' dir='ltr'>carparis</span> <span class='ocrx_word' id='word_1_217' title='bbox 350 2970 498 3037; x_wconf 86' lang='lat' dir='ltr'>emerant,</span> <span class='ocrx_word' id='word_1_218' title='bbox 523 2961 724 3040; x_wconf 83' lang='lat' dir='ltr'>perdiderunt</span> <span class='ocrx_word' id='word_1_219' title='bbox 747 2967 864 3025; x_wconf 87' lang='lat' dir='ltr'>tantum</span> <span class='ocrx_word' id='word_1_220' title='bbox 901 2959 1068 3039; x_wconf 80' lang='lat' dir='ltr'>impietatis</span> <span class='ocrx_word' id='word_1_221' title='bbox 1091 2977 1153 3021; x_wconf 80' lang='lat' dir='ltr'>sum</span> <span class='ocrx_word' id='word_1_222' title='bbox 1177 2955 1216 3020; x_wconf 85' lang='lat' dir='ltr'>lc·</span> <span class='ocrx_word' id='word_1_223' title='bbox 1245 2985 1270 3023; x_wconf 82' lang='grc' dir='ltr'>ιι</span> 
     </span>
     <span class='ocr_line' id='line_1_27' title="bbox 113 3047 1216 3147; baseline -0.001 -26"><span class='ocrx_word' id='word_1_224' title='bbox 113 3047 199 3122; x_wconf 68' lang='lat' dir='ltr'>brem.</span> <span class='ocrx_word' id='word_1_225' title='bbox 238 3065 393 3141; x_wconf 85' lang='lat' dir='ltr'>deusest,</span> <span class='ocrx_word' id='word_1_226' title='bbox 427 3085 520 3147; x_wconf 89' lang='lat' dir='ltr'>quem</span> <span class='ocrx_word' id='word_1_227' title='bbox 556 3067 638 3129; x_wconf 81' lang='lat' dir='ltr'>cirici</span> <span class='ocrx_word' id='word_1_228' title='bbox 673 3065 859 3129; x_wconf 77' lang='lat' dir='ltr'>adfixerant:</span> <span class='ocrx_word' id='word_1_229' title='bbox 894 3075 1027 3128; x_wconf 78' lang='lat' dir='ltr'>aeternus</span> <span class='ocrx_word' id='word_1_230' title='bbox 1051 3067 1107 3136; x_wconf 85' lang='lat' dir='ltr'>est,</span> <span class='ocrx_word' id='word_1_231' title='bbox 1131 3062 1216 3124; x_wconf 84' lang='lat' dir='ltr'>cuius</span> 
     </span>
    </p>
   </div>
   <div class='ocr_carea' id='block_1_4' title="bbox 113 3282 1218 3530">
    <p class='ocr_par' dir='ltr' id='par_1_5' title="bbox 113 3282 1218 3530">
     <span class='ocr_line' id='line_1_28' title="bbox 117 3282 1218 3366; baseline 0.007 -30"><span class='ocrx_word' id='word_1_232' title='bbox 117 3360 120 3366; x_wconf 37' lang='grc' dir='ltr'>Ι</span> <span class='ocrx_word' id='word_1_233' title='bbox 144 3282 155 3327; x_wconf 84' lang='lat'>³</span> <span class='ocrx_word' id='word_1_234' title='bbox 166 3298 211 3350; x_wconf 75' lang='lat' dir='ltr'>pan</span> <span class='ocrx_word' id='word_1_235' title='bbox 227 3288 269 3342; x_wconf 81' lang='lat' dir='ltr'>dei</span> <span class='ocrx_word' id='word_1_236' title='bbox 292 3290 305 3339; x_wconf 85' lang='lat'><em>1</em></span> <span class='ocrx_word' id='word_1_237' title='bbox 324 3290 370 3340; x_wconf 84' lang='lat' dir='ltr'>litt.</span> <span class='ocrx_word' id='word_1_238' title='bbox 389 3308 445 3340; x_wconf 84' lang='lat' dir='ltr'>cum</span> <span class='ocrx_word' id='word_1_239' title='bbox 466 3291 569 3357; x_wconf 70' lang='lat' dir='ltr'>scirpula</span> <span class='ocrx_word' id='word_1_240' title='bbox 588 3309 658 3359; x_wconf 82' lang='lat' dir='ltr'>supr.</span> <span class='ocrx_word' id='word_1_241' title='bbox 672 3308 720 3342; x_wconf 82' lang='lat' dir='ltr'>scr.</span> <span class='ocrx_word' id='word_1_242' title='bbox 741 3308 807 3342; x_wconf 82' lang='lat' dir='ltr'>erar.</span> <span class='ocrx_word' id='word_1_243' title='bbox 828 3289 867 3347; x_wconf 79' lang='lat' dir='ltr'>R,-</span> <span class='ocrx_word' id='word_1_244' title='bbox 896 3291 924 3342; x_wconf 77' lang='grc' dir='ltr'><em>Ε</em></span> <span class='ocrx_word' id='word_1_245' title='bbox 939 3291 962 3341; x_wconf 88' lang='lat' dir='ltr'>lr.</span> <span class='ocrx_word' id='word_1_246' title='bbox 982 3290 998 3340; x_wconf 92' lang='lat' dir='ltr'>l.</span> <span class='ocrx_word' id='word_1_247' title='bbox 1018 3304 1090 3339; x_wconf 72' lang='lat' dir='ltr'>vocer</span> <span class='ocrx_word' id='word_1_248' title='bbox 1109 3289 1218 3338; x_wconf 66' lang='lat' dir='ltr'>esselel</span> 
     </span>
     <span class='ocr_line' id='line_1_29' title="bbox 114 3368 1218 3443; baseline 0.012 -35"><span class='ocrx_word' id='word_1_249' title='bbox 114 3368 200 3423; x_wconf 66' lang='lat' dir='ltr'>raterdci</span> <span class='ocrx_word' id='word_1_250' title='bbox 213 3387 233 3426; x_wconf 83' lang='lat' dir='ltr'>er</span> <span class='ocrx_word' id='word_1_251' title='bbox 249 3393 298 3443; x_wconf 84' lang='lat' dir='ltr'>per</span> <span class='ocrx_word' id='word_1_252' title='bbox 308 3378 384 3428; x_wconf 81' lang='lat' dir='ltr'>inser.</span> <span class='ocrx_word' id='word_1_253' title='bbox 422 3393 472 3443; x_wconf 87' lang='lat' dir='ltr'>per</span> <span class='ocrx_word' id='word_1_254' title='bbox 490 3377 622 3429; x_wconf 82' lang='lat' dir='ltr'>uirtutem</span> <span class='ocrx_word' id='word_1_255' title='bbox 642 3393 706 3429; x_wconf 79' lang='lat' dir='ltr'>suae</span> <span class='ocrx_word' id='word_1_256' title='bbox 725 3377 894 3429; x_wconf 78' lang='lat' dir='ltr'>substantiae</span> <span class='ocrx_word' id='word_1_257' title='bbox 909 3376 934 3427; x_wconf 73' lang='grc' dir='ltr'><em>Ε</em></span> <span class='ocrx_word' id='word_1_258' title='bbox 975 3377 992 3425; x_wconf 85' lang='grc'>6</span> <span class='ocrx_word' id='word_1_259' title='bbox 1011 3372 1179 3426; x_wconf 84' lang='lat' dir='ltr'>consistente</span> <span class='ocrx_word' id='word_1_260' title='bbox 1189 3390 1218 3421; x_wconf 80' lang='lat' dir='ltr'>er</span> 
     </span>
     <span class='ocr_line' id='line_1_30' title="bbox 113 3452 1217 3530; baseline 0.016 -38"><span class='ocrx_word' id='word_1_261' title='bbox 113 3452 288 3515; x_wconf 73' lang='lat' dir='ltr'>catarinentente</span> <span class='ocrx_word' id='word_1_262' title='bbox 308 3464 380 3514; x_wconf 72' lang='lat' dir='ltr'>nn?</span> <span class='ocrx_word' id='word_1_263' title='bbox 405 3463 427 3514; x_wconf 88' lang='lat' dir='ltr'><em>V</em></span> <span class='ocrx_word' id='word_1_264' title='bbox 479 3463 686 3516; x_wconf 72' lang='lat' dir='ltr'>idiseeusionis</span> <span class='ocrx_word' id='word_1_265' title='bbox 713 3464 736 3515; x_wconf 80' lang='lat' dir='ltr'>l&#39;</span> <span class='ocrx_word' id='word_1_266' title='bbox 788 3466 820 3518; x_wconf 91' lang='lat'>10</span> <span class='ocrx_word' id='word_1_267' title='bbox 847 3463 893 3530; x_wconf 88' lang='lat' dir='ltr'>qui</span> <span class='ocrx_word' id='word_1_268' title='bbox 923 3461 1054 3514; x_wconf 76' lang='lat' dir='ltr'>irridete</span> <span class='ocrx_word' id='word_1_269' title='bbox 1105 3461 1131 3510; x_wconf 91' lang='lat' dir='ltr'>ll</span> <span class='ocrx_word' id='word_1_270' title='bbox 1154 3458 1217 3510; x_wconf 81' lang='lat' dir='ltr'>sub-</span> 
     </span>
    </p>
   </div>
   <div class='ocr_carea' id='block_1_5' title="bbox 115 3543 1218 3650">
    <p class='ocr_par' dir='ltr' id='par_1_6' title="bbox 115 3543 1218 3650">
     <span class='ocr_line' id='line_1_31' title="bbox 115 3543 1218 3650; baseline -0.008 -45"><span class='ocrx_word' id='word_1_271' title='bbox 115 3548 209 3596; x_wconf 55' lang='lat' dir='ltr'>&#39;²⁰⁰⁸‘st</span> <span class='ocrx_word' id='word_1_272' title='bbox 291 3547 321 3605; x_wconf 82' lang='lat' dir='ltr'>(e</span> <span class='ocrx_word' id='word_1_273' title='bbox 349 3568 379 3601; x_wconf 72' lang='lat' dir='ltr'><em>a</em></span> <span class='ocrx_word' id='word_1_274' title='bbox 406 3567 480 3603; x_wconf 80' lang='lat' dir='ltr'>cerr..</span> <span class='ocrx_word' id='word_1_275' title='bbox 509 3556 520 3602; x_wconf 84' lang='lat' dir='ltr'><strong>t</strong></span> <span class='ocrx_word' id='word_1_276' title='bbox 548 3553 574 3601; x_wconf 85' lang='lat' dir='ltr'>in</span> <span class='ocrx_word' id='word_1_277' title='bbox 602 3552 667 3612; x_wconf 82' lang='lat' dir='ltr'>res)</span> <span class='ocrx_word' id='word_1_278' title='bbox 698 3549 721 3597; x_wconf 86' lang='lat' dir='ltr'>l&#39;</span> <span class='ocrx_word' id='word_1_279' title='bbox 791 3549 885 3602; x_wconf 80' lang='lat' dir='ltr'>differt</span> <span class='ocrx_word' id='word_1_280' title='bbox 912 3568 942 3601; x_wconf 77' lang='grc' dir='ltr'><em>ω</em></span> <span class='ocrx_word' id='word_1_281' title='bbox 968 3546 1057 3600; x_wconf 82' lang='lat' dir='ltr'>desert</span> <span class='ocrx_word' id='word_1_282' title='bbox 1075 3563 1116 3650; x_wconf 53' lang='lat' dir='ltr'>nl„</span> <span class='ocrx_word' id='word_1_283' title='bbox 1146 3549 1165 3650; x_wconf 56' lang='grc' dir='ltr'>ἶ)</span> <span class='ocrx_word' id='word_1_284' title='bbox 1193 3543 1218 3649; x_wconf 59' lang='lat' dir='ltr'>⁸lo&#39;</span> 
     </span>
    </p>
   </div>
   <div class='ocr_carea' id='block_1_6' title="bbox 116 3653 1218 3820">
    <p class='ocr_par' dir='ltr' id='par_1_7' title="bbox 116 3653 1218 3820">
     <span class='ocr_line' id='line_1_32' title="bbox 117 3653 1218 3724; baseline 0.01 -15"><span class='ocrx_word' id='word_1_285' title='bbox 117 3653 335 3723; x_wconf 71' lang='lat' dir='ltr'>lbuatadendisrr</span> <span class='ocrx_word' id='word_1_286' title='bbox 388 3671 452 3723; x_wconf 88' lang='lat' dir='ltr'>d⁰m</span> <span class='ocrx_word' id='word_1_287' title='bbox 463 3688 529 3723; x_wconf 80' lang='lat' dir='ltr'>corr</span> <span class='ocrx_word' id='word_1_288' title='bbox 546 3690 577 3723; x_wconf 87' lang='lat' dir='ltr'>m.</span> <span class='ocrx_word' id='word_1_289' title='bbox 590 3670 648 3723; x_wconf 73' lang='grc' dir='ltr'><em>Ν</em></span> <span class='ocrx_word' id='word_1_290' title='bbox 701 3675 731 3724; x_wconf 87' lang='lat'>16</span> <span class='ocrx_word' id='word_1_291' title='bbox 742 3670 953 3723; x_wconf 82' lang='lat' dir='ltr'>conueneretV</span> <span class='ocrx_word' id='word_1_292' title='bbox 1001 3670 1030 3719; x_wconf 83' lang='lat'>17</span> <span class='ocrx_word' id='word_1_293' title='bbox 1047 3667 1152 3719; x_wconf 78' lang='lat' dir='ltr'>donau</span> <span class='ocrx_word' id='word_1_294' title='bbox 1174 3682 1218 3716; x_wconf 74' lang='lat' dir='ltr'>rc·</span> 
     </span>
     <span class='ocr_line' id='line_1_33' title="bbox 116 3735 1218 3820; baseline -0.002 -17"><span class='ocrx_word' id='word_1_295' title='bbox 116 3735 231 3806; x_wconf 60' lang='lat' dir='ltr'>luteram,</span> <span class='ocrx_word' id='word_1_296' title='bbox 250 3778 279 3809; x_wconf 82' lang='grc' dir='ltr'>ιιι</span> <span class='ocrx_word' id='word_1_297' title='bbox 300 3756 359 3809; x_wconf 68' lang='lat' dir='ltr'>2ss</span> <span class='ocrx_word' id='word_1_298' title='bbox 409 3756 545 3809; x_wconf 84' lang='lat' dir='ltr'>incideret</span> <span class='ocrx_word' id='word_1_299' title='bbox 564 3758 618 3815; x_wconf 84' lang='lat' dir='ltr'>(t&#39;</span> <span class='ocrx_word' id='word_1_300' title='bbox 608 3776 635 3809; x_wconf 85' lang='lat' dir='ltr'>m</span> <span class='ocrx_word' id='word_1_301' title='bbox 653 3757 720 3820; x_wconf 78' lang='lat' dir='ltr'>rm.)</span> <span class='ocrx_word' id='word_1_302' title='bbox 740 3755 764 3805; x_wconf 79' lang='lat' dir='ltr'><em>R</em></span> <span class='ocrx_word' id='word_1_303' title='bbox 782 3755 971 3809; x_wconf 80' lang='lat' dir='ltr'>incederetl&#39;</span> <span class='ocrx_word' id='word_1_304' title='bbox 1024 3754 1080 3807; x_wconf 83' lang='lat'>18</span> <span class='ocrx_word' id='word_1_305' title='bbox 1073 3771 1101 3805; x_wconf 92' lang='grc' dir='ltr'>ιιι</span> <span class='ocrx_word' id='word_1_306' title='bbox 1122 3751 1218 3819; x_wconf 82' lang='lat' dir='ltr'>piosl&#39;</span> 
     </span>
    </p>
   </div>
   <div class='ocr_carea' id='block_1_7' title="bbox 117 3825 1215 3951">
    <p class='ocr_par' dir='ltr' id='par_1_8' title="bbox 117 3825 1215 3951">
     <span class='ocr_line' id='line_1_34' title="bbox 117 3825 1215 3949; baseline -0.01 -52"><span class='ocrx_word' id='word_1_307' title='bbox 117 3825 228 3889; x_wconf 64' lang='lat' dir='ltr'>l‘⁴⁶⁸⁸0l</span> <span class='ocrx_word' id='word_1_308' title='bbox 274 3843 417 3896; x_wconf 85' lang='lat' dir='ltr'>iudieidl</span> <span class='ocrx_word' id='word_1_309' title='bbox 469 3844 627 3897; x_wconf 77' lang='lat' dir='ltr'>subsannati</span> <span class='ocrx_word' id='word_1_310' title='bbox 647 3845 752 3912; x_wconf 65' lang='lat' dir='ltr'>ergolu&#39;</span> <span class='ocrx_word' id='word_1_311' title='bbox 802 3846 836 3896; x_wconf 77' lang='lat'>20</span> <span class='ocrx_word' id='word_1_312' title='bbox 857 3861 918 3949; x_wconf 53' lang='lat' dir='ltr'>&#39;laq&#39;</span> <span class='ocrx_word' id='word_1_313' title='bbox 933 3841 1091 3948; x_wconf 62' lang='lat' dir='ltr'>Rnalunque</span> <span class='ocrx_word' id='word_1_314' title='bbox 1113 3837 1215 3905; x_wconf 82' lang='lat' dir='ltr'>quil&#39;a</span> 
     </span>
     <span class='ocr_line' id='line_1_35' title="bbox 551 3923 564 3951; baseline 0 0"><span class='ocrx_word' id='word_1_315' title='bbox 551 3923 564 3951; x_wconf 77' lang='lat' dir='ltr'>n</span> 
     </span>
    </p>
   </div>
   <div class='ocr_carea' id='block_1_8' title="bbox 114 3944 1218 4143">
    <p class='ocr_par' dir='ltr' id='par_1_9' title="bbox 114 3944 1218 4143">
     <span class='ocr_line' id='line_1_36' title="bbox 115 3944 1218 4032; baseline 0.017 -40"><span class='ocrx_word' id='word_1_316' title='bbox 115 3944 280 4016; x_wconf 70' lang='lat' dir='ltr'>bimenstris</span> <span class='ocrx_word' id='word_1_317' title='bbox 297 3965 317 4015; x_wconf 89' lang='lat' dir='ltr'>l&#39;</span> <span class='ocrx_word' id='word_1_318' title='bbox 353 3965 568 4018; x_wconf 80' lang='lat' dir='ltr'>concinneuerat</span> <span class='ocrx_word' id='word_1_319' title='bbox 583 3983 649 4018; x_wconf 84' lang='lat' dir='ltr'>corr.</span> <span class='ocrx_word' id='word_1_320' title='bbox 661 3968 722 4018; x_wconf 63' lang='lat' dir='ltr'>aa?</span> <span class='ocrx_word' id='word_1_321' title='bbox 738 3966 762 4018; x_wconf 93' lang='lat' dir='ltr'><em>V</em></span> <span class='ocrx_word' id='word_1_322' title='bbox 795 3967 829 4019; x_wconf 73' lang='lat'>22</span> <span class='ocrx_word' id='word_1_323' title='bbox 839 3965 877 4017; x_wconf 84' lang='lat' dir='ltr'>eis</span> <span class='ocrx_word' id='word_1_324' title='bbox 888 3972 1031 4032; x_wconf 80' lang='lat' dir='ltr'>receperat</span> <span class='ocrx_word' id='word_1_325' title='bbox 1040 3980 1106 4015; x_wconf 86' lang='lat' dir='ltr'>corr.</span> <span class='ocrx_word' id='word_1_326' title='bbox 1118 3959 1181 4014; x_wconf 52' lang='lat' dir='ltr'>inst.)</span> <span class='ocrx_word' id='word_1_327' title='bbox 1196 3959 1218 4010; x_wconf 83' lang='lat' dir='ltr'>l&#39;</span> 
     </span>
     <span class='ocr_line' id='line_1_37' title="bbox 114 4039 1217 4143; baseline 0.016 -61"><span class='ocrx_word' id='word_1_328' title='bbox 114 4039 218 4143; x_wconf 55' lang='lat' dir='ltr'>crucefihge</span> <span class='ocrx_word' id='word_1_329' title='bbox 254 4051 274 4100; x_wconf 79' lang='lat'>1&#39;</span> <span class='ocrx_word' id='word_1_330' title='bbox 307 4051 495 4105; x_wconf 76' lang='lat' dir='ltr'>elamsuemnt.</span> <span class='ocrx_word' id='word_1_331' title='bbox 519 4072 548 4104; x_wconf 80' lang='lat' dir='ltr'>er</span> <span class='ocrx_word' id='word_1_332' title='bbox 576 4053 766 4106; x_wconf 78' lang='lat' dir='ltr'>elamarrerunt</span> <span class='ocrx_word' id='word_1_333' title='bbox 800 4072 831 4105; x_wconf 86' lang='lat' dir='ltr'>m.</span> <span class='ocrx_word' id='word_1_334' title='bbox 867 4054 886 4102; x_wconf 73' lang='lat'>2)</span> <span class='ocrx_word' id='word_1_335' title='bbox 917 4052 939 4103; x_wconf 80' lang='lat' dir='ltr'><em>V</em></span> <span class='ocrx_word' id='word_1_336' title='bbox 1012 4052 1046 4103; x_wconf 76' lang='lat'>23</span> <span class='ocrx_word' id='word_1_337' title='bbox 1071 4067 1098 4100; x_wconf 81' lang='lat' dir='ltr'>cs</span> <span class='ocrx_word' id='word_1_338' title='bbox 1123 4048 1168 4100; x_wconf 87' lang='lat' dir='ltr'>dei</span> <span class='ocrx_word' id='word_1_339' title='bbox 1194 4044 1217 4093; x_wconf 63' lang='lat' dir='ltr'>la&#39;</span> 
     </span>
    </p>
   </div>
   <div class='ocr_carea' id='block_1_9' title="bbox 115 4156 1217 4313">
    <p class='ocr_par' dir='ltr' id='par_1_10' title="bbox 115 4156 1217 4313">
     <span class='ocr_line' id='line_1_38' title="bbox 115 4156 1217 4232; baseline 0.012 -27"><span class='ocrx_word' id='word_1_340' title='bbox 115 4156 213 4217; x_wconf 68' lang='lat' dir='ltr'>epuler</span> <span class='ocrx_word' id='word_1_341' title='bbox 229 4188 256 4220; x_wconf 73' lang='grc' dir='ltr'>ι..</span> <span class='ocrx_word' id='word_1_342' title='bbox 276 4173 290 4224; x_wconf 88' lang='grc' dir='ltr'><strong>ι</strong></span> <span class='ocrx_word' id='word_1_343' title='bbox 309 4171 332 4221; x_wconf 86' lang='lat' dir='ltr'>n</span> <span class='ocrx_word' id='word_1_344' title='bbox 402 4176 437 4226; x_wconf 78' lang='lat' dir='ltr'>ra</span> <span class='ocrx_word' id='word_1_345' title='bbox 455 4174 577 4227; x_wconf 69' lang='lat' dir='ltr'>areauna</span> <span class='ocrx_word' id='word_1_346' title='bbox 596 4194 626 4226; x_wconf 61' lang='grc' dir='ltr'>ιι</span> <span class='ocrx_word' id='word_1_347' title='bbox 644 4157 795 4227; x_wconf 77' lang='lat' dir='ltr'>n&#39;munum</span> <span class='ocrx_word' id='word_1_348' title='bbox 817 4194 848 4226; x_wconf 75' lang='lat' dir='ltr'>n.</span> <span class='ocrx_word' id='word_1_349' title='bbox 870 4173 884 4224; x_wconf 88' lang='grc' dir='ltr'><strong>ι</strong></span> <span class='ocrx_word' id='word_1_350' title='bbox 910 4173 932 4224; x_wconf 85' lang='lat' dir='ltr'>r</span> <span class='ocrx_word' id='word_1_351' title='bbox 1000 4174 1034 4224; x_wconf 77' lang='lat' dir='ltr'>aa</span> <span class='ocrx_word' id='word_1_352' title='bbox 1048 4170 1124 4223; x_wconf 71' lang='lat' dir='ltr'>eran</span> <span class='ocrx_word' id='word_1_353' title='bbox 1138 4168 1177 4232; x_wconf 74' lang='lat' dir='ltr'>(s</span> <span class='ocrx_word' id='word_1_354' title='bbox 1190 4170 1217 4219; x_wconf 64' lang='lat' dir='ltr'>aa</span> 
     </span>
     <span class='ocr_line' id='line_1_39' title="bbox 115 4248 508 4313; baseline 0.013 -6"><span class='ocrx_word' id='word_1_355' title='bbox 115 4248 170 4295; x_wconf 56' lang='lat'>&#39;¹¹⁸&#39;</span> <span class='ocrx_word' id='word_1_356' title='bbox 186 4263 209 4299; x_wconf 76' lang='lat'>¹¹¹·</span> <span class='ocrx_word' id='word_1_357' title='bbox 227 4255 274 4309; x_wconf 77' lang='lat' dir='ltr'>tn</span> <span class='ocrx_word' id='word_1_358' title='bbox 323 4258 441 4313; x_wconf 79' lang='lat' dir='ltr'>fixerant</span> <span class='ocrx_word' id='word_1_359' title='bbox 467 4260 508 4313; x_wconf 83' lang='lat' dir='ltr'>l&#39;e.</span> 
     </span>
    </p>
   </div>
   <div class='ocr_carea' id='block_1_10' title="bbox 0 0 1402 4844">
    <p class='ocr_par' dir='ltr' id='par_1_11' title="bbox 0 0 1402 4844">
     <span class='ocr_line' id='line_1_40' title="bbox 0 0 1402 4844; baseline 0 0"><span class='ocrx_word' id='word_1_360' title='bbox 0 0 1402 4844; x_wconf 95' lang='lat' dir='ltr'> </span> 
     </span>
    </p>
   </div>
  </div>
 </body>
</html>
