2790 4844
354 276 536 325 tractatus
556 272 591 324 iu
609 272 781 339 psalmum
801 270 917 324 CXLVI.
1143 272 1206 337 853

56 461 204 528 ecclesiae
227 462 368 546 requiem
392 461 505 528 habent
527 464 557 527 in
582 461 703 540 saeculo,
727 460 847 527 mauult
870 470 971 527 tamen
1002 462 1039 525 iu.
1064 462 1208 528 inanibus

58 566 170 631 sarculi
186 568 348 632 demorari.
394 565 616 651 huncquoque
639 587 729 632 auem
752 566 886 650 legimus
909 567 940 630 iu
963 573 1086 650 pastum
1110 565 1208 632 Heliae

59 671 242 751 deputatam
267 671 352 737 cibos
387 691 510 751 semper
533 672 561 736 ei
585 672 681 736 fuisse
703 669 827 736 solitam
850 670 965 736 inferre
999 677 1031 736 et
1052 669 1112 735 hoo
1135 677 1209 748 tuna,

60 795 137 839 curn
159 775 345 856 impiissime
368 776 469 840 omnis
492 775 623 856 populus
647 781 677 840 et
699 773 966 859 inreligiosissime
986 776 1207 840 deuersaretur.

60 879 94 942 in
119 878 303 944 famulatum
326 899 401 963 ergo
424 880 500 944 tanti
525 878 682 960 prophetae
713 878 781 944 haeo
811 879 885 956 auis,
920 899 989 963 quae
1019 879 1052 943 in
1074 880 1208 944 formam
1248 905 1263 944 e

62 983 234 1066 peccatoris
268 989 334 1048 eret
371 985 544 1059 constituta,
583 982 705 1049 delecta
739 988 795 1048 cst.
847 1004 918 1048 curn
956 983 1038 1048 anim
1075 983 1209 1048 anterior

62 1086 194 1167 populus
216 1086 421 1170 inprobabilis
440 1094 654 1167 reportasset,
679 1096 745 1152 tum
761 1088 811 1152 dei
828 1088 1012 1168 pradicatio,
1036 1106 1105 1170 quae
1121 1087 1209 1152 cibus

62 1199 93 1256 et
116 1191 243 1257 esuritio
267 1201 315 1256 est
337 1191 567 1273 prophetarum,
598 1211 654 1275 per
683 1211 800 1266 eorum,
834 1192 886 1276 qui
910 1199 1089 1272 peccatores
1113 1199 1209 1267 erant,

62 1295 166 1361 officia
188 1294 334 1377 expletur.
379 1316 435 1360 nos
458 1296 543 1362 enim
565 1296 615 1361 uel
637 1297 731 1360 ceteri
755 1303 826 1361 ante
849 1317 905 1360 nos
928 1316 965 1361 ex
989 1295 1209 1376 inpudentibus

61 1407 92 1464 et
115 1399 299 1480 procacibus
331 1406 362 1465 et
392 1400 550 1465 inmundis
580 1406 611 1465 et
641 1402 774 1466 cruentis
808 1401 905 1485 geniti
929 1408 1021 1485 atque
1044 1401 1107 1465 nati
1131 1409 1207 1465 tam-
1238 1432 1262 1467 ιο

62 1525 159 1588 quarn
190 1503 265 1585 pulli
295 1524 457 1569 cornorum
488 1505 581 1570 deurn
611 1505 790 1570 inuocamus
814 1505 980 1590 agnitione,
1005 1497 1208 1579 consessione,

59 1607 230 1673 famulatu:
265 1616 298 1673 ut
332 1629 370 1674 er
403 1609 549 1675 iumentis
583 1618 615 1674 et
647 1610 811 1690 pecoribus
848 1630 905 1690 per
938 1610 1128 1694 agnitionem
1158 1608 1208 1673 dei

60 1711 207 1778 homines
238 1711 349 1791 effecti,
379 1713 505 1778 rationis
536 1714 654 1779 seilicet
683 1715 849 1801 participes
873 1735 910 1778 er
932 1713 1060 1778 rationis
1082 1712 1209 1798 ignaris,

58 1816 177 1900 quibus
208 1817 318 1883 cotidie
341 1840 360 1883 a
383 1821 440 1885 deo
463 1819 652 1899 producente
682 1818 714 1882 iu
745 1818 904 1899 prophetis
928 1818 1074 1884 doctrinae
1099 1817 1210 1898 praedi-

57 1923 218 1986 cationem
250 1929 411 2006 tamquam
435 1924 465 1986 in
490 1923 646 1988 montibus
671 1923 783 1988 iaenurn
816 1923 876 1988 cibi
901 1921 1031 1988 celestis
1054 1923 1209 2004 praebetur
1237 1950 1263 1986 ra

55 2024 217 2090 alimonia.
922 2042 925 2048 '

107 2130 160 2194 13.
184 2129 227 2195 Ut
249 2138 352 2197 autern
374 2132 478 2196 omnia
501 2132 578 2208 nso,
602 2152 671 2215 quae
688 2131 852 2216 allegorice
872 2138 1114 2197 commemorata
1129 2138 1209 2207 sunt,

56 2237 93 2299 in
111 2235 288 2315 profectum
306 2234 448 2300 humanae
464 2235 572 2300 salutis
588 2237 657 2320 geri
672 2234 935 2320 intellegerentur,
960 2234 1114 2316 psalmum
1137 2253 1209 2298 oon·

56 2338 204 2404 clusione
238 2339 408 2405 confirmat.
455 2339 498 2404 ita
531 2340 613 2405 enirn
647 2340 704 2405 ait:
740 2360 817 2405 uon
851 2340 887 2403 in
923 2339 1081 2404 uiribus
1117 2339 1209 2422 equi

56 2442 320 2507 uoluntatem
351 2442 484 2522 habet,
515 2464 586 2510 nec
620 2444 658 2508 iu
683 2441 967 2509 tabernaculis
992 2444 1070 2508 uiri
1094 2443 1208 2508 bene·
1237 2473 1263 2510 ac

56 2546 262 2629 placitum
286 2553 347 2612 est
371 2547 765 2629 ei.,beueplaeitum
800 2555 860 2614 est
894 2548 1055 2613 domino
1089 2567 1209 2629 super

60 2653 262 2717 timentes
286 2672 372 2716 eum
395 2659 432 2718 et
455 2652 493 2716 in
517 2652 744 2735 omnesqui
768 2658 938 2732 sperant
958 2652 1210 2732 supermise-

59 2756 288 2820 rioordiam
322 2756 417 2821 eius.
463 2757 617 2821 contraria
650 2755 709 2822 sibi
745 2756 804 2820 ists
837 2762 916 2833 sunt,
952 2757 977 2820 si
1008 2755 1210 2840 corporaliter

59 2858 293 2944 intellegantur.
339 2862 493 2943 quomodo
528 2861 611 2925 enim
646 2861 723 2925 dans
757 2861 902 2926 iumentis
932 2859 1046 2925 fanum
1069 2859 1211 2941 producit

59 2964 96 3028 in
120 2963 288 3047 montibus,
311 2965 358 3029 cui
383 2985 444 3028 uon
467 2971 515 3031 est
538 2963 764 3047 beneplacitum
794 2965 825 3028 in
860 2963 972 3063 equis?
1015 2964 1209 3042 necessitatis
1237 2992 1263 3030 aa

58 3087 200 3151 namque
224 3068 437 3147 ministerium,
467 3089 528 3133 non
559 3069 762 3150 prouidentia
796 3069 974 3154 benignitas
997 3078 1044 3134 est
1066 3068 1211 3134 alimonia

55 3172 204 3252 praebere
228 3192 288 3236 uon
320 3172 451 3254 placitis.
496 3173 552 3238 sed
576 3173 647 3256 quia
671 3174 771 3240 omnis
796 3173 845 3239 dei
869 3173 1081 3238 misericordia
1103 3193 1208 3238 euram

57 3273 160 3341 habet
193 3275 337 3342 humans
371 3277 487 3355 salutis,
521 3277 687 3362 allegorice
722 3278 861 3359 superius
893 3277 975 3343 diota
1004 3276 1209 3343 conclusionis

106 3486 222 3539 &auem
241 3483 295 3551 (ern
314 3489 340 3540 io
358 3485 422 3553 rna.)
442 3488 467 3540 R
520 3486 609 3574 heliae
628 3488 654 3540 R
706 3487 921 3554 timpiissimae
935 3487 961 3539 R
1013 3485 1209 3547 deuersaretur

63 3588 90 3641 R
108 3589 299 3644 diuersaretur
328 3592 354 3643 E
413 3593 430 3644 6
457 3590 595 3645 delectata
622 3592 708 3644 estlt
771 3593 804 3646 10
828 3590 917 3658 adque
938 3590 963 3642 G
1024 3592 1056 3644 la
1083 3590 1210 3643 homines

65 3676 91 3728 G
118 3675 243 3730 homiues
274 3695 305 3730 ex
333 3677 452 3731 hominis
483 3697 515 3731 m.
545 3679 559 3730 l
586 3679 612 3731 R
664 3677 768 3746 ignaris
799 3678 823 3728 G
850 3677 955 3746 ignaris
985 3695 1015 3729 ex
1045 3676 1157 3745 ignarus
1186 3677 1213 3729 R

63 3765 98 3816 14
114 3763 370 3832 poaedicationeG
434 3766 465 3818 17
484 3764 651 3833 allegorioae
671 3765 724 3818 GR
786 3765 819 3818 18
837 3764 975 3832 psalmum
997 3763 1139 3831 Gpsalmi
1158 3763 1213 3816 RE

66 3852 97 3904 19
124 3851 188 3919 equi
218 3851 342 3918 Gaeqni
361 3852 387 3904 R
440 3854 475 3907 20
494 3851 578 3905 habet
599 3851 768 3918 Geyhabebit
786 3851 826 3904 Ro
879 3852 914 3904 92
932 3856 961 3905 et
979 3850 1009 3904 iu
1027 3868 1122 3903 omnes
1143 3850 1210 3904 Gne
1298 3878 1300 3882 >

587 3948 609 3976 m

64 3994 92 4043 at
115 4007 241 4044 omuese
294 4007 378 4059 snper
401 3990 592 4045 misericordia
627 3991 652 4044 G
675 4008 759 4059 super
776 3990 967 4044 misericordia
993 3991 1023 4042 E
1047 3991 1077 4044 in
1103 3989 1211 4043 miseri·

63 4077 159 4131 cordia
177 4077 203 4130 R
256 4078 289 4130 23
317 4077 371 4131 sibi
398 4078 453 4131 ista
473 4079 524 4131 GR
542 4078 597 4132 ista
624 4077 676 4131 sibi
696 4079 724 4130 E
774 4077 808 4132 26
833 4077 861 4130 in
880 4077 959 4145 equis
980 4078 1004 4130 G
1023 4076 1051 4130 in
1070 4076 1165 4144 aequis
1185 4077 1211 4129 R

60 4166 96 4220 2⁶
114 4163 287 4217 alimonias}
306 4161 354 4231 (cs.
373 4166 404 4218 de
413 4165 509 4233 sorana
528 4164 690 4218 alimonium
704 4167 776 4234 plur.
796 4164 927 4217 alimonia
947 4164 1022 4217 Klotz
1035 4165 1096 4217 Lex.
1112 4165 1133 4230 Ι,
1148 4162 1214 4235 289,

61 4252 179 4320 Georges
204 4251 299 4320 Worts.
317 4249 370 4315 33)
390 4251 549 4304 alimoniam
570 4252 625 4304 RE
675 4253 710 4305 28
729 4251 895 4321 allegoricae
914 4251 947 4304 R.
