2790 4844
355 298 533 347 tractatus
551 293 586 346 in
608 293 778 360 psalmum
798 293 907 347 LXVII.
1138 292 1200 356 279

72 504 165 550 nemm
189 484 285 548 laetari
310 484 340 547 in
363 483 469 549 laetitia
484 483 719 567 significationis
735 493 782 548 est
797 481 922 560 altioris,
945 503 1070 547 causam
1086 482 1202 548 scilicet

68 588 206 666 perfecte
228 587 342 652 laetitiae
365 588 542 652 ostendens.
587 587 726 670 plerique
761 587 846 652 enim
879 587 910 650 in
945 587 1003 664 hie,
1038 607 1107 670 quan
1142 588 1200 651 sihi

66 700 131 758 sunt
153 693 300 765 nocitura
329 691 479 767 laetantur,
512 698 543 754 ut
573 693 688 774 gaudet
716 691 850 757 lasciuus
880 692 910 754 in
942 692 1060 769 coertio,
1091 699 1123 756 ut
1153 691 1201 754 sur
1255 772 1262 790 Ι

65 796 178 863 letetur
201 798 233 860 in
257 796 355 873 lurda,
379 802 412 860 ut
434 815 685 879 unumquemque
709 816 763 875 pro
779 796 862 859 uitiis
878 796 941 860 suis
958 817 1004 871 ea,
1028 815 1098 879 quae
1114 816 1200 861 exer-

63 900 118 980 cet'
138 900 306 966 oblectent.
351 919 460 965 uerum
476 900 528 982 qui
551 899 582 962 in
606 899 712 964 laetitia
735 898 863 975 lactatur,
880 919 1003 964 oausam
1027 899 1140 964 lactitiae
1163 921 1200 964 ex
1240 928 1252 962 a

63 1006 153 1085 ipsius
176 1004 293 1069 laetitirc
316 1003 447 1068 honesta
470 1003 598 1087 utilique
623 1003 748 1067 ueritate
772 1004 915 1083 suscepit.
961 1010 991 1068 et
1022 1004 1135 1068 ideirco
1163 1004 1199 1066 in

63 1107 209 1174 laetitia
238 1108 438 1184 latentur,
469 1108 541 1190 quia
572 1107 602 1171 in
633 1120 798 1187 conspectu
829 1108 878 1173 dei
902 1107 1096 1185 exultabunt;
1131 1128 1201 1172 eam

63 1233 137 1279 uerae
172 1212 367 1279 exultationis
398 1213 513 1277 docens
544 1231 613 1277 esse
645 1210 792 1288 laetitiam,
834 1232 903 1295 qum
933 1218 1118 1292 conspectus
1152 1212 1200 1276 dci

65 1315 250 1383 iucunditate
272 1315 410 1396 perfecta
434 1316 483 1379 sit.
528 1314 723 1380 exultationis
753 1322 857 1380 autern
888 1315 978 1380 huius
1012 1323 1104 1397 atque
1129 1336 1201 1396 epu·

66 1418 187 1486 lentium
212 1421 335 1504 gaudia
358 1441 395 1484 ex
419 1421 529 1502 quibus
553 1426 600 1484 est
622 1418 729 1483 laetitia
750 1421 837 1497 iusto,
873 1427 997 1485 sanctus
1020 1419 1145 1502 Moyses
1169 1419 1199 1482 in
1228 1445 1253 1481 ιο

65 1524 163 1591 diuina
184 1523 239 1589 illa
263 1524 492 1588 Deuteronomii
516 1523 654 1588 cantione
675 1523 718 1586 ita
740 1524 882 1587 meminit
911 1523 1033 1588 dicens:
1068 1524 1200 1588 iucun-

63 1628 213 1694 damini
236 1627 324 1693 areli
347 1626 466 1691 simul
490 1646 573 1691 cum
597 1647 649 1701 eo,
682 1634 719 1691 et
748 1628 920 1693 adorent
950 1648 1033 1692 eum
1064 1647 1200 1691 omnes

60 1733 198 1818 angeli
222 1732 296 1797 dei.
342 1731 623 1796 iucundamini
648 1737 792 1812 gentes
823 1752 909 1796 cum
933 1731 1079 1812 populo
1102 1733 1197 1803 eius,

56 1846 96 1901 et
119 1837 356 1903 confortent
379 1855 446 1901 eos
469 1854 605 1899 omnes
629 1834 712 1899 filii
736 1836 809 1899 dei.
854 1837 884 1899 in
906 1835 1202 1919 hacitnquelaetitia

53 1937 243 2007 laetabuntur
266 1948 297 2005 et
320 1941 390 2005 iusti
415 1939 531 2004 caelesti
548 1940 660 2023 gaudio
684 1940 852 2016 unanimes,
877 1939 1072 2005 exultationis
1089 1940 1201 2004 diuina
1229 1964 1254 2000 m

50 2047 206 2111 societate
228 2045 379 2110 lactantes.

108 2169 134 2231 5.
155 2167 196 2232 Et
218 2167 259 2231 ad
283 2166 377 2230 huius
400 2185 455 2230 nos
478 2166 624 2245 temporis
647 2165 886 2249 gratulationem
918 2167 974 2230 suh
1005 2166 1077 2230 fidei
1106 2187 1200 2231 euan-

50 2269 168 2351 gelioae
201 2271 396 2339 consessione
429 2289 511 2334 nunc
544 2269 694 2350 prophete
717 2271 849 2335 aduocat
883 2271 1003 2335 dicens:
1039 2282 1201 2335 cantate

50 2371 144 2451 deo,
165 2374 336 2456 psallite
360 2374 512 2437 nomini
536 2374 630 2452 eius,
655 2376 735 2438 iter
758 2374 884 2439 lacite
908 2375 950 2450 ei,
975 2374 1043 2457 qui
1067 2394 1198 2439 ascen·

54 2474 128 2540 dit
159 2499 280 2559 super
313 2497 508 2543 occasum.
555 2479 740 2542 dominns
779 2498 918 2543 nornen
956 2492 1015 2543 est
1049 2478 1128 2542 illi:
1163 2488 1201 2541 et
1229 2499 1253 2535 πο

57 2583 244 2648 exultate
282 2583 320 2646 in
358 2589 580 2663 conspectu
625 2583 720 2646 eius.
777 2581 950 2647 adhortatio
992 2583 1093 2646 omnis
1130 2581 1202 2647 licet

61 2683 192 2751 maltum
215 2688 255 2751 ad
279 2686 435 2769 quendam
465 2685 586 2766 pulsum
610 2694 640 2750 et
661 2685 825 2751 uoluntatis
856 2696 969 2751 nostrae
1002 2685 1141 2767 proficiat
1171 2694 1202 2750 et

65 2790 278 2867 montiacum
301 2791 341 2854 ad
364 2789 482 2873 aliquid
515 2791 681 2868 optandum
706 2792 925 2873 agendumque
955 2789 1136 2855 conciliante
1166 2809 1202 2853 ea

71 2887 125 2951 uel
141 2892 288 2961 inliciente
313 2894 503 2961 deducimur.
528 2901 639 2972 temen,
656 2895 680 2957 si
705 2895 841 2959 maxime
864 2894 1088 2959 adhortationis
1103 2895 1201 2974 ipsius

122 3082 144 3133 n
162 3085 237 3140 near.
257 3086 369 3152 xxxn,
386 3088 422 3139 43
441 3084 546 3149 (axx).

123 3253 183 3311 lea
212 3259 353 3313 interioria
384 3259 434 3310 ΡΤ
498 3275 580 3311 cauea
613 3259 634 3310 1⁷
695 3262 863 3312 8nooetura
891 3258 925 3311 P¹
990 3264 1018 3312 ct
1045 3260 1148 3327 gaudet
1183 3260 1203 3308 l'

89 3327 122 3383 fl?
136 3367 161 3380 -
177 3346 257 3400 furtis
275 3355 307 3399 ut
325 3364 382 3416 nup.
400 3347 445 3398 lin.
465 3348 524 3398 edd.
543 3364 575 3398 m.
595 3346 615 3396 2
634 3345 656 3397 ly
705 3348 772 3399 lut
790 3358 849 3399 orale
866 3363 1090 3414 ununrqucmqne
1109 3364 1156 3398 orn.
1176 3347 1202 3399 a

90 3430 192 3486 extrccnt
211 3435 236 3486 1’
286 3435 304 3484 ὁ
330 3433 488 3486 oblacctant
512 3432 673 3485 Vohlcctnt
700 3434 726 3485 R
778 3434 806 3486 in
825 3433 984 3487 laetitia-
1003 3448 1037 3485 ex
1063 3434 1151 3501 ipsius
1176 3435 1201 3485 io

91 3517 150 3580 dury,
165 3538 247 3591 cuper.
271 3523 332 3573 adal.
357 3538 390 3571 m.
417 3518 438 3572 2
461 3519 486 3571 V
535 3520 687 3587 Seuecipit
712 3517 804 3572 P‘TE
854 3526 882 3574 ct
906 3521 1010 3574 idcirco
1041 3521 1080 3573 ait
1098 3521 1126 3573 in
1152 3521 1205 3571 ΤΕ

91 3589 235 3661 laetentur
262 3608 299 3659 Ta
351 3605 514 3660 exultabant
540 3605 562 3657 l'
612 3609 712 3659 8uere
739 3625 769 3658 cn
796 3615 874 3660 uerte
902 3627 933 3659 m.
959 3609 974 3659 1
1000 3608 1023 3660 V
1073 3609 1203 3661 9iooun·

90 3676 154 3743 dil⁸tc
172 3694 217 3747 W
269 3694 359 3762 adque
384 3694 432 3746 VR
484 3693 671 3761 aepulantium
699 3693 770 3746 l'RT
823 3696 856 3748 10
873 3695 968 3762 gaudii
990 3695 1015 3746 Τ
1066 3696 1202 3749 iustorum

95 3765 213 3832 l'iuaa
265 3798 374 3849 moysen
392 3799 422 3834 a
439 3796 543 3833 marces
562 3798 594 3832 rn.
613 3779 671 3830 Ν
722 3786 763 3833 est
781 3781 810 3833 in
828 3781 853 3832 V
905 3784 934 3834 ll
954 3781 1140 3835 iocundamini
1156 3781 1205 3833 ln*

88 3858 156 3917 llfili
179 3868 202 3919 V
253 3869 287 3921 15
304 3867 486 3920 laetanturR
539 3867 692 3919 unemimes
711 3886 740 3919 ec
757 3869 897 3921 cneminea
920 3888 952 3921 m.
972 3867 992 3919 2
1015 3869 1040 3921 V
1055 3870 1202 3921 un‘ssnni·

85 3952 162 4004 uer
208 3954 386 4008 exultationis
405 3972 435 4006 cx
453 3953 637 4007 exultationes
656 3972 687 4006 m.
708 3955 768 4005 ln
823 3958 854 4007 17
873 3955 953 4009 etad
976 3956 1053 4009 cuiun
1080 3956 1202 4009 l'dl‘ad

80 4034 322 4109 cuiuenjormecre
367 4042 464 4094 l9iter
474 4059 504 4093 er
513 4041 702 4093 ciriatorum?
718 4042 741 4094 l'
786 4042 1000 4110 caimpuleume
1042 4043 1204 4096 23adom.c

79 4127 269 4196 optandumque
287 4131 346 4193 (om.
364 4125 513 4196 egendum)
529 4128 554 4180 V
604 4128 770 4181 conciliante
789 4146 820 4181 ea
841 4130 865 4181 li
883 4129 1076 4185 conciliantem
1099 4130 1123 4181 1'
1138 4147 1203 4184 con·

71 4265 177 4322 ciliantc
195 4284 258 4319 canu
273 4266 349 4318 ΙἿἙ
398 4270 433 4320 24
451 4267 474 4320 ai
493 4267 628 4320 maximae
640 4214 890 4322 'dadhoaationem
910 4268 996 4336 ipsius
1016 4272 1047 4323 ll.
