2790 4844
147 226 210 291 324
496 225 615 279 sancti
639 225 772 278 Hilarii
797 224 957 293 episcopi

147 416 255 481 sedin
280 414 339 494 his,
374 416 488 499 quibus
517 415 668 492 adficitur,
703 414 833 480 caelestis
868 433 944 497 erga
980 433 1035 478 nos
1069 413 1290 478 misericordia

148 540 257 585 munus
281 521 471 604 exsequitur;
505 540 605 603 neque
640 519 753 584 inuitus
785 519 850 583 haec
882 538 1008 583 sumens
1039 519 1069 580 in
1093 516 1291 582 multitudino

148 624 366 689 misericordias
389 622 615 704 beneplacitum
647 626 705 689 deo
740 643 808 688 esse
838 629 960 702 tempus
990 623 1129 686 ostendit.
1177 622 1208 685 in
1232 620 1290 686 hoc

148 748 222 812 ergo
245 726 437 807 beneplacito
461 735 598 808 tempore
621 735 717 812 rogat,
748 728 819 810 quia
849 746 909 790 non
945 727 1067 809 ignorat
1090 725 1171 790 hanc
1195 726 1291 806 patris

108 861 120 897 s
148 833 186 896 de
210 851 243 896 se
266 831 459 911 prophetiam
495 832 586 896 etiarn
612 831 651 895 ab
675 831 812 911 apostolo
836 829 930 895 Paulo
960 830 1167 914 recognitam:
1199 837 1291 895 tem·

148 956 242 1016 pure
266 943 434 1015 accepto
457 936 652 1000 exaudiui
676 942 719 1001 te.

193 1110 240 1173 14.
265 1108 376 1173 Omnia
400 1109 523 1192 quidem
550 1110 606 1172 deo
623 1128 676 1188 pro
694 1108 923 1193 magnificentia
939 1128 1066 1189 operum
1083 1107 1291 1193 intellegenda

148 1219 219 1278 sunt
241 1213 372 1293 placere,
397 1232 464 1295 quae
487 1219 576 1297 gesta
600 1219 687 1289 sunt;
722 1219 844 1277 etcum
869 1213 900 1276 in
924 1212 1037 1277 Genesi
1069 1210 1232 1277 scribitur:
1256 1219 1291 1277 et

148 1317 253 1381 uidit
288 1318 386 1381 deus
426 1317 518 1399 quia
556 1317 656 1381 bonu
693 1328 794 1393 sunt,
829 1317 936 1380 uitium
973 1315 1089 1380 nullum
1123 1315 1153 1379 in
1190 1336 1291 1380 rerum

97 1449 121 1485 ιο
149 1421 297 1486 creaturis
320 1420 511 1503 relinquitur,
535 1421 660 1485 tametsi
684 1421 827 1504 quadam
851 1420 975 1484 humani
999 1420 1116 1504 ingenii
1150 1428 1291 1500 corrupta

149 1525 295 1607 nequitiis
318 1531 396 1602 suot,
430 1531 463 1589 ut
486 1545 523 1589 ex
546 1525 691 1589 remediis
714 1545 841 1600 uenena,
864 1538 898 1588 ut
921 1545 957 1590 ex
980 1525 1061 1589 ferro
1085 1524 1176 1597 ensis,
1201 1531 1233 1589 nt
1256 1542 1291 1589 er

150 1630 214 1713 igni
238 1629 448 1712 conflagratio
478 1636 512 1693 ut
542 1649 579 1694 ex
609 1629 687 1693 cibis
718 1629 862 1705 cruditas,
885 1635 918 1692 ut
941 1628 1073 1694 ebrietas
1097 1650 1135 1693 er
1157 1629 1237 1704 nino,
1260 1637 1291 1694 ut

152 1739 305 1812 postremo
329 1741 432 1812 partes
456 1733 531 1812 ipsae
554 1739 585 1798 et
608 1732 748 1797 membra
771 1752 932 1812 corporum
949 1735 991 1798 ad
1007 1732 1164 1797 naturales
1188 1734 1291 1816 utique

151 1855 224 1900 usus
258 1836 407 1920 utilesque
442 1836 579 1901 formate
612 1837 755 1901 uitiorum
790 1856 824 1901 se
857 1856 894 1900 uc
928 1836 1090 1900 criminum
1123 1837 1291 1903 ministeria

99 1969 125 2006 rs
152 1941 363 2020 praebuerunt;
398 1947 429 2004 et
461 1959 531 2005 cum
566 1942 624 2005 deo
658 1947 770 2004 cuncta
803 1940 866 2004 sint
905 1939 1025 2020 placita,
1067 1939 1291 2020 beneplacitum

152 2051 256 2109 tumen
280 2050 401 2124 tempus
426 2044 483 2108 hoc
507 2051 565 2126 est,
598 2063 657 2127 quo
686 2044 864 2128 unigenitus
898 2045 975 2109 deus
998 2045 1029 2107 in
1054 2045 1207 2128 sanguine
1229 2064 1291 2110 cor·

153 2148 235 2229 poris
269 2148 364 2212 nostri
398 2155 557 2232 tamquam
590 2148 716 2213 inimica
749 2167 785 2212 ac
823 2147 1006 2213 dissidentia
1043 2147 1291 2213 reconciliaturus

152 2254 254 2317 omnia
277 2253 307 2316 in
331 2251 414 2317 celis
438 2259 469 2316 et
491 2253 522 2316 in
546 2259 628 2316 terra
651 2254 708 2317 deo
732 2259 829 2317 esset:
853 2271 923 2316 cum
947 2251 1145 2317 multiformis
1169 2252 1222 2317 illa
1245 2251 1291 2317 dei

153 2357 303 2437 sapientia
339 2355 408 2421 aliis
445 2355 562 2421 occulta
599 2356 788 2436 temporibus
832 2355 985 2438 nullisque
1029 2355 1223 2436 principibus
1260 2376 1291 2421 sc

100 2485 127 2522 so
153 2461 384 2544 magistratibus
407 2460 523 2546 [saeculi
557 2461 682 2542 cognita
715 2461 754 2523 ad
788 2458 911 2524 landem
947 2459 1095 2524 claritatis
1128 2461 1179 2524 dei
1214 2469 1291 2526 esset

153 2564 326 2641 redolenda,
361 2585 431 2630 cum
465 2564 634 2629 coheredes
668 2571 699 2628 et
732 2563 965 2643 concorporales
1002 2570 1033 2627 et
1070 2565 1291 2646 conparticipes

155 2667 276 2733 (lhristo
299 2677 409 2753 gentes
432 2670 549 2745 tierent,
572 2669 697 2732 cumin
721 2689 757 2733 eo
779 2687 887 2732 omnes
910 2668 1050 2732 aduersae
1080 2669 1137 2732 deo
1168 2669 1291 2736 uirtutes

156 2772 440 2849 dehonestarentur,
475 2792 543 2836 cum
569 2792 658 2842 mors,
682 2779 845 2855 postquam
879 2773 909 2835 in
945 2773 1002 2836 deo
1037 2780 1121 2836 esset
1144 2782 1291 2856 grassata

156 2877 318 2953 desineret,
342 2897 412 2942 cnm
436 2876 485 2941 lex
508 2878 634 2960 peceati.
659 2896 727 2960 quar
749 2877 780 2940 in
804 2896 897 2941 carne
920 2883 1026 2942 nostra
1048 2883 1105 2955 est,
1132 2876 1291 2944 tolleretur

104 3005 129 3041 rs
156 3002 225 3046 cum
256 2980 473 3046 reuelationem
508 2979 640 3045 tiliorum
672 2981 720 3045 dei
753 3000 997 3064 congemescens
1027 2981 1127 3045 omnis
1158 2992 1291 3048 creatura

200 3221 216 3272 5
235 3218 261 3270 ll
280 3218 340 3270 Cor.
360 3220 383 3283 6,
401 3219 426 3270 2.
463 3216 535 3269 Esui.
555 3216 650 3282 XLIX,
669 3218 693 3270 8.
730 3218 746 3268 8
765 3216 831 3269 Gen.
851 3216 871 3284 1,
890 3219 931 3270 31.

201 3436 264 3488 2in
292 3433 470 3487 multitudine
489 3434 515 3486 Ρ
540 3426 747 3486 {multitudine
766 3434 840 3486 enim
859 3433 933 3523 enim
960 3433 983 3486 l'
1032 3434 1202 3488 sexaudiui
1227 3442 1256 3490 te
1273 3456 1291 3489 r.

158 3556 300 3610 exaudiuit
319 3575 350 3608 nr.
369 3557 388 3603 :r
408 3556 433 3607 Ii
486 3556 555 3608 'ldis
580 3557 605 3606 in
631 3572 682 3606 rus.
703 3556 727 3607 n
779 3572 830 3623 pro
848 3554 1083 3624 magnificentiam
1103 3556 1142 3609 R¹
1197 3561 1291 3626 tiques

158 3661 226 3711 crq.
239 3661 271 3694 m.
288 3644 307 3693 ἑ)
325 3643 349 3694 l'
401 3645 433 3696 10
451 3641 620 3709 relinquitur
639 3643 774 3694 creaturis
792 3642 865 3695 l'PIi
916 3643 1026 3695 tametsi
1045 3661 1075 3695 aa
1093 3644 1215 3697 nametsi
1232 3645 1291 3698 l'iil

161 3786 191 3836 13
210 3799 290 3849 pares
309 3783 335 3834 l'
384 3782 442 3849 ipse
469 3781 515 3834 l'R
556 3727 700 3834 &membra
728 3781 753 3832 R
816 3784 849 3834 14
875 3781 977 3848 utilesq
1006 3782 1034 3848 (q
1061 3793 1152 3850 posteo
1180 3783 1291 3850 erasit

162 3925 193 3974 17
214 3928 352 3989 tamquam
373 3921 400 3973 in
421 3921 533 3973 inimica
551 3879 581 3975 1ιὲ
601 3921 625 3973 V
653 3878 909 3973 reconciliaturusl'
958 3922 993 3974 20
1011 3921 1291 3990 magistrationibus.

160 4095 219 4131 esse
236 4079 259 4129 l'
266 4084 357 4131 essent
367 4079 392 4129 P
430 4080 460 4130 21
474 4083 517 4159 est
526 4078 735 4146 concorporales
752 4078 775 4128 Γ
785 4034 1011 4145 εῖωῃοοτροναὶεε
1022 4078 1048 4130 Ρ
1081 4083 1108 4131 et
1120 4080 1291 4150 participent

160 4185 194 4235 93
212 4199 303 4264 moras
320 4200 387 4235 corr.
407 4201 438 4234 or.
458 4185 478 4233 ζ)
501 4183 525 4234 V
575 4187 730 4235 crassatura
750 4184 774 4234 u
825 4183 859 4235 25
878 4181 1084 4251 congemiscens
1103 4180 1177 4237 P'E.
