2790 4844
196 244 258 308 130
535 246 653 299 sancti
672 245 808 299 Hilarii
828 247 992 316 episcopi

167 454 262 517 ‚osse
285 453 409 500 causam
433 433 625 515 probabilem
659 434 802 517 placendi
825 436 884 500 sibi
907 437 1027 501 cunctis
1050 437 1204 518 spostolus
1229 438 1339 516 docuit,

194 539 266 622 quie
287 539 428 605 utilitatis
451 559 514 604 suae
537 539 710 624 neglegens
733 540 857 605 utilitati
881 561 915 605 so
940 542 1077 606 dedisset
1100 541 1218 607 alienae.

239 642 289 708 16.
313 643 483 724 Dissipauit
505 664 581 729 ergo
603 664 674 709 osse
697 645 774 709 deus
789 643 967 709 hominibus
983 643 1177 727 placentium.
1222 652 1253 710 ot
1268 667 1341 711 ossa

193 767 254 811 non
278 745 345 812 haec
367 746 539 828 corporalia
562 747 707 832 dissipari
729 747 940 833 intellegenda
971 761 1049 827 sunt,
1079 752 1134 813 sed
1165 751 1236 834 quia
1266 770 1340 834 spes

155 884 167 918 s
193 850 373 918 aeteruitatis
395 852 427 915 in
450 851 572 916 ossibus
596 850 767 935 significari
790 851 875 929 solet,
899 873 936 916 aar
959 872 1019 936 quo
1043 854 1240 918 dictumest:
1265 853 1339 918 huic

193 976 297 1020 nunc
327 976 368 1020 os
399 957 444 1020 de
475 956 638 1021 ossibus
669 956 779 1021 meis.
827 957 908 1040 quod
938 958 1047 1022 beatus
1079 958 1242 1039 apostolus,
1267 959 1341 1041 quia

193 1064 344 1145 magnum
367 1061 551 1144 mysterium
575 1066 629 1137 est,
653 1061 693 1125 ad
717 1059 875 1125 Christum
906 1070 937 1126 et
966 1063 1006 1125 ad
1040 1062 1204 1127 ecclesiam
1235 1062 1341 1138 refert,

193 1184 262 1248 quaa
285 1185 323 1228 ox
346 1165 425 1229 Adae
449 1166 496 1229 sui
519 1165 690 1231 aeternitate
723 1165 903 1230 aeternitatis
937 1166 1143 1231 substant-iem
1174 1174 1341 1231 mutuatur.

194 1270 276 1353 quod
299 1269 331 1332 in
355 1269 470 1333 domini
495 1267 654 1334 uulnerato
670 1268 741 1334 licat
755 1290 882 1349 corpore
899 1269 1082 1353 confixoque
1097 1291 1159 1335 non
1175 1269 1340 1353 frangitur.

143 1399 168 1436 ιο
194 1392 243 1451 os,
265 1373 374 1456 inquit,
404 1373 491 1438 eius
521 1394 595 1437 non
628 1378 881 1450 conteretur3
917 1374 989 1457 quia
1013 1393 1082 1438 cum
1107 1373 1200 1439 fuerit
1222 1374 1340 1458 iniquis

194 1476 242 1541 ius
266 1477 420 1556 passionis
443 1477 474 1541 in
499 1484 634 1555 carnem,
665 1478 696 1542 in
728 1486 876 1542 aetomam
906 1486 1010 1542 tamen
1046 1478 1215 1542 diuinitatis
1238 1485 1269 1542 ot
1291 1479 1340 1542 in·

194 1579 371 1661 passibilem
402 1588 545 1646 naturam
575 1581 652 1645 nihil
683 1581 769 1647 licuit
799 1583 944 1665 passioni.
990 1583 1145 1664 integram
1177 1591 1278 1646 autem
1311 1591 1341 1646 et

193 1685 402 1767 incorruptam
426 1705 512 1766 spem
536 1686 716 1750 aeternitatis
745 1684 914 1769 significari
945 1685 976 1749 in
1008 1686 1130 1750 ossibus
1161 1686 1253 1750 etiam
1277 1684 1341 1749 illi(-

194 1789 402 1868 meminimus,
417 1789 470 1853 ubi
486 1790 612 1854 dicitur:
637 1790 820 1855 custodit
836 1791 932 1854 deus
949 1790 1081 1853 omnia
1103 1809 1196 1854 ossa
1217 1790 1341 1855 iusto·

195 1912 288 1970 rum,
325 1913 443 1958 unum
481 1915 525 1958 er
563 1893 626 1958 his
664 1915 740 1958 non
777 1899 1024 1972 conteretur,
1059 1894 1131 1976 quia
1166 1894 1341 1959 secundum

195 1997 436 2062 demonstratam
459 1996 616 2062 Ezechieli
638 1998 895 2063 resurrectionem
930 2007 1161 2062 sacramentum
1192 1997 1258 2062 eius
1283 1999 1344 2062 sub

194 2101 311 2165 ossium
334 2100 558 2186 significatione
583 2102 623 2166 sit
645 2101 824 2166 reuelatum.
870 2121 944 2186 ergo
968 2106 1002 2165 ut
1025 2102 1159 2166 custodit
1174 2103 1252 2165 deus
1269 2122 1344 2167 ossa

194 2204 352 2282 iustorum,
375 2207 418 2270 ita
441 2213 471 2270 et
493 2205 670 2271 homiuibus
694 2205 881 2290 placentium
913 2207 1084 2289 dissipauit,
1115 2214 1144 2269 ot
1176 2206 1347 2287 dissipauit

194 2310 329 2387 nonita,
352 2317 385 2374 ut
408 2330 451 2386 eo,
475 2310 558 2395 quod
582 2318 695 2392 essent,
719 2319 868 2389 carerent,
904 2312 958 2376 sed
990 2318 1023 2374 ut
1054 2331 1107 2391 per·
1129 2317 1344 2391 contemptum

139 2422 142 2427 '
195 2414 244 2478 dei
268 2421 425 2498 tamquam
449 2414 609 2495 deperdita
632 2420 662 2479 et
685 2414 805 2479 abiecta
828 2413 1020 2480 uilesoerent.

240 2517 289 2582 17.
315 2516 351 2582 ld
382 2518 464 2583 enim
496 2518 650 2602 sequitur:
685 2519 847 2584 confusi
881 2527 982 2594 sunt,
1017 2517 1204 2602 quoniam
1242 2519 1346 2584 deus

195 2622 353 2703 spreuit
375 2621 481 2687 illos.
526 2622 724 2687 confunditur
754 2622 884 2706 quisque
908 2631 938 2686 et
963 2622 1078 2701 pudore
1108 2621 1271 2687 dedecoris
1295 2625 1346 2687 sui

195 2734 226 2790 et
248 2727 465 2808 conpara-tione
495 2725 623 2792 honoris
646 2725 747 2791 alieni.
792 2732 823 2791 et
852 2725 924 2790 hinc
955 2725 1039 2802 illud,
1070 2725 1153 2809 quod
1183 2725 1345 2806 apostolus

194 2831 349 2915 significat
372 2832 493 2897 dicens:
518 2851 652 2896 omnes
675 2831 836 2915 quidem
866 2830 1132 2914 resurgimus,
1163 2830 1235 2895 sed
1266 2851 1345 2894 non

220 2936 254 3024 'a
273 2970 340 3023 een.
359 2971 393 3037 11,
411 2973 453 3024 aa.
491 2973 524 3024 ro
542 2970 682 3037 mmlx,
694 2973 734 3023 ra.
772 2972 804 3024 14
816 2971 859 3024 ns.
873 2969 1053 3036 xxxma.
1089 2970 1124 3022 aa
1141 2968 1230 3021 roos.
1244 2971 1285 3037 15,
1296 2971 1341 3024 er.

240 3143 409 3212 lprobilem
444 3143 476 3197 lq
535 3141 560 3196 h
586 3143 715 3211 placendi
742 3140 781 3207 (di
799 3145 826 3195 ia
853 3142 918 3205 ros.)
943 3142 995 3196 sibi
1024 3142 1131 3196 eunctis
1160 3142 1184 3193 ll
1211 3143 1343 3210 placendi

195 3230 302 3283 cunctis
320 3230 349 3281 Ε
404 3228 573 3284 2utilitatis
592 3246 620 3283 se
645 3209 847 3283 V''''dedisset
875 3247 905 3282 er.
932 3229 1017 3281 disset
1044 3246 1077 3279 m·
1097 3228 1114 3279 1
1133 3227 1159 3279 P
1227 3228 1345 3282 ddissi·

194 3316 271 3385 Pflbit
290 3317 317 3369 P
368 3317 401 3371 ds
422 3333 483 3370 ossa
498 3317 523 3368 V
572 3316 735 3370 hethooR
788 3315 1013 3370 6exoasibueR
1065 3314 1289 3368 ‘lministerium
1309 3314 1343 3368 ΙΤι

194 3459 269 3510 Sex
296 3457 459 3510 aeternitate
486 3456 554 3510 adae
580 3457 635 3537 suit
663 3456 687 3509 V
737 3454 891 3509 substantia
910 3452 975 3506 R'P
1026 3453 1130 3521 9quid
1154 3454 1180 3506 V
1230 3453 1260 3507 in
1279 3412 1345 3508 dou⁰

195 3557 221 3624 (o
239 3562 300 3612 add.
319 3578 351 3612 m.
371 3558 401 3625 2)
416 3560 482 3613 Vin
501 3561 617 3615 duola
670 3562 704 3615 10
720 3558 769 3612 hos
784 3557 818 3612 V¹
874 3561 903 3612 ll
923 3558 967 3612 uis
985 3557 1119 3626 passionis
1134 3557 1159 3609 V
1210 3558 1239 3610 in
1258 3574 1345 3612 earne

194 3647 331 3699 internam
358 3651 452 3700 tamen
471 3647 497 3698 Ρ
547 3646 723 3700 diuinitatem
745 3647 768 3697 ld
823 3647 855 3698 14
873 3645 921 3699 ubi
946 3646 1006 3698 add.
1025 3663 1057 3696 m.
1078 3642 1097 3695 ‘2
1120 3643 1145 3695 V
1196 3643 1231 3697 ds
1254 3645 1280 3696 V
1296 3645 1345 3698 do·

560 3733 568 3770 r

194 3787 284 3838 minus
295 3785 399 3837 RPTE
451 3789 484 3840 16
502 3785 602 3839 ezeceli
620 3786 642 3836 l'
654 3783 836 3837 hiezechiheli
847 3784 871 3835 'l'
923 3783 974 3836 sub
984 3783 1090 3836 ossibus
1102 3781 1309 3851 significatione
1324 3785 1346 3835 l'

195 3876 228 3927 17
238 3872 393 3926 releuatum
409 3873 433 3925 V
476 3875 508 3926 18
517 3878 544 3925 et
554 3871 700 3939 dissipauit
709 3890 780 3940 srspr.
789 3890 837 3924 scr.
849 3871 912 3923 Ret
922 3869 1068 3937 dissipabit
1080 3865 1114 3916 Ρ
1125 3886 1174 3921 ona
1191 3869 1215 3921 V
1270 3872 1346 3925 leur·

195 3958 229 4013 οὗ
248 3961 321 4028 quod
340 3961 366 4013 R
418 3961 453 4012 20
470 3960 632 4013 uilisoerent
656 3959 680 4011 l'
729 3960 762 4011 21
782 3959 855 4010 idem
880 3958 1006 4025 sequitur
1032 3957 1055 4009 V
1105 3956 1170 4023 quia
1194 3956 1266 4010 deus
1293 3958 1349 4010 RE

194 4047 414 4116 22spraeuiteos
429 4047 454 4099 R
498 4053 525 4100 et
534 4046 640 4115 pudore
649 4064 697 4098 οηι.
712 4045 737 4098 V
778 4047 812 4097 23
828 4044 1020 4112 corpor-atione
1030 4041 1093 4108 (oc)
1104 4060 1133 4095 cx
1149 4045 1347 4111 conparatione

195 4153 227 4187 m.
256 4132 275 4186 Σ)
299 4135 323 4187 V
372 4133 442 4187 illud
469 4139 510 4188 est
542 4132 615 4201 quod
645 4132 721 4183 ΙΥΓΕ
771 4133 807 4184 24
824 4147 1001 4200 resurgemus
1029 4129 1134 4182 RVI'E
1157 4130 1193 4198 cf.
1221 4132 1348 4185 Subotier

198 4221 248 4288 Ill,
269 4221 333 4274 7:20.
