2790 4844
179 252 252 316 XIV
653 250 850 304 Praefatio.

179 444 297 507 duobus
331 441 391 506 illis
427 442 577 524 exemplis
611 462 672 505 non
707 447 824 505 temere
847 439 952 505 electis
976 441 1086 516 disces,
1122 444 1205 522 ipsos
1230 446 1323 508 etiam

179 553 326 611 tractatus
361 547 535 626 suppositos
569 545 697 610 multum
728 546 883 610 interdurn
909 545 987 610 inter
1010 566 1043 623 se
1068 545 1205 612 differre:
1240 550 1325 629 prior·

179 652 262 716 enim
287 648 460 731 explanatio
477 670 546 715 eum
562 671 598 714 eo
614 670 712 734 usque
727 649 908 715 insulsitatis
931 652 1086 730 procedat,
1110 659 1143 715 ut
1162 654 1323 718 audientes

180 758 219 820 ad
242 756 424 835 patientiam
448 755 592 821 audiendi
623 764 815 832 reuocentur,
846 754 944 819 altera
977 754 1182 834 compilandis
1213 757 1323 822 saltem

179 859 367 943 quibusdam
402 858 603 924 locutionibus
642 858 810 924 Hilarionis
847 858 948 939 paullo
980 861 1161 938 prudentius
1196 881 1323 942 operam

180 963 273 1028 dedit.
318 964 381 1028 iaur
415 984 489 1027 uero
512 962 572 1028 hac
595 962 757 1028 occasione
788 962 890 1027 oblata
919 963 970 1026 uix
1000 971 1046 1027 est
1077 964 1159 1046 quod
1184 964 1330 1044 pluribus-

179 1088 339 1147 exponam
364 1088 418 1132 cur
441 1069 470 1131 in
495 1068 549 1131 illa
564 1053 735 1148 appendice
752 1066 819 1131 aliis
836 1087 957 1150 quoque
973 1067 1124 1149 exemplis
1139 1075 1322 1134 tractatuum

180 1172 390 1237 mutilatorum
413 1173 462 1236 uel
487 1171 605 1236 Hilario
629 1171 706 1236 falso
730 1173 952 1252 adscriptorum
978 1194 1015 1237 ex
1031 1173 1188 1237 codicibus
1212 1195 1228 1237 a
1252 1195 1323 1238 sac.

178 1277 232 1339 Vl.
267 1296 365 1360 usque
401 1276 439 1340 ad
478 1276 548 1340 Xll.
583 1275 706 1341 selectis
740 1277 910 1357 imaginem
945 1277 1037 1342 totius
1070 1277 1115 1341 rei
1150 1279 1323 1358 exprimere

177 1389 305 1446 donatus
328 1382 405 1458 sirn;
428 1381 529 1461 potius
553 1381 584 1445 id
608 1380 669 1445 hoe
693 1381 757 1445 loco
781 1382 897 1446 addere
926 1381 1036 1462 possis,
1067 1382 1196 1446 forsitan
1227 1382 1321 1447 etiam

177 1491 329 1550 tractatus
353 1486 390 1550 de
414 1484 500 1550 titulo
524 1484 569 1549 IX
585 1491 615 1550 et
630 1483 702 1549 XCI
722 1485 836 1567 psalmi
860 1486 933 1550 solis
955 1486 1113 1551 codicibus
1126 1486 1170 1549 Vr
1193 1488 1323 1551 traditos

178 1591 216 1653 ob
241 1590 343 1654 uarias
374 1609 483 1653 causas
514 1589 584 1653 illuc
614 1589 859 1669 transponendus
893 1590 996 1665 luisse,
1027 1591 1064 1654 de
1094 1610 1156 1673 qua
1185 1610 1218 1654 re
1248 1590 1323 1654 alibi

177 1693 288 1757 dicam.

141 1834 160 1864 a
223 1797 269 1861 Ex
304 1797 562 1862 editionibus
597 1798 807 1877 prioribus
845 1799 1015 1880 principem
1050 1820 1075 1862 a.
1112 1798 1195 1862 1510
1230 1799 1322 1862 ualde

177 1921 290 1976 raram,
316 1900 519 1967 Basiliensern
542 1923 568 1964 a.
595 1901 687 1983 1550,
711 1901 886 1967 Parisinam
902 1923 930 1966 a.
949 1902 1030 1965 1572
1048 1922 1083 1966 ac
1102 1903 1322 1967 Benedictino-

177 2025 246 2069 rum
270 2004 382 2070 librum
406 2013 583 2072 constanter
606 2013 678 2070 ante
700 2006 803 2070 oculos
827 2005 937 2084 hrrbui;
971 2027 1157 2071 consensum
1182 2008 1322 2071 omnium

92 2126 127 2192 Ε,
145 2144 158 2179 e
177 2109 257 2192 siglo
280 2108 316 2185 E,
340 2116 483 2174 ueterum
506 2129 604 2194 usque
627 2110 666 2173 ad
692 2110 907 2175 Benedictinos
930 2134 954 2186 e,
979 2111 1181 2175 recentiorum
1204 2110 1256 2174 ubi
1280 2112 1321 2175 alr

104 2247 124 2297 ι,
143 2231 157 2280 u
176 2233 197 2276 α
213 2213 399 2278 dissentiunt
414 2237 437 2292 ε,
462 2215 544 2294 ipsos
563 2214 780 2279 Benedictinos
804 2214 820 2276 d
845 2213 1026 2298 significaui.
1073 2214 1164 2278 editio
1180 2214 1323 2278 Parisino

180 2317 271 2395 1605,
295 2336 364 2399 quae
388 2317 438 2382 Ps.
463 2317 592 2382 CXLIX
622 2325 652 2382 et
683 2317 734 2383 CL
766 2318 864 2397 prima
898 2340 935 2382 ex
966 2319 1071 2383 codice
1095 2318 1122 2381 R
1145 2319 1322 2398 descripsit.

138 2455 159 2487 n
178 2419 278 2486 littera
301 2444 326 2484 π
350 2422 513 2505 designata
535 2431 590 2487 est.

221 2525 337 2605 Quibus
372 2526 515 2591 omuibus
549 2526 608 2591 hoe
641 2528 707 2591 loco
742 2526 879 2591 breuiter
910 2527 1049 2606 repetitis
1083 2535 1174 2609 atque
1204 2546 1264 2589 uno
1289 2528 1321 2590 in

176 2637 344 2711 conspeetu
373 2632 494 2713 positis,
512 2651 613 2708 nemo,
643 2632 756 2712 opinor,
788 2631 840 2714 qui
873 2630 977 2695 talium
1012 2651 1116 2694 rerum
1150 2631 1241 2703 iudex
1273 2640 1321 2695 est

177 2740 329 2814 expertus,
352 2734 443 2799 ualde
468 2735 595 2799 miretur
617 2736 843 2801 adnotationem
865 2735 1002 2799 criticam
1026 2734 1057 2797 in
1081 2733 1139 2798 hoc
1163 2734 1322 2798 uolumine

176 2838 329 2902 interdum
357 2837 456 2918 paullo
486 2838 669 2919 ampliorem
700 2838 845 2904 extitisse.
890 2839 1024 2918 primum
1056 2838 1138 2902 enim
1169 2838 1205 2902 iia
1235 2836 1321 2901 locis¹

176 2941 227 3006 ubi
252 2940 278 3004 G
304 2942 400 3016 adest,
425 2962 462 3006 ex
486 2943 572 3007 euius
603 2941 740 3026 reliquiis
764 2942 848 3008 haud
871 2962 939 3006 raro
963 2962 1058 3021 pauca
1083 2947 1201 3005 tantum
1225 2943 1323 3005 uerba

178 3044 225 3109 uel
249 3045 379 3128 singulae
404 3047 565 3111 sententia
589 3047 682 3112 etiarn
702 3066 784 3111 nuno
798 3045 860 3130 legi
878 3055 1013 3126 possunt,
1037 3053 1088 3110 aut
1102 3046 1154 3110 ubi
1169 3045 1195 3106 V
1211 3045 1323 3109 decur-

177 3154 257 3212 tatus
292 3154 340 3213 est
372 3149 423 3214 uel
457 3151 591 3215 uariatus
625 3163 718 3233 atque
752 3172 789 3215 ex
820 3152 886 3230 ipso
915 3157 998 3215 textu
1030 3150 1186 3214 Hilariano
1217 3149 1320 3213 solum

176 3253 305 3317 disiecta
328 3254 470 3337 quaedam
495 3254 638 3319 membra
660 3256 803 3331 seruauit,
827 3255 857 3319 id
881 3255 1002 3319 unicum
1027 3255 1207 3330 remedium,
1236 3257 1320 3336 quod

176 3358 385 3438 perspicuitati
418 3360 493 3422 satis
523 3358 705 3436 consuleret,
740 3360 819 3424 bene
849 3359 950 3423 omnia
984 3359 1166 3441 ponderanti
1199 3365 1321 3422 restare

176 3461 345 3538 uidebatur,
368 3467 402 3525 ut
425 3463 455 3525 in
475 3470 624 3542 apparatu
639 3483 700 3527 non
718 3465 932 3527 tantummodo
948 3462 1096 3527 lectiones
1112 3463 1214 3538 uaria,
1239 3481 1321 3544 quas

176 3620 210 3627 -—
223 3619 382 3626 *nau—⁴

174 3706 248 3758 enim
302 3705 429 3773 8isayae
483 3713 511 3758 et
538 3705 591 3758 erit
616 3704 693 3759 uobis
718 3705 788 3757 nisio
808 3706 910 3757 omium
928 3710 1070 3772 tamquam
1090 3708 1135 3762 (=
1157 3702 1177 3767 r)
1232 3705 1319 3756 9orrr.

173 3791 255 3844 huius
275 3791 319 3854 (=
335 3792 356 3858 t)
412 3810 494 3860 quem
507 3799 540 3845 ed
553 3792 682 3845 dederint
694 3792 794 3845 scienti
807 3791 914 3844 litteras
932 3790 1026 3844 dieent
1045 3789 1090 3850 (=
1104 3790 1125 3855 r)
1181 3792 1209 3841 ll
1232 3790 1321 3843 istum

175 3880 220 3939 (Ξ
241 3880 264 3944 t)
318 3878 443 3948 signatus
464 3879 509 3944 (z
530 3879 551 3943 t)
608 3881 640 3931 12
659 3888 687 3931 et
713 3878 825 3933 dabitur
877 3879 948 3931 liber
975 3877 1020 3930 hic
1048 3877 1182 3930 nescienti
1207 3876 1319 3930 litter-as

174 3968 208 4018 18
226 3967 370 4033 utriusque
405 3969 438 4019 21
458 3984 520 4019 cum
540 3965 701 4034 glorificatis
749 3983 774 4033 p.
795 3967 818 4033 7,
839 3966 1039 4032 ldeuegaruut
1080 3968 1159 4017 7oor.
1180 3964 1320 4030 abnegata

175 4055 205 4104 ll
225 4053 411 4121 intelligentia
429 4070 523 4105 earum
543 4053 687 4121 obsignata
706 4053 751 4116 (=
773 4052 795 4117 t)
849 4058 942 4104 tamen
968 4051 1013 4118 pie
1032 4066 1205 4117 nequaquam
1225 4054 1270 4111 (Ξ
1294 4060 1317 4110 t)

175 4141 207 4192 16
226 4144 254 4191 et
272 4157 352 4193 nemo
377 4139 481 4192 claudit
506 4139 599 4206 etqui
619 4139 724 4192 claudit
778 4142 810 4191 17
828 4156 878 4206 per
896 4139 963 4191 haee
1018 4141 1050 4190 18
1069 4155 1116 4189 ont.
1136 4154 1205 4204 qnae
1225 4136 1270 4200 (Ξ
1294 4148 1317 4192 tr

173 4229 208 4279 ‘20
226 4226 370 4293 prophetia
388 4225 509 4280 absoluit
528 4225 573 4291 (ἐ
594 4224 624 4290 r).
