2790 4844
196 217 258 280 124
542 215 659 269 sancti
677 213 813 268 Hilarii
832 212 995 281 episcopi

195 406 335 472 homines
365 408 464 472 bonus
498 405 600 470 nullus
624 405 670 470 sit
717 403 838 468 bonitas
867 421 1004 485 namque
1034 401 1168 482 primum
1198 400 1338 482 perfecta

194 532 232 575 ea
255 519 310 586 est,
344 526 413 594 quar
436 508 666 576 indemutabilis
690 516 807 573 naturae
829 508 942 572 uirtute
965 507 1138 572 consistens
1160 505 1260 572 nescit
1283 502 1337 569 ali·

194 616 318 698 quando
342 614 516 680 aliudesse
551 633 646 697 quam
677 613 775 690 fuerit,
806 632 864 677 nec
886 617 985 692 potest
1014 630 1075 675 non
1097 610 1130 675 id
1152 629 1229 687 ease,
1253 610 1337 692 quod

195 739 318 799 semper
341 727 395 784 est.
443 718 571 784 humani
605 738 678 782 uero
713 725 813 781 motus
847 717 916 796 ipsa
949 714 1133 798 plerumque
1167 713 1337 778 mutatione

155 852 167 889 a
194 823 307 888 diuersi
331 830 412 901 sunt,
435 830 466 888 et
488 829 618 887 terrenas
640 821 719 906 legis
741 820 912 901 inperfecta
934 827 1044 884 natura
1066 818 1102 883 fit
1124 818 1193 897 alia,
1216 839 1254 884 ex
1277 817 1337 882 alio

193 927 340 992 instinctu
363 948 396 992 se
419 927 618 1008 perturbante
650 927 829 991 demutans:
861 932 891 989 et
921 925 960 988 ad
991 923 1023 988 id
1053 944 1109 987 nos
1140 923 1336 988 diuersarum

194 1030 401 1096 adfectionum
436 1038 536 1096 motus
571 1029 699 1111 inpellit,
734 1031 808 1093 dum
843 1028 1029 1094 contumelia
1057 1027 1228 1105 irascimur,
1260 1027 1336 1091 dum

194 1136 307 1200 damno
330 1155 499 1210 monemur,
523 1135 598 1200 dum
613 1135 660 1198 ira
676 1134 881 1207 accendimur,
906 1134 980 1197 dum
1003 1139 1085 1197 metu
1109 1132 1337 1212 perturbamur,

194 1240 267 1304 dum
307 1260 411 1304 amore
449 1238 646 1316 inflectimur,
684 1239 758 1302 dum
793 1238 863 1301 odio
896 1235 1081 1317 inpellimur,
1116 1237 1191 1300 dum
1221 1234 1337 1318 gaudio

142 1373 167 1410 lo
194 1341 361 1420 efferimur,
385 1344 458 1414 dum
482 1342 586 1407 doloro
602 1341 807 1418 stimulamur,
832 1342 904 1406 dum
919 1341 1033 1405 iudicio
1047 1340 1244 1417 dissidemus,
1259 1339 1336 1403 dum

193 1453 282 1512 atate
316 1455 492 1512 mutamur.¹
528 1444 578 1511 his
612 1466 687 1530 ergo
721 1446 835 1511 subditi
874 1452 991 1509 naturas
1027 1443 1160 1508 infirmis
1201 1442 1336 1507 motibus

194 1549 329 1634 aequales
353 1571 422 1616 esse
445 1571 505 1615 non
530 1570 705 1631 possumus,
729 1550 804 1615 dum
820 1557 850 1614 et
865 1550 989 1614 adicem
1007 1546 1210 1614 demutabiles
1227 1566 1337 1611 sumus

194 1661 224 1719 et
246 1661 391 1736 tempore.
437 1654 603 1719 etidcirco
625 1654 764 1735 perfecta
785 1653 907 1719 bonitas
929 1653 961 1718 in
984 1652 1067 1718 nullo
1089 1658 1144 1731 cst,
1168 1651 1242 1736 quia
1263 1670 1337 1717 eam

193 1758 379 1823 naturalium
402 1759 667 1840 perturbationum
690 1759 846 1824 incautius
861 1758 1028 1823 demutent.
1074 1757 1129 1823 sed
1144 1762 1248 1820 tamen
1264 1775 1338 1821 cum

144 1892 168 1929 ra
194 1862 224 1925 in
249 1862 392 1927 bonitatis
416 1883 524 1928 sumus
547 1861 597 1928 nel
620 1862 776 1928 uoluntate
798 1861 849 1927 uel
872 1862 978 1945 gestis,
1014 1881 1075 1926 non
1097 1880 1263 1941 possumus
1285 1858 1339 1925 uel

194 1973 266 2031 tune
289 1987 351 2031 non
374 1966 433 2031 hoc
456 1988 534 2046 esse,
562 1968 645 2051 quod
668 1986 787 2032 sumus.
832 1973 863 2031 et
885 1966 1029 2049 quamuis
1050 1964 1211 2046 inperfecti
1234 1965 1275 2028 ad
1304 1963 1340 2028 id

194 2070 300 2146 simus,
335 2090 374 2136 ne
398 2092 521 2152 semper
543 2071 575 2135 id
599 2071 706 2148 simus,
741 2071 823 2155 quod
854 2077 958 2134 tamen
988 2090 1096 2135 sumus
1125 2070 1157 2133 in
1187 2074 1338 2149 tempore,

194 2174 265 2239 licet
288 2195 343 2254 per
365 2184 483 2240 naturae
505 2175 718 2240 infirmitatem
734 2175 933 2240 demutationi
950 2174 1093 2239 bonitatis
1120 2171 1260 2238 obnoxiis
1275 2191 1341 2237 non

195 2278 342 2344 adimitur
364 2279 460 2357 nobis,
484 2280 580 2343 bonos
603 2300 660 2344 nos
683 2279 733 2344 nel
757 2286 821 2343 tum
845 2299 924 2356 esse,
948 2298 1019 2343 cum
1043 2298 1160 2343 sumus.

70 2400 77 2413 ·
141 2411 168 2450 ao
239 2382 289 2446 12.
315 2383 419 2448 Bonus
450 2390 553 2477 autem
583 2382 666 2448 solus
696 2403 753 2464 per
783 2390 925 2447 naturam
960 2380 1215 2447 indemutabilem
1246 2401 1342 2447 suam

194 2507 318 2567 semper
342 2488 417 2552 dous
450 2508 511 2551 non
535 2488 696 2567 praedurus
721 2487 811 2552 huius
835 2486 1053 2552 demutationis
1086 2493 1198 2550 nostrae
1221 2484 1342 2550 arbiter

194 2591 258 2664 fuit,
282 2591 507 2675 indulgentiam
524 2590 694 2655 infirmitati
718 2598 839 2670 nostra,
863 2610 926 2674 qua
947 2610 1009 2655 non
1033 2609 1155 2671 semper
1177 2588 1252 2653 boni
1267 2610 1342 2671 per-

194 2715 366 2773 manemus
389 2717 427 2760 ex
449 2696 558 2760 merito
581 2694 749 2760 uoluntatis
771 2696 949 2776 inpertieuS,
983 2715 1046 2778 qua
1067 2695 1164 2759 bonos
1187 2712 1244 2758 nos
1268 2713 1342 2759 esse

194 2797 340 2863 delectat:
364 2799 530 2883 magisque
545 2798 605 2877 his,
622 2820 692 2883 quae
709 2799 868 2876 nellemus,
888 2799 1069 2880 propitiatus
1085 2804 1132 2864 est
1159 2813 1256 2881 quam
1279 2797 1341 2874 his,

142 2931 168 2969 aa
194 2923 264 2985 quae
287 2923 348 2966 non
371 2924 543 2982 possemus,
567 2905 664 2969 iratus
683 2911 740 2969 ost.
785 2923 920 2986 namque
944 2923 1015 2967 cum
1038 2902 1149 2985 Moysi.
1173 2901 1258 2967 fideli
1280 2903 1340 2967 uti·

194 3026 255 3090 que
278 3007 377 3070 amico
401 3028 464 3084 suo,
489 3015 518 3072 et
535 3028 629 3091 quem
646 3009 677 3072 in
694 3010 787 3072 deum
803 3007 953 3088 pharaoni
969 3007 1176 3084 constituerat,
1193 3006 1340 3072 dixisset:

143 3118 146 3123 ’
194 3111 385 3193 quianon
408 3111 668 3194 glorificasti
700 3134 757 3176 me
789 3113 828 3175 in
860 3131 971 3194 aquae
994 3111 1340 3189 contradictione,

194 3215 370 3281 ascende
407 3215 445 3281 in
484 3222 658 3281 montem
703 3224 740 3281 et
778 3236 949 3292 morere,
1000 3214 1082 3280 huno
1123 3215 1181 3279 sibi
1221 3222 1340 3295 postea,

235 3321 269 3373 er
288 3320 369 3373 oeus.
388 3321 500 3387 xxxu,
520 3323 562 3374 aa.

237 3426 249 3476 l
270 3439 352 3476 nemo
370 3423 445 3477 aitE
494 3425 604 3478 bonitas
620 3443 650 3479 ea
667 3425 800 3480 bonitatis
810 3424 873 3478 aa?
889 3425 914 3479 V
963 3426 979 3478 2
999 3441 1031 3478 ea
1048 3442 1096 3477 om.
1116 3423 1193 3478 RPT
1210 3427 1254 3478 est
1273 3440 1307 3479 ee
1325 3441 1342 3480 e

192 3510 417 3563 ddemutatione
440 3510 466 3562 V
515 3513 650 3565 bnatura
677 3530 707 3565 ea
733 3517 842 3566 matura
860 3531 892 3566 m.
912 3509 932 3563 2
954 3511 980 3563 V
1028 3511 1078 3565 fiat
1102 3510 1151 3565 VP
1200 3510 1341 3566 fldamno

192 3612 336 3649 monemur
363 3597 429 3650 dum
446 3615 502 3666 sap.
522 3599 567 3651 lin.
586 3616 604 3651 o
621 3617 654 3652 m.
674 3597 694 3650 Σ)
717 3599 743 3652 V
791 3598 894 3653 fidum
919 3615 1012 3653 amore
1031 3627 1064 3634 -
1083 3596 1226 3651 efferimur
1243 3615 1295 3652 om.
1320 3599 1345 3654 V

194 3686 226 3736 ll
244 3682 367 3736 infirmes
382 3683 408 3735 V
458 3687 491 3738 12
509 3688 538 3738 et
555 3703 611 3755 sap
630 3686 675 3738 lin.
694 3685 828 3739 orn2V
881 3689 912 3740 la
931 3685 1027 3740 eaVP
1078 3686 1111 3738 15
1128 3684 1174 3738 nel
1192 3684 1342 3740 uoluntate

192 3796 225 3806 -
250 3786 395 3837 possumus
421 3789 492 3840 supr.
520 3773 580 3824 odd.
608 3790 640 3825 m.
669 3769 689 3825 2
713 3772 738 3827 V
788 3775 821 3827 16
842 3771 895 3826 hoc
922 3791 970 3825 om.
997 3770 1022 3819 P
1056 3773 1087 3824 18
1106 3771 1301 3826 demutatione
1320 3769 1345 3820 P

192 3855 304 3908 obnoxii
323 3856 391 3908 ΡΤα
445 3860 477 3912 19
495 3875 545 3911 nos
562 3877 618 3928 sap.
638 3861 681 3912 lin.
703 3878 720 3912 a
738 3878 771 3913 m.
797 3858 865 3913 211
913 3860 946 3913 21
966 3858 1118 3926 praedurus
1138 3876 1168 3911 aa
1185 3858 1341 3927 praeduros

192 3961 225 3994 m.
252 3941 273 3994 2
296 3943 321 3996 V
369 3945 403 3996 22
430 3944 495 3997 boni
522 3963 570 3998 om.
604 3946 629 3998 V
677 3947 712 3998 23
739 3964 793 4014 qua
819 3947 893 4000 bono
921 3962 979 3999 esse
1003 3945 1029 3998 V
1079 3947 1114 3998 24
1141 3944 1263 4000 uelimus
1291 3947 1343 4000 Pr

191 4031 226 4082 25
252 4045 398 4097 possumus
427 4030 476 4083 ΡΙ·
536 4031 649 4100 utiquae
678 4033 733 4086 iam
760 4032 849 4087 amico
879 4050 929 4086 suo
965 4029 999 4084 V¹
1061 4034 1095 4087 26
1121 4031 1229 4086 faraoni
1267 4033 1344 4088 VBP

192 4117 225 4168 27
249 4115 279 4168 in
302 4133 389 4184 aquae
413 4118 632 4173 contradictione
651 4120 677 4172 R
703 4119 732 4172 in
756 4137 827 4188 aqua
846 4119 1065 4174 contradictione
1083 4118 1155 4172 Pin
1173 4119 1255 4188 aquis
1275 4137 1342 4175 oon·

191 4202 366 4256 tradiotionis
386 4205 419 4257 Ε.
