<?xml version="1.0" encoding="UTF-8"?>
<!DOCTYPE html PUBLIC "-//W3C//DTD XHTML 1.0 Transitional//EN"
    "http://www.w3.org/TR/xhtml1/DTD/xhtml1-transitional.dtd">
<html xmlns="http://www.w3.org/1999/xhtml" xml:lang="en" lang="en">
 <head>
  <title>
</title>
<meta http-equiv="Content-Type" content="text/html;charset=utf-8" />
  <meta name='ocr-system' content='tesseract 3.04.00' />
  <meta name='ocr-capabilities' content='ocr_page ocr_carea ocr_par ocr_line ocrx_word'/>
</head>
<body>
  <div class='ocr_page' id='page_1' title='image "./shilariiepiscop00hilagoog_0174.png"; bbox 0 0 2790 4844; ppageno 0'>
   <div class='ocr_carea' id='block_1_1' title="bbox 203 206 994 274">
    <p class='ocr_par' dir='ltr' id='par_1_1' title="bbox 203 206 994 274">
     <span class='ocr_line' id='line_1_1' title="bbox 203 206 994 274; baseline -0.009 -10"><span class='ocrx_word' id='word_1_1' title='bbox 203 206 263 269; x_wconf 71' lang='lat'>142</span> <span class='ocrx_word' id='word_1_2' title='bbox 544 207 660 259; x_wconf 77' lang='lat' dir='ltr'>naneti</span> <span class='ocrx_word' id='word_1_3' title='bbox 680 206 814 258; x_wconf 86' lang='lat' dir='ltr'>Hilarii</span> <span class='ocrx_word' id='word_1_4' title='bbox 833 207 994 274; x_wconf 81' lang='lat' dir='ltr'>episcopi</span> 
     </span>
    </p>
   </div>
   <div class='ocr_carea' id='block_1_2' title="bbox 148 371 1354 4097">
    <p class='ocr_par' dir='ltr' id='par_1_2' title="bbox 148 371 1354 4097">
     <span class='ocr_line' id='line_1_2' title="bbox 201 371 1343 480; baseline -0.002 -19"><span class='ocrx_word' id='word_1_5' title='bbox 201 397 357 461; x_wconf 88' lang='lat' dir='ltr'>demutata</span> <span class='ocrx_word' id='word_1_6' title='bbox 379 417 510 476; x_wconf 86' lang='lat' dir='ltr'>persona</span> <span class='ocrx_word' id='word_1_7' title='bbox 530 405 585 460; x_wconf 87' lang='lat' dir='ltr'>est.</span> <span class='ocrx_word' id='word_1_8' title='bbox 630 415 712 460; x_wconf 78' lang='lat' dir='ltr'>nime</span> <span class='ocrx_word' id='word_1_9' title='bbox 725 371 805 460; x_wconf 82' lang='lat' dir='ltr'>enim</span> <span class='ocrx_word' id='word_1_10' title='bbox 818 396 973 480; x_wconf 85' lang='lat' dir='ltr'>generalis</span> <span class='ocrx_word' id='word_1_11' title='bbox 986 416 1088 460; x_wconf 83' lang='lat' dir='ltr'>sermo</span> <span class='ocrx_word' id='word_1_12' title='bbox 1101 411 1149 460; x_wconf 90' lang='lat' dir='ltr'>est</span> <span class='ocrx_word' id='word_1_13' title='bbox 1164 395 1343 475; x_wconf 58' lang='lat' dir='ltr'>prophetiae.</span> 
     </span>
     <span class='ocr_line' id='line_1_3' title="bbox 200 499 1342 584; baseline 0 -20"><span class='ocrx_word' id='word_1_14' title='bbox 200 520 273 565; x_wconf 90' lang='lat' dir='ltr'>nam</span> <span class='ocrx_word' id='word_1_15' title='bbox 308 507 377 581; x_wconf 85' lang='lat' dir='ltr'>post</span> <span class='ocrx_word' id='word_1_16' title='bbox 410 521 480 564; x_wconf 92' lang='lat' dir='ltr'>eam</span> <span class='ocrx_word' id='word_1_17' title='bbox 514 501 691 578; x_wconf 81' lang='lat' dir='ltr'>orationem,</span> <span class='ocrx_word' id='word_1_18' title='bbox 727 522 796 584; x_wconf 69' lang='lat' dir='ltr'>quar</span> <span class='ocrx_word' id='word_1_19' title='bbox 831 501 870 565; x_wconf 87' lang='lat' dir='ltr'>ad</span> <span class='ocrx_word' id='word_1_20' title='bbox 904 502 995 565; x_wconf 89' lang='lat' dir='ltr'>deum</span> <span class='ocrx_word' id='word_1_21' title='bbox 1025 499 1133 576; x_wconf 84' lang='lat' dir='ltr'>fueret,</span> <span class='ocrx_word' id='word_1_22' title='bbox 1163 510 1196 565; x_wconf 92' lang='lat' dir='ltr'>nt</span> <span class='ocrx_word' id='word_1_23' title='bbox 1229 501 1342 565; x_wconf 84' lang='lat' dir='ltr'>fidncia</span> 
     </span>
     <span class='ocr_line' id='line_1_4' title="bbox 200 605 1343 689; baseline -0.001 -20"><span class='ocrx_word' id='word_1_24' title='bbox 200 606 316 670; x_wconf 88' lang='lat' dir='ltr'>orantis</span> <span class='ocrx_word' id='word_1_25' title='bbox 346 613 451 686; x_wconf 86' lang='lat' dir='ltr'>posset-</span> <span class='ocrx_word' id='word_1_26' title='bbox 480 605 618 688; x_wconf 74' lang='lat' dir='ltr'>intellegi</span> <span class='ocrx_word' id='word_1_27' title='bbox 648 607 680 670; x_wconf 93' lang='lat' dir='ltr'>in</span> <span class='ocrx_word' id='word_1_28' title='bbox 710 626 746 669; x_wconf 92' lang='lat' dir='ltr'>eo</span> <span class='ocrx_word' id='word_1_29' title='bbox 776 606 844 685; x_wconf 84' lang='lat' dir='ltr'>ipso</span> <span class='ocrx_word' id='word_1_30' title='bbox 875 605 1059 685; x_wconf 85' lang='lat' dir='ltr'>precationis</span> <span class='ocrx_word' id='word_1_31' title='bbox 1090 611 1228 685; x_wconf 89' lang='lat' dir='ltr'>tempore</span> <span class='ocrx_word' id='word_1_32' title='bbox 1259 607 1343 689; x_wconf 90' lang='lat' dir='ltr'>quod</span> 
     </span>
     <span class='ocr_line' id='line_1_5' title="bbox 200 709 1344 790; baseline 0.001 -17"><span class='ocrx_word' id='word_1_33' title='bbox 200 717 382 790; x_wconf 78' lang='lat' dir='ltr'>poposcerat</span> <span class='ocrx_word' id='word_1_34' title='bbox 411 709 604 789; x_wconf 88' lang='lat' dir='ltr'>inpetrantis,</span> <span class='ocrx_word' id='word_1_35' title='bbox 635 709 779 775; x_wconf 88' lang='lat' dir='ltr'>continuo</span> <span class='ocrx_word' id='word_1_36' title='bbox 803 709 948 774; x_wconf 86' lang='lat' dir='ltr'>subiecit:</span> <span class='ocrx_word' id='word_1_37' title='bbox 982 729 1074 774; x_wconf 86' lang='lat' dir='ltr'>ecee</span> <span class='ocrx_word' id='word_1_38' title='bbox 1105 710 1209 774; x_wconf 85' lang='lat' dir='ltr'>eninr</span> <span class='ocrx_word' id='word_1_39' title='bbox 1245 711 1344 774; x_wconf 89' lang='lat' dir='ltr'>deus</span> 
     </span>
     <span class='ocr_line' id='line_1_6' title="bbox 160 813 1343 893; baseline -0.001 -16"><span class='ocrx_word' id='word_1_40' title='bbox 160 815 370 878; x_wconf 78' lang='lat' dir='ltr'>uadiuuat</span> <span class='ocrx_word' id='word_1_41' title='bbox 404 835 460 878; x_wconf 89' lang='lat' dir='ltr'>me</span> <span class='ocrx_word' id='word_1_42' title='bbox 483 822 522 878; x_wconf 89' lang='lat' dir='ltr'>et</span> <span class='ocrx_word' id='word_1_43' title='bbox 545 813 731 878; x_wconf 86' lang='lat' dir='ltr'>dominus</span> <span class='ocrx_word' id='word_1_44' title='bbox 755 821 971 893; x_wconf 86' lang='lat' dir='ltr'>susceptor</span> <span class='ocrx_word' id='word_1_45' title='bbox 994 823 1055 879; x_wconf 88' lang='lat' dir='ltr'>est</span> <span class='ocrx_word' id='word_1_46' title='bbox 1078 814 1218 878; x_wconf 80' lang='lat' dir='ltr'>anima</span> <span class='ocrx_word' id='word_1_47' title='bbox 1241 835 1343 879; x_wconf 75' lang='lat' dir='ltr'>mea.</span> 
     </span>
     <span class='ocr_line' id='line_1_7' title="bbox 200 917 1344 999; baseline 0 -16"><span class='ocrx_word' id='word_1_48' title='bbox 200 919 408 984; x_wconf 88' lang='lat' dir='ltr'>eonuertit</span> <span class='ocrx_word' id='word_1_49' title='bbox 430 918 534 983; x_wconf 85' lang='lat' dir='ltr'>mala.</span> <span class='ocrx_word' id='word_1_50' title='bbox 556 919 738 984; x_wconf 86' lang='lat' dir='ltr'>inimicis</span> <span class='ocrx_word' id='word_1_51' title='bbox 763 919 870 982; x_wconf 87' lang='lat' dir='ltr'>meis.</span> <span class='ocrx_word' id='word_1_52' title='bbox 918 917 1044 982; x_wconf 82' lang='lat' dir='ltr'>effeetus</span> <span class='ocrx_word' id='word_1_53' title='bbox 1059 919 1198 998; x_wconf 89' lang='lat' dir='ltr'>proprios</span> <span class='ocrx_word' id='word_1_54' title='bbox 1211 919 1344 999; x_wconf 86' lang='lat' dir='ltr'>propriis</span> 
     </span>
     <span class='ocr_line' id='line_1_8' title="bbox 200 1023 1345 1108; baseline 0 -22"><span class='ocrx_word' id='word_1_55' title='bbox 200 1023 334 1089; x_wconf 77' lang='lat' dir='ltr'>reddidit</span> <span class='ocrx_word' id='word_1_56' title='bbox 366 1023 536 1104; x_wconf 78' lang='lat' dir='ltr'>postulatis,</span> <span class='ocrx_word' id='word_1_57' title='bbox 573 1025 686 1088; x_wconf 80' lang='lat' dir='ltr'>docens</span> <span class='ocrx_word' id='word_1_58' title='bbox 721 1044 780 1086; x_wconf 95' lang='lat' dir='ltr'>non</span> <span class='ocrx_word' id='word_1_59' title='bbox 811 1023 1029 1108; x_wconf 77' lang='lat' dir='ltr'>neglegentem</span> <span class='ocrx_word' id='word_1_60' title='bbox 1053 1023 1199 1087; x_wconf 83' lang='lat' dir='ltr'>orationis</span> <span class='ocrx_word' id='word_1_61' title='bbox 1229 1029 1345 1088; x_wconf 75' lang='lat' dir='ltr'>nostra</span> 
     </span>
     <span class='ocr_line' id='line_1_9' title="bbox 201 1127 1345 1212; baseline 0 -20"><span class='ocrx_word' id='word_1_62' title='bbox 201 1129 294 1192; x_wconf 91' lang='lat' dir='ltr'>deum</span> <span class='ocrx_word' id='word_1_63' title='bbox 332 1148 409 1204; x_wconf 74' lang='lat' dir='ltr'>esse,</span> <span class='ocrx_word' id='word_1_64' title='bbox 446 1149 547 1212; x_wconf 89' lang='lat' dir='ltr'>neque</span> <span class='ocrx_word' id='word_1_65' title='bbox 585 1127 832 1193; x_wconf 75' lang='lat' dir='ltr'>inrationabilem</span> <span class='ocrx_word' id='word_1_66' title='bbox 862 1128 1091 1207; x_wconf 70' lang='lat' dir='ltr'>praestationem</span> <span class='ocrx_word' id='word_1_67' title='bbox 1122 1127 1345 1192; x_wconf 78' lang='lat' dir='ltr'>misericordiae</span> 
     </span>
     <span class='ocr_line' id='line_1_10' title="bbox 200 1232 1345 1314; baseline -0.001 -17"><span class='ocrx_word' id='word_1_68' title='bbox 200 1252 264 1297; x_wconf 74' lang='lat' dir='ltr'>suaa</span> <span class='ocrx_word' id='word_1_69' title='bbox 287 1232 535 1311; x_wconf 77' lang='lat' dir='ltr'>existimandam,</span> <span class='ocrx_word' id='word_1_70' title='bbox 559 1252 629 1296; x_wconf 90' lang='lat' dir='ltr'>eum</span> <span class='ocrx_word' id='word_1_71' title='bbox 653 1252 709 1296; x_wconf 89' lang='lat' dir='ltr'>nos</span> <span class='ocrx_word' id='word_1_72' title='bbox 725 1233 895 1296; x_wconf 90' lang='lat' dir='ltr'>secundum</span> <span class='ocrx_word' id='word_1_73' title='bbox 911 1233 994 1314; x_wconf 86' lang='lat' dir='ltr'>quod</span> <span class='ocrx_word' id='word_1_74' title='bbox 1006 1251 1204 1312; x_wconf 87' lang='lat' dir='ltr'>precaremur</span> <span class='ocrx_word' id='word_1_75' title='bbox 1216 1232 1345 1296; x_wconf 85' lang='lat' dir='ltr'>audiret.</span> 
     </span>
     <span class='ocr_line' id='line_1_11' title="bbox 148 1335 1346 1420; baseline 0.003 -24"><span class='ocrx_word' id='word_1_76' title='bbox 148 1360 173 1394; x_wconf 85' lang='lat'>10</span> <span class='ocrx_word' id='word_1_77' title='bbox 201 1356 337 1419; x_wconf 84' lang='lat' dir='ltr'>namque</span> <span class='ocrx_word' id='word_1_78' title='bbox 361 1337 455 1400; x_wconf 91' lang='lat' dir='ltr'>adid</span> <span class='ocrx_word' id='word_1_79' title='bbox 478 1338 561 1420; x_wconf 91' lang='lat' dir='ltr'>qnod</span> <span class='ocrx_word' id='word_1_80' title='bbox 585 1337 638 1401; x_wconf 91' lang='lat' dir='ltr'>ait:</span> <span class='ocrx_word' id='word_1_81' title='bbox 663 1337 851 1419; x_wconf 82' lang='lat' dir='ltr'>quoniam</span> <span class='ocrx_word' id='word_1_82' title='bbox 877 1335 1003 1401; x_wconf 91' lang='lat' dir='ltr'>alieni</span> <span class='ocrx_word' id='word_1_83' title='bbox 1026 1337 1346 1401; x_wconf 84' lang='lat' dir='ltr'>insurrexerunt</span> 
     </span>
     <span class='ocr_line' id='line_1_12' title="bbox 200 1440 1345 1521; baseline -0.001 -15"><span class='ocrx_word' id='word_1_84' title='bbox 200 1460 322 1521; x_wconf 86' lang='lat' dir='ltr'>super</span> <span class='ocrx_word' id='word_1_85' title='bbox 343 1460 409 1517; x_wconf 86' lang='lat' dir='ltr'>me,</span> <span class='ocrx_word' id='word_1_86' title='bbox 434 1442 592 1521; x_wconf 87' lang='lat' dir='ltr'>proprium</span> <span class='ocrx_word' id='word_1_87' title='bbox 615 1440 690 1505; x_wconf 93' lang='lat' dir='ltr'>illud</span> <span class='ocrx_word' id='word_1_88' title='bbox 713 1449 775 1506; x_wconf 86' lang='lat' dir='ltr'>ost:</span> <span class='ocrx_word' id='word_1_89' title='bbox 811 1441 908 1506; x_wconf 89' lang='lat' dir='ltr'>deus</span> <span class='ocrx_word' id='word_1_90' title='bbox 939 1441 1107 1506; x_wconf 88' lang='lat' dir='ltr'>adiuuat</span> <span class='ocrx_word' id='word_1_91' title='bbox 1137 1461 1210 1515; x_wconf 89' lang='lat' dir='ltr'>me;</span> <span class='ocrx_word' id='word_1_92' title='bbox 1241 1440 1282 1505; x_wconf 89' lang='lat' dir='ltr'>ad</span> <span class='ocrx_word' id='word_1_93' title='bbox 1312 1441 1345 1505; x_wconf 92' lang='lat' dir='ltr'>id</span> 
     </span>
     <span class='ocr_line' id='line_1_13' title="bbox 201 1544 1346 1628; baseline 0.001 -19"><span class='ocrx_word' id='word_1_94' title='bbox 201 1552 319 1609; x_wconf 88' lang='lat' dir='ltr'>autem:</span> <span class='ocrx_word' id='word_1_95' title='bbox 353 1555 392 1610; x_wconf 91' lang='lat' dir='ltr'>et</span> <span class='ocrx_word' id='word_1_96' title='bbox 425 1546 554 1610; x_wconf 85' lang='lat' dir='ltr'>fortes</span> <span class='ocrx_word' id='word_1_97' title='bbox 589 1547 842 1628; x_wconf 71' lang='lat' dir='ltr'>quesierunt</span> <span class='ocrx_word' id='word_1_98' title='bbox 876 1546 1046 1609; x_wconf 88' lang='lat' dir='ltr'>animam</span> <span class='ocrx_word' id='word_1_99' title='bbox 1082 1564 1213 1623; x_wconf 82' lang='lat' dir='ltr'>meam,</span> <span class='ocrx_word' id='word_1_100' title='bbox 1244 1544 1277 1609; x_wconf 93' lang='lat' dir='ltr'>in</span> <span class='ocrx_word' id='word_1_101' title='bbox 1307 1567 1346 1611; x_wconf 89' lang='lat' dir='ltr'>eo</span> 
     </span>
     <span class='ocr_line' id='line_1_14' title="bbox 201 1647 1347 1732; baseline -0.001 -18"><span class='ocrx_word' id='word_1_102' title='bbox 201 1649 352 1714; x_wconf 80' lang='lat' dir='ltr'>exauditae</span> <span class='ocrx_word' id='word_1_103' title='bbox 374 1650 520 1714; x_wconf 87' lang='lat' dir='ltr'>orationis</span> <span class='ocrx_word' id='word_1_104' title='bbox 544 1649 707 1729; x_wconf 86' lang='lat' dir='ltr'>peculiaris</span> <span class='ocrx_word' id='word_1_105' title='bbox 730 1648 857 1714; x_wconf 67' lang='lat' dir='ltr'>«aflectus</span> <span class='ocrx_word' id='word_1_106' title='bbox 881 1659 935 1715; x_wconf 89' lang='lat' dir='ltr'>est.</span> <span class='ocrx_word' id='word_1_107' title='bbox 967 1651 1049 1732; x_wconf 90' lang='lat' dir='ltr'>quod</span> <span class='ocrx_word' id='word_1_108' title='bbox 1073 1650 1129 1714; x_wconf 88' lang='lat' dir='ltr'>ait:</span> <span class='ocrx_word' id='word_1_109' title='bbox 1165 1656 1203 1714; x_wconf 90' lang='lat' dir='ltr'>ot</span> <span class='ocrx_word' id='word_1_110' title='bbox 1225 1647 1347 1714; x_wconf 91' lang='lat' dir='ltr'>domi-</span> 
     </span>
     <span class='ocr_line' id='line_1_15' title="bbox 202 1754 1347 1836; baseline 0.003 -20"><span class='ocrx_word' id='word_1_111' title='bbox 202 1773 272 1817; x_wconf 84' lang='lat' dir='ltr'>nus</span> <span class='ocrx_word' id='word_1_112' title='bbox 295 1760 512 1833; x_wconf 85' lang='lat' dir='ltr'>susceptor</span> <span class='ocrx_word' id='word_1_113' title='bbox 546 1761 606 1819; x_wconf 87' lang='lat' dir='ltr'>est</span> <span class='ocrx_word' id='word_1_114' title='bbox 629 1755 768 1818; x_wconf 77' lang='lat' dir='ltr'>anima</span> <span class='ocrx_word' id='word_1_115' title='bbox 792 1775 900 1831; x_wconf 83' lang='lat' dir='ltr'>meae;</span> <span class='ocrx_word' id='word_1_116' title='bbox 926 1757 964 1819; x_wconf 86' lang='lat' dir='ltr'>ad</span> <span class='ocrx_word' id='word_1_117' title='bbox 989 1754 1284 1836; x_wconf 86' lang='lat' dir='ltr'>idueroquodait:</span> <span class='ocrx_word' id='word_1_118' title='bbox 1309 1766 1347 1820; x_wconf 88' lang='lat' dir='ltr'>et</span> 
     </span>
     <span class='ocr_line' id='line_1_16' title="bbox 153 1856 1347 1938; baseline 0.008 -23"><span class='ocrx_word' id='word_1_119' title='bbox 153 1877 177 1915; x_wconf 83' lang='lat' dir='ltr'>u</span> <span class='ocrx_word' id='word_1_120' title='bbox 205 1865 598 1938; x_wconf 87' lang='lat' dir='ltr'>nonproposuorunt</span> <span class='ocrx_word' id='word_1_121' title='bbox 622 1860 733 1923; x_wconf 89' lang='lat' dir='ltr'>deum</span> <span class='ocrx_word' id='word_1_122' title='bbox 755 1866 846 1923; x_wconf 88' lang='lat' dir='ltr'>ante</span> <span class='ocrx_word' id='word_1_123' title='bbox 863 1867 1126 1938; x_wconf 85' lang='lat' dir='ltr'>conspectum</span> <span class='ocrx_word' id='word_1_124' title='bbox 1146 1879 1268 1934; x_wconf 88' lang='lat' dir='ltr'>suum,</span> <span class='ocrx_word' id='word_1_125' title='bbox 1285 1856 1347 1925; x_wconf 87' lang='lat' dir='ltr'>hoc</span> 
     </span>
     <span class='ocr_line' id='line_1_17' title="bbox 201 1963 1348 2042; baseline 0.003 -16"><span class='ocrx_word' id='word_1_126' title='bbox 201 1967 400 2042; x_wconf 82' lang='lat' dir='ltr'>conpetenter</span> <span class='ocrx_word' id='word_1_127' title='bbox 422 1963 548 2028; x_wconf 87' lang='lat' dir='ltr'>adiecit:</span> <span class='ocrx_word' id='word_1_128' title='bbox 573 1963 780 2028; x_wconf 88' lang='lat' dir='ltr'>conuertit</span> <span class='ocrx_word' id='word_1_129' title='bbox 802 1963 905 2028; x_wconf 87' lang='lat' dir='ltr'>mala</span> <span class='ocrx_word' id='word_1_130' title='bbox 927 1963 1109 2028; x_wconf 92' lang='lat' dir='ltr'>inimicis</span> <span class='ocrx_word' id='word_1_131' title='bbox 1133 1963 1241 2028; x_wconf 90' lang='lat' dir='ltr'>meis.</span> <span class='ocrx_word' id='word_1_132' title='bbox 1268 1966 1348 2030; x_wconf 85' lang='lat' dir='ltr'>deus</span> 
     </span>
     <span class='ocr_line' id='line_1_18' title="bbox 202 2067 1348 2151; baseline 0.004 -22"><span class='ocrx_word' id='word_1_133' title='bbox 202 2085 276 2150; x_wconf 85' lang='lat' dir='ltr'>ergo</span> <span class='ocrx_word' id='word_1_134' title='bbox 309 2073 339 2130; x_wconf 90' lang='lat' dir='ltr'>et</span> <span class='ocrx_word' id='word_1_135' title='bbox 362 2068 512 2132; x_wconf 90' lang='lat' dir='ltr'>aduersus</span> <span class='ocrx_word' id='word_1_136' title='bbox 543 2068 740 2151; x_wconf 80' lang='lat' dir='ltr'>insurgentes</span> <span class='ocrx_word' id='word_1_137' title='bbox 771 2068 896 2133; x_wconf 85' lang='lat' dir='ltr'>adiuuat</span> <span class='ocrx_word' id='word_1_138' title='bbox 926 2068 1149 2151; x_wconf 79' lang='lat' dir='ltr'>etquaesitam</span> <span class='ocrx_word' id='word_1_139' title='bbox 1173 2089 1191 2131; x_wconf 90' lang='lat' dir='ltr'>a</span> <span class='ocrx_word' id='word_1_140' title='bbox 1212 2067 1348 2134; x_wconf 82' lang='lat' dir='ltr'>fortibus</span> 
     </span>
     <span class='ocr_line' id='line_1_19' title="bbox 202 2169 1348 2256; baseline 0.004 -23"><span class='ocrx_word' id='word_1_141' title='bbox 202 2169 337 2235; x_wconf 85' lang='lat' dir='ltr'>animam</span> <span class='ocrx_word' id='word_1_142' title='bbox 362 2171 460 2236; x_wconf 86' lang='lat' dir='ltr'>sancti</span> <span class='ocrx_word' id='word_1_143' title='bbox 484 2173 531 2236; x_wconf 89' lang='lat' dir='ltr'>sui</span> <span class='ocrx_word' id='word_1_144' title='bbox 555 2172 684 2251; x_wconf 80' lang='lat' dir='ltr'>suscipit</span> <span class='ocrx_word' id='word_1_145' title='bbox 706 2182 736 2236; x_wconf 87' lang='lat' dir='ltr'>et</span> <span class='ocrx_word' id='word_1_146' title='bbox 757 2193 818 2236; x_wconf 91' lang='lat' dir='ltr'>non</span> <span class='ocrx_word' id='word_1_147' title='bbox 841 2172 1016 2252; x_wconf 82' lang='lat' dir='ltr'>propositus</span> <span class='ocrx_word' id='word_1_148' title='bbox 1040 2178 1110 2238; x_wconf 89' lang='lat' dir='ltr'>ante</span> <span class='ocrx_word' id='word_1_149' title='bbox 1125 2171 1348 2256; x_wconf 87' lang='lat' dir='ltr'>oculosneque</span> 
     </span>
     <span class='ocr_line' id='line_1_20' title="bbox 203 2274 1348 2360; baseline 0.003 -22"><span class='ocrx_word' id='word_1_150' title='bbox 203 2274 242 2339; x_wconf 87' lang='lat' dir='ltr'>ab</span> <span class='ocrx_word' id='word_1_151' title='bbox 267 2274 370 2355; x_wconf 83' lang='lat' dir='ltr'>impiis</span> <span class='ocrx_word' id='word_1_152' title='bbox 394 2276 546 2360; x_wconf 85' lang='lat' dir='ltr'>cogitatus</span> <span class='ocrx_word' id='word_1_153' title='bbox 570 2276 601 2338; x_wconf 92' lang='lat' dir='ltr'>in</span> <span class='ocrx_word' id='word_1_154' title='bbox 624 2277 766 2340; x_wconf 89' lang='lat' dir='ltr'>inimicos</span> <span class='ocrx_word' id='word_1_155' title='bbox 796 2274 880 2341; x_wconf 86' lang='lat' dir='ltr'>mala</span> <span class='ocrx_word' id='word_1_156' title='bbox 909 2277 978 2357; x_wconf 89' lang='lat' dir='ltr'>ipsa</span> <span class='ocrx_word' id='word_1_157' title='bbox 1007 2277 1172 2341; x_wconf 85' lang='lat' dir='ltr'>conuertit:</span> <span class='ocrx_word' id='word_1_158' title='bbox 1203 2285 1246 2353; x_wconf 92' lang='lat' dir='ltr'>ut,</span> <span class='ocrx_word' id='word_1_159' title='bbox 1270 2277 1348 2342; x_wconf 93' lang='lat' dir='ltr'>dum</span> 
     </span>
     <span class='ocr_line' id='line_1_21' title="bbox 150 2378 1347 2465; baseline 0.004 -22"><span class='ocrx_word' id='word_1_160' title='bbox 150 2400 155 2412; x_wconf 85' lang='lat'><em>·</em></span> <span class='ocrx_word' id='word_1_161' title='bbox 203 2378 295 2443; x_wconf 89' lang='lat' dir='ltr'>deum</span> <span class='ocrx_word' id='word_1_162' title='bbox 319 2399 381 2443; x_wconf 92' lang='lat' dir='ltr'>non</span> <span class='ocrx_word' id='word_1_163' title='bbox 404 2381 542 2463; x_wconf 82' lang='lat' dir='ltr'>cogitant</span> <span class='ocrx_word' id='word_1_164' title='bbox 565 2381 634 2445; x_wconf 84' lang='lat' dir='ltr'>iusti</span> <span class='ocrx_word' id='word_1_165' title='bbox 658 2381 796 2445; x_wconf 85' lang='lat' dir='ltr'>animam</span> <span class='ocrx_word' id='word_1_166' title='bbox 819 2383 986 2465; x_wconf 85' lang='lat' dir='ltr'>quaerendo</span> <span class='ocrx_word' id='word_1_167' title='bbox 1017 2389 1048 2446; x_wconf 88' lang='lat' dir='ltr'>et</span> <span class='ocrx_word' id='word_1_168' title='bbox 1077 2382 1246 2446; x_wconf 85' lang='lat' dir='ltr'>aduersum</span> <span class='ocrx_word' id='word_1_169' title='bbox 1273 2403 1347 2448; x_wconf 89' lang='lat' dir='ltr'>enm</span> 
     </span>
     <span class='ocr_line' id='line_1_22' title="bbox 202 2482 1347 2571; baseline 0.006 -25"><span class='ocrx_word' id='word_1_170' title='bbox 202 2482 401 2567; x_wconf 85' lang='lat' dir='ltr'>insurgendo,</span> <span class='ocrx_word' id='word_1_171' title='bbox 424 2485 529 2548; x_wconf 90' lang='lat' dir='ltr'>adiuto</span> <span class='ocrx_word' id='word_1_172' title='bbox 553 2505 589 2549; x_wconf 90' lang='lat' dir='ltr'>eo</span> <span class='ocrx_word' id='word_1_173' title='bbox 612 2491 705 2568; x_wconf 84' lang='lat' dir='ltr'>atque</span> <span class='ocrx_word' id='word_1_174' title='bbox 728 2492 880 2566; x_wconf 84' lang='lat' dir='ltr'>suscepto,</span> <span class='ocrx_word' id='word_1_175' title='bbox 904 2505 983 2563; x_wconf 85' lang='lat' dir='ltr'>eum,</span> <span class='ocrx_word' id='word_1_176' title='bbox 1011 2505 1104 2568; x_wconf 88' lang='lat' dir='ltr'>quem</span> <span class='ocrx_word' id='word_1_177' title='bbox 1128 2485 1208 2551; x_wconf 87' lang='lat' dir='ltr'>inter</span> <span class='ocrx_word' id='word_1_178' title='bbox 1231 2487 1347 2571; x_wconf 89' lang='lat' dir='ltr'>iniqui·</span> 
     </span>
     <span class='ocr_line' id='line_1_23' title="bbox 202 2587 1347 2674; baseline 0.005 -23"><span class='ocrx_word' id='word_1_179' title='bbox 202 2591 301 2652; x_wconf 89' lang='lat' dir='ltr'>tatum</span> <span class='ocrx_word' id='word_1_180' title='bbox 324 2608 420 2669; x_wconf 87' lang='lat' dir='ltr'>opera</span> <span class='ocrx_word' id='word_1_181' title='bbox 441 2610 502 2653; x_wconf 96' lang='lat' dir='ltr'>non</span> <span class='ocrx_word' id='word_1_182' title='bbox 526 2589 710 2674; x_wconf 87' lang='lat' dir='ltr'>cogitabant,</span> <span class='ocrx_word' id='word_1_183' title='bbox 733 2587 863 2654; x_wconf 89' lang='lat' dir='ltr'>ultorem</span> <span class='ocrx_word' id='word_1_184' title='bbox 888 2589 1013 2654; x_wconf 72' lang='lat' dir='ltr'>malitiae</span> <span class='ocrx_word' id='word_1_185' title='bbox 1037 2611 1075 2654; x_wconf 79' lang='lat' dir='ltr'>en</span> <span class='ocrx_word' id='word_1_186' title='bbox 1098 2590 1224 2655; x_wconf 70' lang='lat' dir='ltr'>malitiae</span> <span class='ocrx_word' id='word_1_187' title='bbox 1248 2591 1347 2671; x_wconf 83' lang='lat' dir='ltr'>ipsius</span> 
     </span>
     <span class='ocr_line' id='line_1_24' title="bbox 201 2691 584 2758; baseline 0.005 -4"><span class='ocrx_word' id='word_1_188' title='bbox 201 2691 402 2757; x_wconf 88' lang='lat' dir='ltr'>retributione</span> <span class='ocrx_word' id='word_1_189' title='bbox 426 2694 584 2758; x_wconf 89' lang='lat' dir='ltr'>sentirent.</span> 
     </span>
     <span class='ocr_line' id='line_1_25' title="bbox 247 2794 1349 2883; baseline 0.005 -25"><span class='ocrx_word' id='word_1_190' title='bbox 247 2794 297 2858; x_wconf 90' lang='lat'>10.</span> <span class='ocrx_word' id='word_1_191' title='bbox 324 2796 444 2862; x_wconf 85' lang='lat' dir='ltr'>Habeat</span> <span class='ocrx_word' id='word_1_192' title='bbox 466 2798 570 2880; x_wconf 84' lang='lat' dir='ltr'>itaque</span> <span class='ocrx_word' id='word_1_193' title='bbox 593 2796 675 2862; x_wconf 90' lang='lat' dir='ltr'>hanc</span> <span class='ocrx_word' id='word_1_194' title='bbox 698 2798 846 2863; x_wconf 87' lang='lat' dir='ltr'>innocens</span> <span class='ocrx_word' id='word_1_195' title='bbox 875 2798 985 2883; x_wconf 82' lang='lat' dir='ltr'>religio</span> <span class='ocrx_word' id='word_1_196' title='bbox 1016 2798 1172 2874; x_wconf 82' lang='lat' dir='ltr'>fiduciam,</span> <span class='ocrx_word' id='word_1_197' title='bbox 1202 2808 1237 2864; x_wconf 87' lang='lat' dir='ltr'>ut-</span> <span class='ocrx_word' id='word_1_198' title='bbox 1266 2800 1349 2866; x_wconf 86' lang='lat' dir='ltr'>inter</span> 
     </span>
     <span class='ocr_line' id='line_1_26' title="bbox 150 2898 1348 2982; baseline 0.004 -19"><span class='ocrx_word' id='word_1_199' title='bbox 150 2918 175 2954; x_wconf 63' lang='lat' dir='ltr'>e</span> <span class='ocrx_word' id='word_1_200' title='bbox 203 2898 354 2964; x_wconf 88' lang='lat' dir='ltr'>humanas</span> <span class='ocrx_word' id='word_1_201' title='bbox 378 2901 596 2967; x_wconf 84' lang='lat' dir='ltr'>insectationes</span> <span class='ocrx_word' id='word_1_202' title='bbox 619 2912 649 2966; x_wconf 87' lang='lat' dir='ltr'>et</span> <span class='ocrx_word' id='word_1_203' title='bbox 671 2902 785 2966; x_wconf 77' lang='lat' dir='ltr'>anima</span> <span class='ocrx_word' id='word_1_204' title='bbox 808 2903 945 2982; x_wconf 84' lang='lat' dir='ltr'>pericula</span> <span class='ocrx_word' id='word_1_205' title='bbox 967 2903 1140 2967; x_wconf 82' lang='lat' dir='ltr'>adiutorem</span> <span class='ocrx_word' id='word_1_206' title='bbox 1170 2903 1228 2967; x_wconf 88' lang='lat' dir='ltr'>sibi</span> <span class='ocrx_word' id='word_1_207' title='bbox 1252 2905 1348 2970; x_wconf 88' lang='lat' dir='ltr'>doum</span> 
     </span>
     <span class='ocr_line' id='line_1_27' title="bbox 203 3006 1348 3090; baseline 0.006 -23"><span class='ocrx_word' id='word_1_208' title='bbox 203 3022 356 3068; x_wconf 84' lang='lat' dir='ltr'>essenon</span> <span class='ocrx_word' id='word_1_209' title='bbox 380 3006 520 3089; x_wconf 85' lang='lat' dir='ltr'>ambigat.</span> <span class='ocrx_word' id='word_1_210' title='bbox 550 3013 588 3081; x_wconf 88' lang='lat' dir='ltr'>et,</span> <span class='ocrx_word' id='word_1_211' title='bbox 612 3006 638 3070; x_wconf 90' lang='lat' dir='ltr'>si</span> <span class='ocrx_word' id='word_1_212' title='bbox 662 3008 787 3090; x_wconf 84' lang='lat' dir='ltr'>quando</span> <span class='ocrx_word' id='word_1_213' title='bbox 810 3007 932 3072; x_wconf 78' lang='lat' dir='ltr'>iniusta</span> <span class='ocrx_word' id='word_1_214' title='bbox 962 3008 1071 3072; x_wconf 90' lang='lat' dir='ltr'>mortis</span> <span class='ocrx_word' id='word_1_215' title='bbox 1100 3007 1149 3072; x_wconf 88' lang='lat' dir='ltr'>uis</span> <span class='ocrx_word' id='word_1_216' title='bbox 1179 3006 1348 3087; x_wconf 84' lang='lat' dir='ltr'>adseratur,</span> 
     </span>
     <span class='ocr_line' id='line_1_28' title="bbox 246 3144 1348 3217; baseline 0.008 -23"><span class='ocrx_word' id='word_1_217' title='bbox 246 3144 1348 3217; x_wconf 51' lang='lat' dir='ltr'>lmfflmwffl2Qmwmm2VfflfflmWfffflwpffl3mw</span> 
     </span>
     <span class='ocr_line' id='line_1_29' title="bbox 202 3229 1349 3301; baseline 0.006 -20"><span class='ocrx_word' id='word_1_218' title='bbox 202 3229 319 3283; x_wconf 82' lang='lat' dir='ltr'>cationis</span> <span class='ocrx_word' id='word_1_219' title='bbox 334 3231 382 3283; x_wconf 84' lang='lat' dir='ltr'>VR</span> <span class='ocrx_word' id='word_1_220' title='bbox 417 3233 592 3301; x_wconf 72' lang='lat' dir='ltr'>dirupetrato</span> <span class='ocrx_word' id='word_1_221' title='bbox 604 3234 652 3284; x_wconf 68' lang='lat'>1&#39;1&#39;</span> <span class='ocrx_word' id='word_1_222' title='bbox 686 3233 826 3287; x_wconf 77' lang='lat' dir='ltr'>badiubat</span> <span class='ocrx_word' id='word_1_223' title='bbox 841 3235 865 3286; x_wconf 82' lang='lat' dir='ltr'>l&#39;</span> <span class='ocrx_word' id='word_1_224' title='bbox 897 3234 1349 3290; x_wconf 73' lang='lat' dir='ltr'>Biorationabilemexmrntiona·</span> 
     </span>
     <span class='ocr_line' id='line_1_30' title="bbox 201 3316 1349 3392; baseline 0.006 -22"><span class='ocrx_word' id='word_1_225' title='bbox 201 3316 286 3370; x_wconf 88' lang='lat' dir='ltr'>bilem</span> <span class='ocrx_word' id='word_1_226' title='bbox 305 3335 336 3369; x_wconf 86' lang='lat' dir='ltr'>m.</span> <span class='ocrx_word' id='word_1_227' title='bbox 356 3317 414 3370; x_wconf 61' lang='lat'>21²</span> <span class='ocrx_word' id='word_1_228' title='bbox 430 3319 648 3372; x_wconf 77' lang='lat' dir='ltr'>irrationabilem</span> <span class='ocrx_word' id='word_1_229' title='bbox 669 3321 720 3372; x_wconf 83' lang='lat' dir='ltr'>TE</span> <span class='ocrx_word' id='word_1_230' title='bbox 771 3322 869 3374; x_wconf 84' lang='lat' dir='ltr'>9suae</span> <span class='ocrx_word' id='word_1_231' title='bbox 888 3338 945 3374; x_wconf 83' lang='lat' dir='ltr'>csse</span> <span class='ocrx_word' id='word_1_232' title='bbox 964 3321 1174 3375; x_wconf 80' lang='lat' dir='ltr'>existimandum</span> <span class='ocrx_word' id='word_1_233' title='bbox 1192 3322 1216 3373; x_wconf 85' lang='lat' dir='ltr'>l&#39;</span> <span class='ocrx_word' id='word_1_234' title='bbox 1266 3341 1349 3392; x_wconf 82' lang='lat' dir='ltr'>prae·</span> 
     </span>
     <span class='ocr_line' id='line_1_31' title="bbox 202 3405 1349 3475; baseline 0.008 -19"><span class='ocrx_word' id='word_1_235' title='bbox 202 3420 328 3457; x_wconf 79' lang='lat' dir='ltr'>paremur·</span> <span class='ocrx_word' id='word_1_236' title='bbox 345 3405 391 3456; x_wconf 81' lang='lat' dir='ltr'>Vlt</span> <span class='ocrx_word' id='word_1_237' title='bbox 437 3408 470 3460; x_wconf 89' lang='lat'>10</span> <span class='ocrx_word' id='word_1_238' title='bbox 482 3406 588 3473; x_wconf 68' lang='lat' dir='ltr'>nequae</span> <span class='ocrx_word' id='word_1_239' title='bbox 604 3407 627 3459; x_wconf 90' lang='lat' dir='ltr'><em>V</em></span> <span class='ocrx_word' id='word_1_240' title='bbox 634 3424 742 3474; x_wconf 87' lang='lat' dir='ltr'>nanque</span> <span class='ocrx_word' id='word_1_241' title='bbox 753 3408 777 3458; x_wconf 85' lang='lat' dir='ltr'><em>T</em></span> <span class='ocrx_word' id='word_1_242' title='bbox 820 3407 1129 3475; x_wconf 69' lang='lat' dir='ltr'>adaequodcorrnn?</span> <span class='ocrx_word' id='word_1_243' title='bbox 1144 3409 1168 3460; x_wconf 90' lang='lat' dir='ltr'><em>V</em></span> <span class='ocrx_word' id='word_1_244' title='bbox 1210 3411 1244 3463; x_wconf 78' lang='lat'>13</span> <span class='ocrx_word' id='word_1_245' title='bbox 1263 3426 1349 3464; x_wconf 82' lang='lat' dir='ltr'>exau·</span> 
     </span>
     <span class='ocr_line' id='line_1_32' title="bbox 202 3491 1350 3564; baseline 0.007 -20"><span class='ocrx_word' id='word_1_246' title='bbox 202 3491 260 3544; x_wconf 83' lang='lat' dir='ltr'>dite</span> <span class='ocrx_word' id='word_1_247' title='bbox 293 3492 341 3543; x_wconf 78' lang='lat' dir='ltr'>Vll</span> <span class='ocrx_word' id='word_1_248' title='bbox 394 3510 448 3559; x_wconf 90' lang='lat' dir='ltr'>que</span> <span class='ocrx_word' id='word_1_249' title='bbox 481 3494 520 3546; x_wconf 83' lang='lat' dir='ltr'>ait</span> <span class='ocrx_word' id='word_1_250' title='bbox 552 3494 577 3544; x_wconf 88' lang='lat' dir='ltr'><em>V</em></span> <span class='ocrx_word' id='word_1_251' title='bbox 629 3496 661 3546; x_wconf 86' lang='grc'>14</span> <span class='ocrx_word' id='word_1_252' title='bbox 679 3511 733 3561; x_wconf 84' lang='lat' dir='ltr'>quo</span> <span class='ocrx_word' id='word_1_253' title='bbox 760 3494 798 3546; x_wconf 87' lang='lat' dir='ltr'>ait</span> <span class='ocrx_word' id='word_1_254' title='bbox 833 3512 885 3546; x_wconf 93' lang='lat' dir='ltr'>non</span> <span class='ocrx_word' id='word_1_255' title='bbox 920 3495 944 3546; x_wconf 88' lang='lat' dir='ltr'><em>V</em></span> <span class='ocrx_word' id='word_1_256' title='bbox 1005 3497 1036 3549; x_wconf 85' lang='lat'>15</span> <span class='ocrx_word' id='word_1_257' title='bbox 1055 3495 1106 3549; x_wconf 90' lang='lat' dir='ltr'>hoe</span> <span class='ocrx_word' id='word_1_258' title='bbox 1134 3497 1350 3564; x_wconf 84' lang='lat' dir='ltr'>conplecteutur</span> 
     </span>
     <span class='ocr_line' id='line_1_33' title="bbox 209 3578 1352 3638; baseline 0.006 -7"><span class='ocrx_word' id='word_1_259' title='bbox 209 3579 232 3631; x_wconf 92' lang='lat' dir='ltr'><em>V</em></span> <span class='ocrx_word' id='word_1_260' title='bbox 284 3580 315 3632; x_wconf 84' lang='lat'>16</span> <span class='ocrx_word' id='word_1_261' title='bbox 334 3578 453 3631; x_wconf 83' lang='lat' dir='ltr'>inimicis</span> <span class='ocrx_word' id='word_1_262' title='bbox 480 3598 510 3632; x_wconf 83' lang='lat' dir='ltr'>er</span> <span class='ocrx_word' id='word_1_263' title='bbox 537 3580 666 3633; x_wconf 83' lang='lat' dir='ltr'>inimiciia</span> <span class='ocrx_word' id='word_1_264' title='bbox 694 3599 726 3633; x_wconf 88' lang='lat' dir='ltr'>m.</span> <span class='ocrx_word' id='word_1_265' title='bbox 754 3579 774 3632; x_wconf 74' lang='grc'><em>2</em></span> <span class='ocrx_word' id='word_1_266' title='bbox 799 3582 822 3634; x_wconf 92' lang='lat' dir='ltr'><em>V</em></span> <span class='ocrx_word' id='word_1_267' title='bbox 874 3584 905 3634; x_wconf 83' lang='lat'>17</span> <span class='ocrx_word' id='word_1_268' title='bbox 924 3582 1071 3636; x_wconf 87' lang='lat' dir='ltr'>aduersum</span> <span class='ocrx_word' id='word_1_269' title='bbox 1099 3582 1148 3635; x_wconf 69' lang='lat' dir='ltr'>Vs</span> <span class='ocrx_word' id='word_1_270' title='bbox 1200 3601 1216 3635; x_wconf 90' lang='lat' dir='ltr'>a</span> <span class='ocrx_word' id='word_1_271' title='bbox 1244 3601 1295 3637; x_wconf 86' lang='lat' dir='ltr'>om.</span> <span class='ocrx_word' id='word_1_272' title='bbox 1325 3587 1352 3638; x_wconf 76' lang='lat' dir='ltr'>lt</span> 
     </span>
     <span class='ocr_line' id='line_1_34' title="bbox 205 3666 1352 3739; baseline 0.008 -22"><span class='ocrx_word' id='word_1_273' title='bbox 205 3666 237 3718; x_wconf 84' lang='grc'>18</span> <span class='ocrx_word' id='word_1_274' title='bbox 255 3666 374 3719; x_wconf 87' lang='lat' dir='ltr'>animam</span> <span class='ocrx_word' id='word_1_275' title='bbox 387 3683 517 3733; x_wconf 88' lang='lat' dir='ltr'>—neque</span> <span class='ocrx_word' id='word_1_276' title='bbox 527 3668 561 3720; x_wconf 91' lang='lat' dir='ltr'>ab</span> <span class='ocrx_word' id='word_1_277' title='bbox 571 3669 597 3718; x_wconf 81' lang='lat' dir='ltr'>in</span> <span class='ocrx_word' id='word_1_278' title='bbox 608 3670 692 3736; x_wconf 71' lang='lat' dir='ltr'>&#39;merp</span> <span class='ocrx_word' id='word_1_279' title='bbox 706 3669 782 3738; x_wconf 81' lang='lat' dir='ltr'>inser.</span> <span class='ocrx_word' id='word_1_280' title='bbox 796 3671 856 3721; x_wconf 83' lang='lat' dir='ltr'>odd.</span> <span class='ocrx_word' id='word_1_281' title='bbox 867 3668 930 3721; x_wconf 79' lang='lat' dir='ltr'>nr.2</span> <span class='ocrx_word' id='word_1_282' title='bbox 945 3670 970 3721; x_wconf 87' lang='lat' dir='ltr'><em>V</em></span> <span class='ocrx_word' id='word_1_283' title='bbox 1019 3671 1160 3739; x_wconf 82' lang='lat' dir='ltr'>proposito</span> <span class='ocrx_word' id='word_1_284' title='bbox 1174 3671 1200 3723; x_wconf 84' lang='lat' dir='ltr'><em>R</em></span> <span class='ocrx_word' id='word_1_285' title='bbox 1256 3674 1290 3727; x_wconf 87' lang='grc'>19</span> <span class='ocrx_word' id='word_1_286' title='bbox 1308 3673 1352 3726; x_wconf 91' lang='lat' dir='ltr'>in·</span> 
     </span>
     <span class='ocr_line' id='line_1_35' title="bbox 202 3751 1350 3822; baseline 0.009 -19"><span class='ocrx_word' id='word_1_287' title='bbox 202 3751 255 3820; x_wconf 77' lang='lat' dir='ltr'>pii·</span> <span class='ocrx_word' id='word_1_288' title='bbox 275 3771 304 3804; x_wconf 78' lang='lat' dir='ltr'>er</span> <span class='ocrx_word' id='word_1_289' title='bbox 322 3752 375 3820; x_wconf 84' lang='lat' dir='ltr'>piis</span> <span class='ocrx_word' id='word_1_290' title='bbox 393 3771 425 3805; x_wconf 87' lang='lat' dir='ltr'>m.</span> <span class='ocrx_word' id='word_1_291' title='bbox 445 3755 465 3804; x_wconf 76' lang='lat'><em>2</em></span> <span class='ocrx_word' id='word_1_292' title='bbox 488 3753 513 3807; x_wconf 98' lang='lat' dir='ltr'><em>V</em></span> <span class='ocrx_word' id='word_1_293' title='bbox 562 3755 684 3822; x_wconf 83' lang='lat' dir='ltr'>cogitato</span> <span class='ocrx_word' id='word_1_294' title='bbox 703 3755 728 3807; x_wconf 85' lang='lat' dir='ltr'><em>R</em></span> <span class='ocrx_word' id='word_1_295' title='bbox 780 3755 814 3808; x_wconf 87' lang='lat' dir='ltr'>ad</span> <span class='ocrx_word' id='word_1_296' title='bbox 842 3756 967 3809; x_wconf 86' lang='lat' dir='ltr'>inimicos</span> <span class='ocrx_word' id='word_1_297' title='bbox 986 3756 1064 3809; x_wconf 84' lang='lat' dir='ltr'>PTE</span> <span class='ocrx_word' id='word_1_298' title='bbox 1088 3757 1215 3812; x_wconf 86' lang='lat' dir='ltr'>inimicos</span> <span class='ocrx_word' id='word_1_299' title='bbox 1241 3758 1267 3812; x_wconf 86' lang='lat' dir='ltr'><em>V</em></span> <span class='ocrx_word' id='word_1_300' title='bbox 1318 3768 1350 3814; x_wconf 91' lang='lat' dir='ltr'>ut</span> 
     </span>
     <span class='ocr_line' id='line_1_36' title="bbox 202 3840 1353 3913; baseline 0.011 -24"><span class='ocrx_word' id='word_1_301' title='bbox 202 3857 251 3890; x_wconf 87' lang='lat' dir='ltr'>om.</span> <span class='ocrx_word' id='word_1_302' title='bbox 271 3840 297 3890; x_wconf 86' lang='lat' dir='ltr'><em>P</em></span> <span class='ocrx_word' id='word_1_303' title='bbox 311 3857 382 3908; x_wconf 82' lang='lat' dir='ltr'>supr.</span> <span class='ocrx_word' id='word_1_304' title='bbox 405 3858 454 3892; x_wconf 84' lang='lat' dir='ltr'>scr.</span> <span class='ocrx_word' id='word_1_305' title='bbox 475 3841 499 3892; x_wconf 81' lang='lat' dir='ltr'>&#39;l&#39;</span> <span class='ocrx_word' id='word_1_306' title='bbox 550 3843 585 3893; x_wconf 76' lang='lat'>20</span> <span class='ocrx_word' id='word_1_307' title='bbox 602 3841 735 3895; x_wconf 77' lang='lat' dir='ltr'>aduersus</span> <span class='ocrx_word' id='word_1_308' title='bbox 754 3842 805 3894; x_wconf 89' lang='lat' dir='ltr'>PT</span> <span class='ocrx_word' id='word_1_309' title='bbox 855 3845 887 3896; x_wconf 79' lang='lat' dir='ltr'>al</span> <span class='ocrx_word' id='word_1_310' title='bbox 908 3844 996 3911; x_wconf 87' lang='lat' dir='ltr'>adque</span> <span class='ocrx_word' id='word_1_311' title='bbox 1021 3844 1069 3896; x_wconf 75' lang='lat' dir='ltr'>Vll</span> <span class='ocrx_word' id='word_1_312' title='bbox 1120 3846 1155 3898; x_wconf 73' lang='grc'>22</span> <span class='ocrx_word' id='word_1_313' title='bbox 1174 3845 1301 3913; x_wconf 79' lang='lat' dir='ltr'>cogitant</span> <span class='ocrx_word' id='word_1_314' title='bbox 1321 3867 1353 3902; x_wconf 72' lang='lat' dir='ltr'>ea</span> 
     </span>
     <span class='ocr_line' id='line_1_37' title="bbox 203 3925 1354 4000; baseline 0.008 -22"><span class='ocrx_word' id='word_1_315' title='bbox 203 3925 362 3994; x_wconf 83' lang='lat' dir='ltr'>cogenitant</span> <span class='ocrx_word' id='word_1_316' title='bbox 381 3945 412 3979; x_wconf 84' lang='lat' dir='ltr'>ur.</span> <span class='ocrx_word' id='word_1_317' title='bbox 433 3927 457 3990; x_wconf 87' lang='lat'>1,</span> <span class='ocrx_word' id='word_1_318' title='bbox 475 3929 522 3979; x_wconf 80' lang='lat' dir='ltr'>sed</span> <span class='ocrx_word' id='word_1_319' title='bbox 543 3930 633 3980; x_wconf 81' lang='lat' dir='ltr'>deiude</span> <span class='ocrx_word' id='word_1_320' title='bbox 651 3931 677 3980; x_wconf 84' lang='lat' dir='ltr'>in</span> <span class='ocrx_word' id='word_1_321' title='bbox 702 3931 876 4000; x_wconf 76' lang='lat' dir='ltr'>‹littoproplu‘u</span> <span class='ocrx_word' id='word_1_322' title='bbox 896 3931 961 3983; x_wconf 80' lang='lat' dir='ltr'>insti</span> <span class='ocrx_word' id='word_1_323' title='bbox 988 3931 1107 3984; x_wconf 87' lang='lat' dir='ltr'>animam</span> <span class='ocrx_word' id='word_1_324' title='bbox 1136 3934 1298 3999; x_wconf 81' lang='lat' dir='ltr'>quaerendo</span> <span class='ocrx_word' id='word_1_325' title='bbox 1317 3963 1354 3974; x_wconf 94' lang='lat'><em>-</em></span> 
     </span>
     <span class='ocr_line' id='line_1_38' title="bbox 203 4012 1353 4097; baseline 0.009 -32"><span class='ocrx_word' id='word_1_326' title='bbox 203 4012 364 4081; x_wconf 75' lang='lat' dir='ltr'>cogitabunt</span> <span class='ocrx_word' id='word_1_327' title='bbox 379 4014 405 4065; x_wconf 87' lang='lat' dir='ltr'><em>V</em></span> <span class='ocrx_word' id='word_1_328' title='bbox 453 4015 572 4068; x_wconf 85' lang='lat' dir='ltr'>ultorem</span> <span class='ocrx_word' id='word_1_329' title='bbox 590 4016 712 4069; x_wconf 87' lang='lat' dir='ltr'>malitiae</span> <span class='ocrx_word' id='word_1_330' title='bbox 732 4032 766 4097; x_wconf 63' lang='lat' dir='ltr'>en</span> <span class='ocrx_word' id='word_1_331' title='bbox 785 4017 846 4081; x_wconf 79' lang='lat' dir='ltr'>(del.</span> <span class='ocrx_word' id='word_1_332' title='bbox 866 4036 898 4070; x_wconf 84' lang='lat' dir='ltr'>nr.</span> <span class='ocrx_word' id='word_1_333' title='bbox 918 4016 950 4082; x_wconf 74' lang='lat'>2)</span> <span class='ocrx_word' id='word_1_334' title='bbox 979 4018 1064 4085; x_wconf 84' lang='lat' dir='ltr'>ipsius</span> <span class='ocrx_word' id='word_1_335' title='bbox 1088 4018 1250 4072; x_wconf 86' lang='lat' dir='ltr'>Vultorem</span> <span class='ocrx_word' id='word_1_336' title='bbox 1269 4021 1353 4076; x_wconf 78' lang='lat' dir='ltr'>meli·</span> 
     </span>
    </p>
   </div>
   <div class='ocr_carea' id='block_1_3' title="bbox 202 4085 1355 4244">
    <p class='ocr_par' dir='ltr' id='par_1_3' title="bbox 202 4085 1355 4244">
     <span class='ocr_line' id='line_1_39' title="bbox 202 4085 1355 4170; baseline 0.01 -19"><span class='ocrx_word' id='word_1_337' title='bbox 202 4099 258 4152; x_wconf 68' lang='lat' dir='ltr'>ua</span> <span class='ocrx_word' id='word_1_338' title='bbox 276 4099 362 4168; x_wconf 82' lang='lat' dir='ltr'>ipsius</span> <span class='ocrx_word' id='word_1_339' title='bbox 382 4101 460 4153; x_wconf 80' lang='lat' dir='ltr'>ma·</span> <span class='ocrx_word' id='word_1_340' title='bbox 510 4103 545 4154; x_wconf 72' lang='lat' dir='ltr'>aa</span> <span class='ocrx_word' id='word_1_341' title='bbox 562 4103 636 4155; x_wconf 70' lang='lat' dir='ltr'>aean</span> <span class='ocrx_word' id='word_1_342' title='bbox 654 4103 721 4170; x_wconf 77' lang='lat' dir='ltr'>itaq.</span> <span class='ocrx_word' id='word_1_343' title='bbox 738 4085 770 4155; x_wconf 78' lang='lat' dir='ltr'>‘r</span> <span class='ocrx_word' id='word_1_344' title='bbox 819 4105 854 4158; x_wconf 80' lang='lat' dir='ltr'>aa</span> <span class='ocrx_word' id='word_1_345' title='bbox 871 4104 1004 4157; x_wconf 68' lang='lat' dir='ltr'>nummos</span> <span class='ocrx_word' id='word_1_346' title='bbox 1021 4104 1045 4158; x_wconf 73' lang='lat' dir='ltr'>u</span> <span class='ocrx_word' id='word_1_347' title='bbox 1094 4105 1147 4159; x_wconf 75' lang='lat' dir='ltr'>sni</span> <span class='ocrx_word' id='word_1_348' title='bbox 1166 4105 1315 4162; x_wconf 82' lang='lat' dir='ltr'>dominum</span> <span class='ocrx_word' id='word_1_349' title='bbox 1331 4110 1355 4163; x_wconf 81' lang='grc' dir='ltr'>ι’</span> 
     </span>
     <span class='ocr_line' id='line_1_40' title="bbox 204 4187 889 4244; baseline 0.012 -8"><span class='ocrx_word' id='word_1_350' title='bbox 204 4187 237 4236; x_wconf 75' lang='grc'>26</span> <span class='ocrx_word' id='word_1_351' title='bbox 256 4204 311 4240; x_wconf 94' lang='lat' dir='ltr'>non</span> <span class='ocrx_word' id='word_1_352' title='bbox 330 4206 377 4240; x_wconf 86' lang='lat' dir='ltr'>om.</span> <span class='ocrx_word' id='word_1_353' title='bbox 402 4189 426 4242; x_wconf 90' lang='lat' dir='ltr'><em>V</em></span> <span class='ocrx_word' id='word_1_354' title='bbox 477 4188 579 4244; x_wconf 84' lang='lat' dir='ltr'>iniuste</span> <span class='ocrx_word' id='word_1_355' title='bbox 603 4190 628 4242; x_wconf 91' lang='lat' dir='ltr'><em>V</em></span> <span class='ocrx_word' id='word_1_356' title='bbox 678 4191 762 4244; x_wconf 91' lang='lat' dir='ltr'>morti</span> <span class='ocrx_word' id='word_1_357' title='bbox 781 4192 837 4244; x_wconf 85' lang='lat' dir='ltr'>suis</span> <span class='ocrx_word' id='word_1_358' title='bbox 856 4193 889 4244; x_wconf 82' lang='lat' dir='ltr'>R.</span> 
     </span>
    </p>
   </div>
   <div class='ocr_carea' id='block_1_4' title="bbox 0 0 1405 4844">
    <p class='ocr_par' dir='ltr' id='par_1_4' title="bbox 0 0 1405 4844">
     <span class='ocr_line' id='line_1_41' title="bbox 0 0 1405 4844; baseline 0 0"><span class='ocrx_word' id='word_1_359' title='bbox 0 0 1405 4844; x_wconf 95' lang='lat' dir='ltr'> </span> 
     </span>
    </p>
   </div>
  </div>
 </body>
</html>
