2790 4844
207 222 270 287 448
546 221 665 274 saneti
689 221 822 274 Hilarii
847 221 1012 289 episcopi

206 413 353 496 eonsequi
376 412 484 477 morito
508 430 563 476 auo
585 410 704 491 potent,
727 410 787 474 nisi
810 409 1058 474 miserationibus
1082 410 1157 484 eius,
1186 409 1241 493 qui
1265 415 1354 494 pater

206 517 436 582 miserationum
471 520 526 589 est,
559 514 754 597 prouebetur.
800 515 858 579 soit
893 534 926 579 se
961 514 1113 596 prophete
1145 513 1289 579 nondum
1321 533 1355 578 ea

205 621 310 685 uiuere
333 621 404 696 uita,
429 639 499 702 quae
520 619 584 683 uita
606 619 660 695 sit;
685 638 776 683 nomo
798 618 881 683 enirn
905 625 1043 682 nostmm
1066 616 1135 689 hoo,
1163 618 1249 701 quod
1274 637 1354 682 nune

205 725 289 798 uiuit,
312 724 407 788 uitam
430 723 555 789 audebit
578 722 765 787 existimare.
811 742 891 787 nunc
916 723 998 787 enirn
1021 722 1053 786 in
1084 741 1212 803 corpore
1244 721 1354 788 mortis

166 848 320 895 asumus.
356 827 451 893 Paulo
486 827 624 892 dicente:
660 827 724 910 qni
764 847 822 892 me
860 826 1061 892 liberabit
1099 827 1145 892 de
1180 845 1353 910 corpore

207 933 351 997 mortis
377 930 520 996 huius?
565 937 596 996 et
617 930 678 994 hoo
702 931 804 1012 ipsum
827 932 938 996 eodem
960 931 1019 996 hoe
1042 929 1194 1013 propbeta
1215 935 1350 995 testante

206 1037 263 1101 ita:
299 1047 337 1101 et
371 1037 407 1099 in
444 1035 652 1117 puluerem
688 1036 830 1100 mortis
861 1035 1031 1101 deduxit
1054 1055 1122 1100 me.
1168 1034 1347 1099 ueraenim

205 1141 268 1205 uite
291 1148 488 1205 nostratum
513 1138 635 1204 Christo
658 1140 809 1205 absconsa
831 1147 879 1204 est
903 1140 934 1203 in
958 1140 1025 1204 deo.
1072 1141 1127 1204 sed
1146 1157 1251 1222 neque
1274 1136 1345 1213 hec,

205 1265 287 1309 nune
311 1246 343 1308 in
366 1264 427 1327 qua
450 1244 579 1327 agimus,
613 1244 700 1327 regio
724 1244 894 1308 uiuentium
928 1249 990 1308 est:
1026 1263 1062 1308 ea
1093 1251 1197 1309 autern
1229 1249 1287 1318 est
1309 1241 1345 1305 de

155 1378 180 1414 ιο
207 1348 432 1431 quohieidem
449 1347 669 1428 prophetabit:
695 1354 733 1412 et
755 1346 1093 1432 conplacebodeo
1116 1347 1155 1410 iu
1179 1346 1342 1431 regione

206 1453 395 1518 uiuorum.
442 1458 535 1535 atque
565 1452 635 1517 ideo
666 1453 796 1516 uiuam
827 1453 910 1522 dixit.
943 1452 1016 1534 quia
1046 1471 1107 1515 non
1141 1450 1173 1514 in
1195 1470 1255 1514 usu
1277 1448 1340 1513 uitae

206 1557 292 1621 istius
326 1557 409 1628 uiuit,
444 1557 500 1620 sed
533 1555 564 1619 in
600 1556 649 1620 dei
685 1556 723 1619 sit
754 1556 950 1620 miseratione
973 1555 1118 1619 uicimus.
1164 1555 1220 1617 sed
1243 1558 1336 1637 sperat

206 1661 298 1732 istud,
322 1660 394 1743 quia
416 1659 465 1724 lex
489 1660 539 1724 dei
563 1659 719 1724 meditatio
741 1659 806 1723 eius
829 1664 885 1724 est.
929 1678 1075 1724 uaoemus
1106 1658 1201 1742 igitur
1234 1655 1333 1722 diuina

206 1763 338 1840 lectioni,
372 1783 519 1828 ueeemus
552 1763 714 1843 praeeeptis
748 1763 798 1827 dei
832 1770 863 1829 et
896 1783 990 1844 opera
1020 1763 1099 1846 legis
1128 1762 1201 1826 uitae
1232 1764 1328 1825 nostro
1387 1776 1389 1795 ¹

155 1894 180 1932 15
207 1867 317 1932 officiis
342 1887 544 1950 exequamur:
569 1868 640 1950 quie
663 1874 790 1948 propter
813 1868 1043 1932 meditationem
1067 1866 1145 1950 legis
1162 1860 1328 1930 uenientoin

207 1992 241 2035 se
265 1971 379 2035 domini
403 1971 598 2036 miseratione
622 1977 726 2050 sperat
748 1991 782 2035 se
806 1970 957 2053 propbeta
979 1972 1140 2035 uicturum.

253 2075 301 2138 16.
327 2075 397 2140 Non
421 2087 468 2139 est
491 2095 564 2139 uero
587 2075 746 2139 sufficiens
778 2075 849 2140 huie
879 2075 1045 2156 prophetat,
1074 2082 1108 2138 ut
1138 2073 1197 2138 sibi
1226 2081 1323 2136 tantun

207 2178 355 2244 sollicitus
391 2179 430 2244 sit
463 2199 498 2243 ao
533 2178 632 2243 solum
667 2179 712 2243 sui
748 2198 868 2243 memor
902 2179 949 2243 sit.
995 2187 1115 2259 oportet
1141 2197 1211 2242 eum
1239 2185 1324 2240 curum

207 2282 334 2347 humani
359 2283 484 2367 generis
508 2302 630 2347 sumere
654 2289 685 2347 et
699 2282 829 2364 publieae
845 2282 1056 2348 sollicitudinis
1072 2282 1228 2349 adiectum
1242 2273 1327 2343 sutis

155 2415 180 2451 so
208 2395 238 2452 et
260 2407 348 2451 orare
372 2406 427 2470 pro
452 2385 508 2464 hie,
533 2386 638 2469 quiin
662 2387 796 2468 peccatis
820 2397 851 2451 et
874 2387 904 2450 in
927 2387 1161 2472 inreligiositate
1177 2387 1327 2452 uenenor-

207 2490 297 2554 huius
321 2491 424 2573 itaque
448 2490 587 2554 adfectus
607 2490 652 2553 sui
681 2489 919 2555 sollicitudinem
936 2492 1135 2575 eonsequenti
1151 2511 1241 2557 uersu
1256 2478 1332 2554 dpeet

208 2595 328 2658 dicens:
353 2593 660 2658 confundantur
683 2593 859 2674 superbi,
884 2592 1334 2676 quiiniquitetemtect·

207 2704 299 2761 runt
333 2716 454 2777 super
487 2717 551 2762 me.
596 2717 657 2761 non
688 2704 736 2762 est
759 2697 809 2761 hio
833 2697 987 2763 maledieti
1010 2698 1115 2775 oratio.
1138 2717 1238 2781 neque
1259 2679 1338 2761 rettl·

207 2802 364 2866 butionem
389 2800 507 2864 iniuriae
530 2800 588 2864 sibi
611 2801 714 2864 inlatae
738 2802 928 2885 depreeatur.
974 2808 1004 2866 et
1026 2801 1114 2876 absit
1143 2810 1176 2866 ut
1196 2789 1342 2886 prophet

155 2933 181 2971 sa
209 2905 361 2989 euangelii
386 2905 569 2988 praedioator
602 2905 752 2970 rationem
787 2905 976 2987 euangelicos
1005 2906 1141 2971 caritatis
1171 2886 1347 2971 euroesserit

208 3009 575 3074 dominoeuimdieeute:
600 3008 767 3092 diligite
789 3009 980 3074 inimicos
1003 2995 1353 3075 oestrosetoret⁰

208 3132 277 3196 pro
311 3112 659 3177 ealumniautibus
694 3112 810 3177 uobis
844 3113 921 3177 ratio
955 3133 1016 3178 non
1051 3113 1171 3195 patitur,
1201 3119 1234 3177 ut
1264 3101 1354 3176 n¹¹¹¹⁰

252 3237 268 3288 s
287 3236 365 3288 nom.
384 3234 443 3301 vn,
460 3238 501 3289 24.
538 3238 554 3287 7
573 3235 615 3288 rs.
634 3235 705 3302 nur,
726 3237 765 3289 ra.
805 3237 838 3289 ro
855 3235 898 3289 ns.
918 3234 1011 3302 ortu,
1030 3239 1054 3290 o.
1089 3238 1124 3291 sa
1142 3235 1240 3290 natu.
1255 3233 1288 3296 v,
1306 3209 1355 3269 ⁴⁴·

231 3340 340 3393 =2soit
357 3339 493 3407 propheta
517 3338 595 3409 Vstpe
648 3339 771 3392 nondum
791 3355 819 3391 se
838 3355 871 3392 ea
885 3341 921 3409 pb
974 3339 1068 3393 linita
1093 3339 1214 3395 sitadd.
1231 3326 1301 3392 soff
1326 3302 1356 3364 V

208 3426 304 3493 liquis
324 3427 391 3492 (pr)
408 3427 442 3492 cf.
466 3445 491 3494 p.
515 3425 572 3488 111,
592 3426 627 3477 10
679 3425 810 3480 liberauit
835 3425 859 3478 V
909 3424 1083 3480 'ideduxisti
1102 3427 1199 3499 Repu
1246 3412 1355 3480 ΘΜ

209 3565 321 3617 condita
338 3566 418 3617 estb'
468 3563 496 3615 in
516 3558 608 3633 drffip
661 3566 677 3614 9
700 3581 772 3617 nnnc
796 3565 928 3632 inquam
952 3528 1038 3618 ann
1065 3583 1120 3634 qua
1146 3563 1183 3621 fi'o
1197 3585 1219 3637 p
1243 3565 1271 3618 in
1289 3547 1355 3622 lu,

208 3652 308 3704 nunob
362 3652 392 3704 11
413 3652 597 3719 nonusut'pb
652 3652 684 3702 12
702 3650 809 3721 uiuatp
863 3653 896 3705 13
914 3651 1021 3704 istutV
1072 3653 1106 3706 16
1124 3624 1349 3721 exaequamura

209 3737 337 3790 ueniente
356 3754 386 3788 ez
405 3737 497 3789 uenite
512 3755 533 3806 p
551 3737 708 3790 uenientem
727 3756 756 3789 eu
774 3737 903 3791 ueniente
921 3756 953 3791 m.
967 3736 1027 3790 211
1077 3740 1110 3792 lo
1128 3734 1292 3793 miserationi

210 3824 242 3874 17
262 3840 327 3875 uera
348 3827 369 3874 (.’
420 3822 559 3875 suffioiens
586 3822 650 3876 huie
669 3823 793 3891 profetae
812 3829 844 3877 ut
862 3823 915 3877 sibi
933 3828 962 3876 tr'e
979 3822 1120 3879 sufficiens
1139 3825 1296 3895 sitopostst
1312 3801 1346 3871 p(

209 3911 243 3963 20
261 3917 289 3962 et
298 3908 510 3977 inreligiositate
527 3910 618 3978 Vt'pE
650 3912 684 3963 22
703 3910 767 3977 quia
776 3910 878 3965 iniuste
887 3911 1064 3978 iniquitatem
1074 3912 1171 3982 Repu
1209 3915 1244 3967 28
1260 3907 1329 3965 oratio

209 4027 268 4094 (ora
287 4032 312 4081 in
332 4029 394 4095 ros.)
415 4032 439 4083 R
457 4031 529 4084 ratio
548 4048 578 4083 ex
596 4031 684 4084 oratio
703 4030 774 4084 nu?
802 4032 825 4083 V
884 4006 1090 4086 retribulatione
1111 4033 1134 4085 (Ὗ
1183 4035 1220 4088 24
1237 4035 1336 4104 deprae-

210 4123 289 4168 eatur
308 4117 333 4168 R
359 4124 490 4185 precatur
518 4116 678 4185 (praecatur
702 4118 736 4180 V)
761 4118 852 4188 VCpE
902 4119 937 4171 27
955 4134 1004 4171 nos
1025 4119 1086 4189 (pb,
1104 4138 1154 4174 om.
1173 4139 1203 4182 e‚·
1219 4121 1342 4192 posteoE

210 4205 270 4254 eald.
289 4220 320 4256 ao
338 4205 568 4272 persequentibus
587 4222 643 4257 uos.
