2790 4844
573 292 768 346 Praefatio.
1183 294 1238 358 XV

79 497 210 557 nocant,
235 484 293 549 sed
309 485 383 564 ipsae
399 484 491 548 etiam
510 485 540 548 in
559 491 675 548 textum
699 488 830 563 receptae
854 484 996 548 codicum
1014 484 1102 567 siglis
1125 484 1239 549 additis

81 597 280 653 notarentur.
326 589 378 653 ubi
402 588 480 652 Vin
507 588 575 652 eius
597 587 722 672 generis
752 588 970 670 sartaginibus,
999 596 1034 652 ut
1062 590 1105 653 ita
1128 589 1239 667 dicam,

83 713 188 773 prauos
222 693 379 757 interdum
413 691 564 757 uocabula
587 690 652 756 sola
674 713 712 756 er
734 692 816 756 ueris
840 691 1006 757 Hilarionis
1036 694 1179 771 seruauit,
1203 713 1241 758 ea

84 798 212 862 uncinis
235 795 355 861 inclusa
378 796 540 876 adscripsi.
586 795 668 878 quod
691 796 865 861 remedium
887 795 946 860 nisi
963 795 1069 860 inillis
1092 797 1240 877 pertibus,

85 924 158 985 quar
183 923 222 965 ex
246 901 339 966 rebus
362 901 510 980 expositis
533 920 616 964 nunc
639 900 783 965 omnibns
807 907 886 964 notae
908 906 986 975 sunt,
1018 900 1239 975 adhibuissem,

85 1013 182 1078 certe,
215 1026 276 1069 non
307 1005 409 1070 dicam
441 1004 662 1087 perspicuitati,
693 1006 748 1069 sed
772 1005 829 1084 ipsi
855 1005 945 1068 etiam
971 1005 1113 1069 breuitati
1138 1007 1240 1070 minus

86 1110 333 1186 consuluissem,
358 1109 431 1192 quid
457 1109 543 1173 enim
563 1108 645 1174 aliud
662 1109 800 1173 restabat
822 1107 895 1172 illud
920 1109 1092 1173 remedium
1114 1111 1241 1173 euitanti

85 1235 184 1298 cruam
220 1214 389 1279 sescenties
426 1214 537 1277 eadem
569 1213 666 1278 uerba
696 1219 837 1292 repetere
867 1211 976 1277 ueluti:
1010 1212 1061 1293 ,la
1085 1212 1103 1277 l.
1127 1212 1153 1276 G
1179 1213 1241 1297 legi

86 1338 150 1381 nou
176 1319 296 1397 potest“
332 1316 382 1382 uel
419 1316 515 1399 ,n..l.
542 1317 569 1378 V
594 1317 719 1381 mutilus
754 1323 802 1381 est
835 1322 928 1399 atqua
958 1316 1178 1397 interpolatus‘
1211 1324 1243 1381 et

86 1442 158 1505 quer
183 1422 249 1485 eius
273 1421 356 1485 modi
380 1427 452 1485 sunt
475 1421 640 1499 similial¹l
665 1421 778 1485 deinde
793 1440 864 1484 eum
883 1421 956 1484 milri
973 1421 1073 1500 primo
1089 1421 1242 1485 sermonis

87 1525 242 1589 Hilariani
265 1525 479 1606 proprietates,
506 1545 555 1589 res
578 1524 827 1608 orthographicas
850 1533 944 1606 atque
960 1524 1025 1589 eius
1040 1544 1064 1588 s.
1081 1525 1241 1608 scripturae

85 1631 362 1710 interpretationes
385 1649 423 1694 ex
445 1629 584 1713 antiquis
608 1629 764 1694 eodIcibus
788 1629 995 1698 restituendae.
1026 1637 1177 1708 praterea
1200 1635 1243 1693 tot

85 1734 257 1798 sentencia
290 1736 476 1813 optimomm
513 1732 660 1798 libromm
696 1733 836 1813 apicibus
866 1732 1014 1797 adhibitis
1038 1734 1242 1798 emendandae

84 1844 197 1903 essent
220 1838 395 1920 sciremque
419 1857 479 1901 non
506 1836 679 1921 plrilologos
703 1836 785 1901 solos
808 1838 891 1902 bunc
915 1835 1028 1901 librum
1051 1837 1139 1901 nouis
1162 1839 1244 1901 curis

84 1944 211 2007 editum
236 1943 422 2011 desiderare.
448 1942 528 2006 baud
555 1943 741 2022 superfluum
767 1961 837 2006 esse
860 1942 964 2022 putaui
988 1960 1041 2007 eas
1064 1941 1244 2024 similesque

83 2067 148 2121 res,
174 2065 245 2128 quae
268 2066 328 2110 uon
349 2047 516 2130 unicuique
550 2047 656 2111 stetim
692 2046 867 2126 conspicuae
901 2050 981 2122 sunt,
1015 2045 1164 2110 librorum
1194 2045 1243 2109 uel

83 2150 280 2224 libellorum,
313 2151 366 2214 nbi
390 2152 567 2215 accuratius
591 2163 661 2215 sunt
684 2150 855 2230 explicatae,
880 2149 974 2214 titulis
998 2149 1151 2214 adiunctis
1174 2169 1243 2215 con-

83 2254 251 2334 firrnari.²l
297 2254 431 2337 denique
467 2274 535 2319 cum
568 2255 599 2318 in
634 2254 693 2319 hoc
728 2274 819 2334 opere
855 2254 1020 2326 interdum,
1055 2254 1108 2317 ubi
1143 2253 1244 2334 plures

83 2360 281 2440 optimorum
305 2359 446 2422 codicum
472 2364 525 2423 aut
550 2378 659 2422 omnes
682 2378 738 2422 nos
762 2357 933 2423 destituunt
960 2359 1009 2422 uel
1040 2358 1140 2422 manci
1165 2364 1246 2439 sunt,

83 2464 224 2547 quidam
248 2483 284 2527 ex
308 2463 353 2528 iis.
377 2463 430 2545 qni
454 2469 546 2527 aetate
570 2463 731 2545 pretioque
755 2462 886 2543 proximi
911 2472 990 2539 sunt,
1012 2462 1096 2525 uiam
1112 2464 1243 2544 quodam

84 2568 187 2632 modo
212 2571 387 2631 monstrare
403 2568 549 2645 debeant,
572 2567 675 2631 fecere
698 2586 758 2630 non
783 2565 874 2645 potui.
898 2566 973 2649 quin
998 2571 1155 2630 eteorum
1180 2565 1245 2628 ubi-

83 2692 152 2755 que
191 2670 362 2754 imaginem
398 2671 607 2751 exprimerem
641 2671 684 2734 ita
718 2675 801 2734 certe
834 2669 939 2746 fidum,
973 2675 1007 2733 ut
1037 2670 1247 2752 unusquisque

84 2775 242 2840 iudicium
268 2777 349 2839 serre
372 2781 478 2856 posset
495 2777 716 2855 incorruptum.
763 2783 899 2839 ceteram
917 2793 968 2837 me
985 2774 1015 2836 in
1033 2771 1145 2837 talibus
1161 2772 1247 2837 libris

86 2880 318 2949 exscribendis.
352 2881 405 2946 nbi
441 2880 544 2960 plures
579 2888 610 2944 et
643 2879 826 2943 uetustiores
862 2883 957 2942 testes
991 2879 1128 2953 aderant,
1167 2876 1247 2941 ultra

87 2985 225 3048 modum
248 3003 309 3048 non
332 3004 498 3067 egressum
523 3003 591 3049 esse
615 2983 677 3047 iam
701 2982 888 3062 supradixi.
957 3035 965 3053 ,

140 3088 259 3170 Itaque,
282 3107 322 3153 ne
345 3087 453 3171 loquar
477 3088 516 3151 de
542 3086 604 3153 illis
627 3086 717 3151 lruins
741 3087 841 3167 operis
865 3086 1013 3165 partibus,
1037 3086 1067 3148 in
1092 3085 1247 3169 quibusR

88 3192 144 3257 uel
171 3191 215 3255 Vr
245 3191 293 3256 uel
318 3191 374 3256 RD
407 3191 463 3257 soli
496 3192 584 3257 nobis
615 3191 810 3268 subueniunt,
845 3190 884 3255 de
916 3188 1042 3273 reliquis
1072 3189 1247 3272 generatim

88 3303 192 3379 atque
215 3296 382 3361 uniuersim
420 3295 469 3361 lrae
504 3296 593 3379 leges
624 3295 800 3360 sanciendae
830 3294 984 3367 uidentur,
1015 3300 1048 3358 ut
1070 3294 1185 3360 codicis
1210 3293 1246 3361 G,

88 3400 147 3465 nbi
183 3402 280 3466 deest.
315 3401 414 3464 uicem
451 3419 622 3466 consensus
654 3398 764 3463 VRPT
800 3400 842 3462 liu
880 3398 928 3462 Ps.
964 3395 1097 3461 CXVIII
1129 3395 1246 3476 VROp)

88 3503 238 3584 suppleat
260 3524 303 3581 ae,
327 3505 352 3568 si
377 3505 410 3568 bi
436 3504 496 3586 ipsi
519 3505 600 3569 inter
615 3523 649 3567 se
665 3503 850 3582 dlecrepant,
875 3522 1018 3566 sermone
1035 3500 1193 3564 Hilariano
1218 3510 1248 3565 et

87 3627 236 3674 errorum
262 3608 396 3672 lontibus
423 3609 503 3672 bene
528 3607 701 3672 obseruatis
721 3607 902 3689 plerumque
927 3607 945 3668 ii
970 3604 1152 3684 praeferendi
1178 3606 1248 3698 sint,

87 3714 281 3798 quibuscum
307 3711 331 3775 R
363 3711 445 3776 fecit.
498 3710 602 3793 TCpA
634 3711 685 3777 ubi
714 3710 771 3776 soli
801 3710 963 3774 lectionem
996 3709 1129 3785 tradunt,
1160 3714 1248 3772 cante

87 3817 266 3883 adhibendi
290 3824 374 3892 sunt;
400 3836 471 3881 uam
498 3816 556 3881 etsi
581 3815 838 3898 leues'quosdam
857 3833 986 3880 errores.
1011 3813 1042 3875 id
1058 3813 1139 3894 quod
1156 3830 1248 3890 supra

141 4097 162 4155 ¹}
183 4096 233 4148 nix
253 4101 344 4148 autern
364 4101 405 4147 est
424 4095 499 4163 quod
517 4094 607 4147 dicam
633 4093 667 4145 iis
693 4092 768 4158 locis,
797 4092 844 4144 ubi
872 4108 979 4144 errores
999 4107 1014 4141 a
1035 4090 1091 4143 GV
1107 4088 1246 4141 commissi

89 4183 320 4247 notandierant,
339 4182 522 4250 inapparatu
541 4198 588 4234 eos
607 4180 679 4234 soloe
698 4179 842 4232 nominari.
897 4176 918 4243 ²)
938 4178 971 4230 ci.
1000 4176 1121 4228 indicem
1148 4175 1247 4227 horum

90 4273 237 4326 lssarornm
255 4276 284 4322 et
302 4268 375 4337 sigla
394 4269 521 4324 adhibita
539 4286 613 4336 supr.
633 4285 659 4335 p.
678 4267 736 4320 VII.
