2790 4844
211 231 275 297 816
560 230 678 284 sancti
696 229 834 282 Hilarii
853 230 1017 298 episcopi

158 453 164 465 ·
255 422 283 484 li.
307 421 421 485 Manus
445 421 541 503 igitur
564 420 630 484 eius
653 420 771 485 edocta
793 422 833 485 ad
856 419 972 484 bellurn
1005 428 1089 497 sunt,
1127 442 1205 486 oum
1232 422 1367 488 saeculum

211 527 322 591 uincit:
359 546 432 608 ego
467 526 579 603 enim,
613 526 664 602 ait,
698 525 780 591 uici
812 525 1015 602 mundum;
1052 545 1125 590 cum
1164 528 1368 592 extensnsin

212 734 347 811 suisti,
370 735 479 818 inquit,
505 743 545 798 ut
576 754 709 799 arcum
740 754 882 799 aereum
907 734 1080 799 brachia
1105 755 1217 815 mea;
1239 755 1312 801 cum
1333 736 1365 799 de

174 866 186 900 s
213 839 357 903 omnibus
379 838 543 903 uirtutibus
567 858 603 903 ac
624 838 829 919 potestatibus
852 839 883 902 in
906 838 974 922 ipsa
999 839 1052 903 se'
1069 846 1193 920 tropaeo
1230 839 1365 925 gloriose

102 971 104 975 ’
214 943 314 1008 crucis
349 942 533 1023 triumphat:
569 949 606 1007 et
639 943 900 1024 principatus
938 951 976 1007 ct
1011 949 1256 1023 potestates
1291 944 1361 1009 enirn

214 1048 500 1113 traduxitcum
524 1048 680 1112 fiducia
703 1047 961 1129 triumphans
981 1066 1048 1111 eos
1065 1048 1107 1111 in
1124 1049 1361 1129 semetipsa

215 1172 283 1217 cum
321 1152 504 1216 dissidentia
534 1152 614 1216 inter
637 1172 670 1216 sc
694 1151 828 1217 caelestia
850 1158 881 1217 et
903 1159 1025 1216 terrena
1059 1151 1227 1231 pacificat:
1262 1160 1299 1217 et
1327 1153 1358 1215 in

214 1258 310 1337 ipso,
334 1256 440 1339 inquit
464 1255 732 1321 reconciliari
767 1255 901 1320 omnia
932 1255 971 1319 in
1006 1275 1102 1338 enm,
1128 1257 1357 1336 pacificans

164 1390 187 1425 ιο
215 1381 285 1441 per
307 1360 549 1444 sanguinem
573 1360 709 1425 crucis
739 1380 817 1425 snae
840 1361 927 1425 siue
951 1378 1036 1443 quae
1070 1359 1112 1424 in
1136 1369 1254 1426 terra
1276 1366 1356 1425 sunt

215 1466 303 1530 siue
341 1484 425 1548 quaa
461 1464 499 1528 in
536 1463 657 1529 caelis.
705 1465 743 1527 ad
779 1464 837 1529 hoc
870 1450 966 1548 igitur
1000 1462 1117 1529 bellum
1155 1485 1269 1530 manus
1300 1465 1353 1529 eius

216 1571 331 1634 edoctae
347 1575 425 1644 sunt,
443 1569 473 1632 in
490 1589 550 1651 quo
566 1548 656 1633 araus
672 1569 743 1633 aerci
760 1569 929 1634 certamino
944 1569 1082 1641 uincunt,
1107 1568 1351 1634 dehonestatione

215 1680 354 1754 potentes
385 1671 622 1753 triumphantur,
653 1693 730 1753 paco
760 1673 997 1738 reconciliantur
1030 1672 1171 1737 inimica.
1219 1675 1273 1738 sed
1294 1684 1349 1752 post

215 1797 361 1842 manuum
392 1776 504 1841 bellum
537 1778 677 1842 succedit
700 1783 731 1842 et
753 1778 916 1860 digitorum
949 1775 1101 1857 prolium.
1147 1778 1252 1842 omnis
1279 1775 1347 1840 enim

166 1908 189 1944 rs
216 1883 247 1946 in
282 1903 317 1946 eo
352 1880 478 1946 habitus
513 1889 544 1946 et
577 1902 683 1966 pugna
715 1882 869 1962 passionis
902 1881 1084 1946 ostenditur.
1133 1901 1246 1946 manus
1277 1879 1345 1944 enin

216 1987 422 2052 extenduntur
445 1995 476 2051 st
498 1985 587 2069 digiti
608 1986 806 2069 configuntur
820 1986 851 2050 in
868 1984 994 2066 palmis:
1018 1993 1109 2050 uetus
1126 1984 1246 2051 scilicet
1259 1983 1344 2049 chiro·

216 2089 372 2175 graphum
406 2091 573 2154 secuudum
604 2088 776 2170 apostolum
808 2089 915 2154 delens
946 2096 977 2154 et
998 2088 1143 2174 adfigens
1176 2089 1249 2153 iliud
1277 2085 1342 2151 cruci

217 2195 309 2260 etiam
334 2214 387 2259 eas
411 2200 515 2274 partes
538 2214 687 2258 manuum
710 2200 930 2259 commemorat
951 2193 983 2257 in
1007 2193 1127 2274 proelio,
1155 2214 1226 2258 cum
1250 2191 1342 2275 quibus

217 2299 320 2364 omnia
343 2305 480 2363 ueterum
506 2298 668 2362 criminum
692 2304 819 2378 peccata
842 2298 962 2362 confina
984 2309 1065 2362 sunt.

166 2478 190 2514 no
263 2457 290 2519 5.
314 2454 434 2519 Dehinc
457 2455 611 2538 sequitur:
647 2454 935 2519 misericordia
970 2473 1053 2518 mea
1087 2459 1125 2517 et
1154 2451 1338 2536 refugium

219 2580 350 2629 meum.
389 2566 604 2640 susceptor
642 2579 749 2624 mens
787 2566 825 2624 et
859 2558 1059 2623 liberator
1093 2577 1203 2622 meus
1235 2576 1273 2621 cs
1300 2559 1337 2627 tu,

217 2672 430 2744 protector
460 2684 567 2728 inens
598 2669 636 2728 ct
666 2663 704 2727 in
736 2664 823 2744 ipso
847 2662 1022 2747 sperani.
1068 2653 1337 2727 carentistadiifi·

217 2769 338 2834 cultore.
385 2768 489 2832 omnia
512 2768 594 2832 enim
618 2768 649 2831 in
673 2766 843 2851 euangeliis
867 2767 926 2832 ista
947 2772 1037 2850 gesta
1058 2766 1096 2830 ab
1113 2786 1148 2830 eo
1163 2771 1254 2849 atquc
1275 2761 1337 2826 dicta

218 2879 296 2949 sunt,
337 2878 371 2936 ut
404 2871 553 2938 honorem
589 2873 757 2937 maiestatis
792 2879 927 2952 paternos
950 2891 1006 2951 per
1028 2869 1213 2935 humilitatis
1245 2874 1336 2931 nostra

167 2995 191 3032 sa
219 2976 454 3053 consessionem,
478 2996 609 3061 quorum
634 2975 774 3040 habiturn
798 2976 1021 3056 adsumpserat,
1046 2975 1233 3054 praedicaret

264 3134 292 3196 6.
318 3132 398 3197 Illud
421 3140 532 3211 samm,
569 3135 650 3216 quod
674 3133 729 3197 ait:
765 3132 977 3197 subiciens
1012 3129 1200 3211 populum
1233 3139 1333 3192 meum

219 3239 291 3302 sub
315 3259 382 3320 me,
407 3258 467 3301 non
491 3257 528 3301 ex
551 3258 684 3318 persona
712 3237 802 3300 unius
833 3235 949 3300 Iudaici
979 3234 1081 3316 populi
1118 3235 1231 3299 dictum
1252 3225 1334 3295 existi·

220 3345 368 3407 mandam
404 3351 459 3419 est,
495 3362 564 3407 cum
599 3341 832 3406 uniuersitatem
865 3339 1003 3405 ccclesiae
1034 3358 1128 3403 unum
1159 3335 1292 3417 populum
1310 3329 1333 3391 ifl

221 3447 338 3529 psalmo
376 3447 435 3511 alio
473 3446 699 3527 nuncupauerit
736 3445 859 3510 dicens:
904 3442 1093 3525 populus,
1133 3460 1244 3525 quem
1276 3449 1331 3498 11⁰ss

168 3569 192 3606 ³0
221 3551 401 3636 cognom,
426 3551 602 3616 seruiuit
626 3550 736 3614 mihi.
782 3550 863 3632 quod
887 3554 991 3614 autem
1015 3548 1107 3612 etiam
1132 3545 1191 3617 nic,
1215 3542 1260 3627 qui
1280 3554 1331 3601 eum

263 3761 355 3815 aloh.
375 3760 447 3827 XVI,
466 3761 507 3814 33.
544 3759 683 3812 6001011.
702 3759 736 3824 Π,
757 3759 797 3812 lo.
833 3755 970 3810 80010ss.
987 3756 1008 3822 1,
1026 3757 1069 3811 20.
1105 3757 1140 3810 29
1158 3754 1200 3808 Ps.
1216 3749 1288 3814 XVII.
1301 3745 1332 3795 ⁴⁶·

264 3951 470 4020 sparsionibus
483 3951 509 4003 a
562 3947 737 4016 introitura)
752 3948 796 4001 er
848 3933 1037 4013 abacista
1052 3945 1078 3999 o
1130 3930 1335 4013 simpnaossss

219 4045 316 4106 tropea
337 4038 362 4090 G
415 4037 576 4091 dtriumsat
593 4037 648 4089 'GR
703 4038 736 4089 12
754 4035 871 4089 uincunt
891 4034 917 4086 G
943 4033 1065 4087 uincitur
1092 4033 1148 4086 RE
1201 4033 1230 4084 13
1247 4021 1334 4082 inimic·

222 4125 274 4177 GR
298 4125 405 4178 inimici
430 4126 457 4177 E
519 4127 551 4178 16
578 4125 607 4176 in
634 4123 746 4192 psalmis
776 4122 801 4175 G
854 4120 1023 4189 cirogressum
1051 4118 1077 4171 G
1104 4104 1334 4188 cyrographumd

220 4215 254 4266 ‘26
273 4212 410 4265 subiciens
430 4239 462 4247 -
483 4211 576 4264 dicens
596 4213 707 4263 omisisse
724 4209 837 4262 uidetur
858 4209 883 4262 G
934 4210 969 4264 28
986 4207 1014 4259 in
1034 4224 1082 4259 om.
1102 4207 1136 4260 R
