2790 4844
148 271 211 336 696
487 270 605 323 saneti
629 268 764 323 Hilarii
788 256 951 339 episcopi

148 466 377 527 consummatur
400 460 430 524 in
454 459 553 524 laude.
599 464 630 524 θῖ
649 447 715 524 laus
733 479 795 524 non
810 459 985 540 incipienda
1008 461 1142 526 oonloso
1168 470 1226 540 θεῖ,
1250 463 1301 527 sed

147 565 254 630 ordine
277 583 313 629 ae
336 564 428 628 modo
450 563 627 629 oonfilanda
649 571 704 628 θεῖ.
749 562 809 628 hoo
842 563 925 628 enim
948 565 1085 645 primum
1122 573 1191 631 esi:
1226 566 1300 631 lao-

149 669 241 732 dale
264 687 402 732 nornen
427 666 587 732 domini.
634 686 746 732 noman
770 688 845 753 ergo
867 668 984 733 domini
1007 669 1151 759 primum
1177 670 1299 735 laudare

149 773 359 843 admonemur.
383 772 456 855 quia
479 772 554 836 daus
578 772 645 836 caeli
669 772 716 847 εἰῖ,
740 772 813 855 quia
835 772 911 837 deus
935 780 1024 837 terrae
1047 774 1097 850 sit,
1122 774 1203 858 qnia
1225 776 1299 839 dous

109 902 122 939 a
150 876 257 941 mundi
282 877 329 951 sil,
354 876 425 958 quia
447 876 533 949 deus,
558 877 639 960 quod
663 875 737 940 fidei
760 880 874 940 nostre
897 884 928 940 θῖ
950 876 1015 956 spei
1048 879 1216 958 proprium
1245 883 1297 949 θεῖ,

149 979 286 1045 Abrahae
320 984 351 1044 θῖ
384 979 475 1044 Isaao
509 987 540 1044 θῖ
574 969 666 1044 Ιθθθῖ)
701 979 748 1044 εἰῖ.
800 980 830 1044 in
865 978 914 1044 his
948 979 1032 1044 enim
1068 981 1212 1061 primum
1245 982 1298 1046 deo

150 1083 215 1149 laus
238 1088 294 1149 θεῖ.

193 1257 222 1322 3.
246 1257 386 1342 Sequens
398 1277 471 1320 uero
484 1263 672 1338 preceptum
685 1263 747 1322 est:
772 1256 1060 1322 laudaleserni
1079 1258 1296 1323 dominum

150 1382 205 1443 par
228 1361 436 1446 cognitionem
461 1362 594 1427 nominis
618 1361 667 1426 dei
684 1362 723 1425 ad
740 1361 903 1427 scientiam
919 1361 985 1426 eius
1000 1359 1194 1442 proficimus.
1238 1361 1295 1426 hm

98 1489 123 1526 ιο
150 1466 235 1531 enim
258 1486 318 1531 non
342 1486 452 1530 nornen
470 1466 596 1539 domini,
619 1466 675 1530 sed
692 1466 851 1530 dominum
875 1465 1036 1529 laudamus
1060 1479 1294 1549 eognosoanaas

150 1591 205 1636 eur
227 1572 304 1635 deus
327 1569 394 1634 eali
417 1570 464 1646 sit,
495 1590 549 1635 our
572 1570 646 1635 deus
669 1575 759 1634 terrae
782 1569 831 1645 εἰῖ,
862 1588 916 1634 our
939 1569 1015 1633 deus
1038 1570 1150 1634 mundi
1174 1571 1222 1645 sit,
1245 1588 1295 1635 eur

151 1676 227 1740 daus
250 1673 387 1738 Abrahae
410 1668 552 1738 or‘lsaao
576 1680 607 1738 θῖ
630 1673 724 1738 Iacob
740 1675 787 1739 εἰῖ
833 1672 901 1738 haeo
917 1674 998 1738 anim
1017 1672 1155 1753 primum
1176 1671 1292 1755 puerilis

151 1779 299 1843 doctrina
322 1778 498 1843 rudimenta
522 1779 709 1862 transgressi
733 1779 827 1843 deum
849 1797 908 1842 non
925 1778 985 1841 iam
1004 1797 1058 1858 por
1077 1777 1288 1843 obmdientiam

151 1883 352 1960 subditorum,
390 1884 445 1948 sed
483 1904 537 1964 per
579 1884 728 1947 inmensae
765 1883 888 1947 uirurtis
926 1903 988 1947 suae
1028 1880 1286 1966 magnifioeutism

98 2007 123 2043 ιε
152 1986 311 2052 laudamus
335 1992 366 2052 θῖ
389 1986 550 2052 laudamus
573 1986 654 2051 serui
678 1986 759 2064 oius;
783 2005 883 2069 neque
899 1985 999 2050 solum
1027 1986 1193 2051 seruieins
1216 1983 1284 2048 nudo

151 2097 268 2155 tantum
294 2091 494 2174 professionis
517 2096 629 2155 noslrae
652 2090 800 2155 uocabulo
831 2091 1005 2171 nuncupati.
1036 2090 1093 2155 sad
1123 2095 1239 2154 slantes
1257 2086 1281 2149 in

150 2195 242 2262 domo
266 2195 338 2271 eius,
369 2195 432 2259 iam
457 2214 515 2258 non
540 2195 612 2278 uagi
636 2214 735 2278 noque
758 2194 889 2271 erralioi,
911 2191 968 2260 'sed
983 2194 1133 2258 stantium
1151 2191 1279 2257 firmitate

150 2298 291 2374 stabilita
316 2318 417 2382 neque
441 2301 656 2364 tantummodo
679 2305 805 2371 slantes,
829 2298 999 2363 sedetiam
1023 2298 1054 2362 in
1078 2296 1157 2361 atrio
1179 2290 1276 2360 domini

151 2403 201 2468 dei
223 2404 327 2477 nostri,
351 2403 480 2468 intarnae
503 2405 605 2483 potius
628 2409 660 2468 θῖ
682 2403 795 2467 madiae
818 2403 927 2467 domus
951 2403 1026 2466 sede
1050 2401 1194 2481 suscepti.
1232 2414 1274 2477 per

99 2524 124 2562 ao
151 2505 235 2573 huno
258 2507 353 2591 igilur
382 2507 522 2572 ordinem
546 2528 564 2570 a
587 2507 685 2572 seruis
708 2514 740 2571 θῖ
762 2528 780 2570 a
802 2506 955 2570 stantibus
978 2505 1011 2570 in
1034 2505 1125 2569 domo
1148 2510 1232 2587 alque
1248 2498 1271 2561 in

151 2611 228 2677 atrio
252 2611 318 2676 laus
340 2611 512 2676 inchoatur.

97 2794 100 2802 '
195 2784 223 2848 4.
247 2783 435 2849 Laudandus
466 2785 542 2849 deus
572 2785 611 2848 ob
643 2784 674 2850 id
705 2789 760 2860 θεῖ,
795 2782 867 2868 quia
892 2782 1044 2867 benignus
1068 2788 1123 2847 θεῖ.
1166 2796 1228 2843 nam
1245 2778 1268 2836 ul

152 2888 347 2969 omnipotens
371 2889 418 2965 sit,
441 2896 556 2952 naturae
587 2908 650 2952 suae
674 2888 769 2953 uirtus
793 2893 856 2963 esl;
888 2893 923 2952 ul
955 2906 1029 2951 uero
1060 2886 1208 2969 benignus
1231 2877 1266 2948 sil

152 2992 241 3057 nobis
275 2992 485 3057 necessarium
521 3000 576 3068 θεῖ,
611 3011 688 3076 quos
723 2992 858 3073 eorporis
892 2989 1057 3055 infirmitas
1091 2999 1123 3056 εῖ
1154 2980 1268 3053 eondiois

100 3115 126 3153 aa
152 3097 281 3181 originis
304 3096 335 3161 in
360 3096 494 3177 peccatis
518 3097 644 3161 detinet.
689 3102 720 3161 θῖ
743 3096 818 3178 qnid
841 3094 908 3176 spei
931 3102 979 3160 θεῖ
1001 3094 1147 3160 humanis
1165 3084 1270 3157 doletis

152 3201 178 3265 si
202 3200 377 3284 benigniias
401 3201 457 3264 deo
481 3201 583 3265 absit?
627 3201 682 3264 sad
705 3200 856 3264 diolorum
882 3199 960 3264 ratio
983 3196 1207 3264 consideranda
1226 3196 1272 3259 θεῖ
1330 3208 1332 3217 ·

153 3324 287 3388 namque
325 3305 377 3388 qui
410 3303 583 3369 laudandus
622 3310 678 3380 θεῖ,
715 3304 788 3387 quia
822 3303 975 3388 benignus
1009 3309 1065 3379 θεῖ,
1103 3298 1277 3383 psallendum

151 3409 268 3474 nomini
293 3409 357 3473 eius
388 3415 443 3486 θεῖ,
478 3410 551 3492 quia
581 3428 676 3473 suana
707 3415 760 3473 θεῖ
805 3407 976 3488 psallite
1009 3406 1163 3471 nomini
1197 3403 1279 3478 eius,

150 3514 339 3597 quoniam
374 3533 496 3577 suane
530 3520 599 3577 θεῖ.
646 3512 818 3593 psallite
845 3511 896 3575 ubi
930 3510 1049 3588 dicitur,
1085 3511 1127 3601 ad
1161 3503 1285 3591 eorporis

196 3774 357 3859 leonianae
378 3771 404 3836 (a
422 3776 449 3826 in
467 3771 531 3839 ror.)
552 3773 576 3824 Ρ
626 3771 944 3826 dhabrahaePabraaa
959 3768 1129 3824 Tabraham
1147 3790 1164 3824 r
1218 3763 1297 3825 oniP

149 3897 221 3949 supr.
239 3880 324 3931 scr.T
340 3895 434 3948 ergor
488 3880 521 3932 10
539 3876 719 3931 laudemusP
771 3879 801 3931 ll
822 3875 858 3929 sil
873 3866 932 3944 ρὀεῖ
949 3874 1046 3928 mundi
1061 3875 1150 3927 om.P
1204 3879 1239 3932 13
1256 3876 1297 3929 dm

152 3984 182 4018 er
200 3965 266 4018 dfim
284 3983 349 4018 corr.
371 3966 396 4018 T
449 3968 480 4018 17
499 3964 611 4019 erratici
632 3964 709 4016 PTE
731 3967 888 4016 arrantesr
943 3963 976 4015 18
993 3963 1195 4018 tantummodo
1220 3963 1301 4017 Pras

152 4057 261 4106 lantum
279 4052 308 4105 in
326 4052 407 4107 domo
426 4073 453 4104 ra
506 4051 554 4106 sad
573 4052 657 4105 oliam
677 4051 754 4103 ΡΤΕ
776 4049 825 4103 sed
849 4053 910 4102 atr
962 4049 997 4101 22
1015 4048 1081 4116 quia
1109 4050 1254 4120 benignus
1270 4077 1301 4089 -

152 4140 242 4193 uirtus
260 4143 304 4193 θεῖ
321 4158 369 4193 om.
386 4141 413 4193 P
437 4140 524 4206 (uoces
547 4157 611 4193 nam
636 4141 718 4191 ul-
737 4137 826 4191 dirius
854 4139 896 4190 θεῖ
923 4137 950 4188 in
977 4153 1060 4204 nrorq.
1088 4138 1172 4205 ἰθεῖαν.
1201 4141 1304 4193 additae

148 4226 419 4297 posteaerasuesunl)
473 4229 507 4281 25
522 4226 632 4280 doliolis
649 4223 834 4278 eaedilectial’
883 4224 918 4276 26
936 4223 988 4276 deo
999 4221 1083 4275 P¹Te
1102 4217 1145 4311 dl
1156 4224 1201 4278 P¹
1219 4226 1267 4282 dei
1283 4243 1304 4279 e.
