2790 4844
153 250 215 314 778
500 248 617 303 sancti
635 248 771 302 Hilarii
790 247 953 317 episcopi

152 441 256 505 nescio
279 439 353 522 quid
377 446 407 504 et
429 438 592 504 sublimius
615 436 782 514 elocuntur,
806 438 871 502 eius
894 438 993 519 potius
1018 437 1171 518 hominis,
1193 440 1286 521 inque

152 565 189 609 er
212 550 301 625 partu
324 543 455 626 uirginis
479 543 519 608 ad
542 549 769 608 sacramentum
800 540 946 607 humanae
976 543 1087 608 salutis
1124 543 1286 628 unigenitus

152 648 202 713 dei
226 647 307 713 lilius
330 654 420 711 natus
444 653 501 728 est,
523 653 664 727 repertus
688 655 735 711 est
756 645 895 727 psalmus
911 647 968 712 iste
982 646 1130 733 intellegi
1150 654 1286 729 oportere.

152 753 321 817 secundum
346 772 416 816 eam
438 751 523 816 enim
546 771 615 834 quse
637 752 669 816 in
693 770 726 815 se
749 751 872 834 generis
895 751 952 816 fuit
966 752 1132 835 utriusque
1148 761 1284 817 naturam.

113 881 125 918 a
152 857 202 921 dei
224 854 368 920 uidelicet
390 862 482 939 atque
506 854 650 929 bominis,
674 875 736 919 non
757 855 848 920 modo
870 856 900 919 iu
924 855 1109 940 euangeliis,
1135 857 1285 921 sedetiam

151 961 182 1023 in
206 959 366 1041 prophetis
396 960 438 1023 ita
460 960 609 1039 coaptatis
640 960 678 1023 ad
701 966 867 1042 utrumque
898 959 987 1024 dictis
1020 958 1143 1026 locut-us
1173 972 1226 1035 est,
1253 967 1284 1032 ut

153 1067 226 1129 dum
250 1063 419 1130 diuinitatis
443 1083 506 1127 suae
529 1062 742 1144 inpassibilem
759 1071 853 1147 atque
868 1063 1130 1129 indemutabilem
1154 1065 1283 1128 uirtutem

153 1168 249 1242 docet,
288 1167 502 1233 infirmitatem
541 1187 662 1251 quoque
708 1175 825 1232 naturae
870 1187 1024 1248 corporeae
1063 1189 1128 1233 non
1168 1176 1282 1233 taceret:

151 1291 345 1355 rursumque,
369 1291 441 1335 cum
464 1291 500 1335 ex
523 1271 716 1351 susceptione
740 1271 842 1336 carnis
865 1272 1055 1337 infirmitatis
1079 1273 1112 1336 in
1137 1293 1173 1337 eo
1197 1291 1282 1336 sermo

100 1398 125 1434 lo
152 1385 241 1452 esset,
272 1375 459 1456 preconium
485 1393 607 1457 quoque
632 1396 702 1439 mor
725 1395 786 1439 uon
810 1375 1004 1441 infirmanda
1028 1396 1067 1441 ex
1090 1375 1195 1460 aliquo
1217 1374 1280 1438 diui·

152 1480 256 1544 nitatis
279 1479 450 1543 adsisteret.
496 1479 578 1561 quod
601 1479 684 1543 enim
708 1480 784 1544 deus
807 1473 1001 1557 est‚'natnrae
1025 1501 1091 1545 suae
1116 1487 1179 1557 est;
1212 1478 1280 1563 quod

152 1591 254 1648 autem
278 1583 370 1647 homo
387 1583 452 1660 suit,
476 1588 594 1647 natura
612 1589 724 1648 nostrae
740 1583 912 1665 adsumptio
928 1590 984 1648 est.
1031 1583 1170 1669 loquitur
1191 1585 1279 1666 itaque

151 1689 182 1752 in
205 1687 325 1768 psalmo
342 1708 379 1752 er
393 1687 583 1751 infirmitatis
607 1693 729 1759 nostrae,
752 1708 846 1771 quam
870 1688 1051 1769 adsumpsit,
1075 1687 1195 1764 affectu,
1223 1706 1277 1753 cum

152 1791 331 1856 traditorem
354 1811 446 1855 suum
468 1791 563 1867 nouit,
587 1811 656 1855 cum
681 1791 809 1856 consilia
832 1795 997 1858 aduersum
1022 1813 1057 1857 se
1079 1793 1158 1857 inita
1175 1791 1278 1873 prospi-

101 1917 125 1952 ιο
153 1896 202 1967 cit,
226 1915 295 1960 cum
318 1896 521 1979 quaestionum
539 1895 646 1979 prolia
662 1903 692 1960 ct
707 1895 963 1961 obtrectationum
980 1916 1102 1961 uenena
1117 1896 1275 1978 perpetitur,

152 2019 221 2063 cum
245 2000 480 2079 temptationum
504 1999 650 2064 scandala
673 2011 704 2063 et
727 1998 890 2064 uerborum
924 2001 1051 2081 laqueos
1086 2001 1185 2077 euitat
1217 2018 1274 2063 cun

151 2104 233 2188 patri
256 2102 428 2180 confitetur,
456 2123 526 2168 cum
550 2105 590 2168 ad
613 2124 683 2169 eum
707 2112 781 2182 orat,
805 2124 875 2168 cum
898 2104 926 2168 ei
949 2105 1050 2169 omnis
1074 2105 1170 2169 uirtus
1192 2105 1227 2167 ab
1247 2122 1273 2166 aa

151 2215 206 2284 est,
230 2228 309 2273 cum.
331 2207 405 2272 licet
427 2229 465 2272 er
488 2208 667 2272 infirmitate
690 2207 826 2288 corporis
849 2208 957 2273 anxius
981 2208 1030 2286 sit,
1050 2228 1111 2273 non
1135 2229 1168 2274 se
1190 2207 1272 2272 solun

151 2319 254 2376 tamen
287 2311 524 2395 relinquendum
555 2312 585 2375 in
617 2313 667 2377 die
702 2313 854 2391 passionis
877 2313 1063 2378 meminerit.
1108 2313 1174 2378 haec
1195 2312 1272 2396 igitur

99 2442 123 2478 re
152 2416 254 2480 omnia
277 2437 313 2480 en
337 2435 468 2499 persona
491 2416 558 2480 eius
581 2416 612 2480 in
635 2415 755 2496 psalmo
779 2417 926 2482 contineri
942 2418 1104 2482 docemur:
1128 2424 1217 2500 atque
1231 2416 1269 2480 ita

151 2528 184 2584 ut
206 2521 236 2584 in
271 2518 329 2597 his,
364 2539 432 2603 quae
467 2526 584 2584 naturae
619 2520 762 2585 humanas
796 2522 925 2586 societas
959 2522 1119 2602 permittit,
1148 2537 1267 2604 persone

151 2624 244 2688 etiam
268 2630 381 2688 nostrae
406 2644 442 2688 ex
465 2623 565 2707 aliquo
589 2623 727 2709 intellegi
752 2625 850 2705 possit
871 2627 977 2691 oratio.

195 2815 224 2879 3.
248 2814 316 2879 Hoc
339 2815 431 2889 enirn,
455 2816 538 2897 quod
560 2816 603 2879 ita
625 2823 758 2898 coptum
783 2822 845 2880 ast:
880 2816 994 2896 eripe
1026 2838 1092 2893 me,
1123 2813 1262 2881 domine.

151 2939 195 2982 er
219 2918 380 2982 homine
416 2917 678 2993 malo‚auir0
712 2920 852 3003 iniquo
886 2918 1020 2985 libera
1055 2923 1261 2997 maadcom·

99 3048 123 3083 a
151 3042 273 3087 munem
307 3042 428 3104 quoque
458 3023 649 3087 credentium
685 3024 822 3088 omnium
848 3026 981 3105 pertinet
1003 3046 1136 3107 precem.
1176 3038 1260 3088 onnes
1312 3034 1314 3045 ·

150 3127 233 3191 enim
255 3126 385 3197 insidias,
409 3146 620 3210 quascumque
643 3129 732 3193 nobis
755 3129 908 3209 spiritales
924 3131 1070 3214 nequitiae
1086 3127 1258 3211 pretendunt.

149 3230 285 3294 maxime
309 3249 363 3310 per
379 3229 519 3294 homines
535 3238 692 3309 aptantur:
717 3239 745 3296 et
761 3233 938 3297 occasiones
952 3234 1037 3299 uitiis
1052 3235 1162 3298 nostris
1175 3229 1257 3294 aliena

150 3342 266 3398 naturae
297 3334 483 3414 peruersitas
514 3334 733 3399 subministrat.
778 3336 810 3399 in
833 3335 902 3402 lites
932 3358 989 3403 nos
1022 3338 1120 3403 inicus
1142 3332 1257 3417 exagitat.
1311 3288 1314 3427 ι

148 3439 179 3502 in
204 3438 374 3503 anxietates
397 3439 628 3503 aduersantium
652 3445 684 3504 et
707 3440 918 3504 insidiantium
940 3442 1030 3506 nobis
1047 3450 1144 3508 terror
1157 3432 1257 3518 inpellit.
1312 3460 1314 3507 l

97 3564 122 3600 ³0
149 3543 179 3605 in
205 3542 364 3606 libidinem
388 3539 520 3606 facultas
543 3562 578 3607 se
599 3543 631 3606 in
656 3543 687 3607 id
718 3545 883 3626 praebentis
906 3545 1024 3611 inuitat.
1070 3545 1171 3611 oculus
1195 3539 1257 3607 enin

194 3772 207 3823 l
228 3770 374 3822 elocuntur
394 3770 419 3821 G
437 3769 586 3837 eloquatur
604 3771 630 3823 a
683 3774 699 3824 3
717 3772 786 3825 istae
804 3772 830 3824 a
882 3775 900 3825 4
918 3772 1072 3826 secundum
1093 3791 1153 3828 eam
1170 3762 1262 3827 eninG

149 3857 315 3909 saecundum
342 3856 415 3909 enim
444 3874 476 3909 ea
495 3857 520 3908 12
572 3859 680 3926 generis
699 3858 752 3911 suit
772 3861 797 3912 G
815 3858 869 3912 suit
886 3861 997 3927 generis
1016 3861 1042 3913 R
1094 3861 1212 3929 eaeque
1228 3851 1266 3907 GR

150 3960 183 4010 10
200 3948 347 4027 praeconii}
366 3962 391 4014 ii
446 3964 477 4014 16
496 3961 584 4014 euitat
604 3962 642 4015 Ge
661 3963 732 4016 uitat
750 3963 791 4015 Rb
845 3966 878 4017 18
896 3980 950 4016 nou
975 3981 1007 4017 se
1035 3967 1128 4020 solum
1153 3960 1269 4021 ament

149 4062 204 4098 non
223 4046 311 4099 solum
329 4053 422 4101 umen
440 4065 469 4100 aa
480 4049 535 4100 RE
585 4051 619 4103 20
637 4050 762 4116 adqueG
815 4051 850 4104 24
868 4066 902 4104 ex
915 4050 1026 4105 homine
1039 4054 1138 4109 ciaet
1146 4048 1275 4109 homineb'

149 4134 183 4183 95
200 4133 321 4200 pertinet
347 4151 475 4202 praecem
505 4135 529 4187 G
556 4153 684 4205 praecem
710 4137 833 4205 pertinet
860 4138 886 4190 R
937 4140 972 4192 28
990 4139 1083 4193 inicus
1104 4143 1130 4195 G
1158 4140 1277 4212 iniqnsll

149 4220 183 4271 30
200 4220 358 4286 praebentis
377 4221 478 4275 inuitat
499 4222 551 4274 GR
569 4224 725 4291 praebentis
743 4223 798 4277 loci
816 4223 918 4277 inuitat
937 4225 964 4277 Ε
980 4226 1015 4282 cf.
1034 4229 1120 4282 Acuti.
1138 4251 1167 4302 p.
1185 4231 1230 4287 65.
