2790 4844
360 245 543 296 tractatus
562 242 597 295 in
614 243 787 311 psalmum
806 241 936 297 CXLVII.
1155 240 1219 308 855

66 431 181 498 dietus.
227 433 383 500 ciuitatem
404 453 478 499 uero
501 431 583 499 hano
604 432 694 507 uiuis,
728 439 762 498 ut
794 432 948 513 apostolus
982 433 1032 512 ait
1066 432 1244 515 lapidibus.

68 541 243 603 extructam
266 547 444 603 sanctorum
460 542 559 604 emtus
574 535 740 603 oonlormis
755 535 861 621 gloriae
877 537 927 602 dei
944 557 981 602 ex
996 537 1219 603 resurreetione

69 649 281 720 consummat,
313 641 365 726 qni
396 662 438 719 se,
467 640 567 724 qualis
591 641 711 707 futuros
734 647 825 720 θεεθῖ
849 662 905 722 per
926 640 1022 707 fidem
1043 642 1075 706 in
1091 662 1217 723 corpore
1244 628 1245 632 ¹

69 746 190 810 domini
212 754 284 813 ante
306 745 483 828 speculatus
514 753 562 812 eat
591 758 621 811 et
651 746 764 811 ideireo
798 746 892 812 etiam
917 745 991 811 Sion
1014 752 1216 831 nuncupator.

69 870 192 931 eorpus
207 850 334 934 quidem
353 851 469 915 domini
494 852 664 915 seeundum
690 850 952 931 interpretationis
967 850 1123 930 uirtutem,
1146 851 1218 935 quia
1256 876 1269 916 s

69 955 102 1018 in
128 975 164 1020 eo
188 974 275 1036 spem
298 961 435 1021 nostram
458 953 520 1020 fide
543 953 795 1036 contemplamur,
829 954 860 1018 in
891 955 1035 1021 omnibus
1059 955 1216 1036 seripturis

71 1058 146 1123 Sion
181 1060 349 1141 nuncupari
388 1059 590 1137 existimatur,
635 1059 708 1142 qnia
745 1057 834 1123 Sion·
856 1058 1021 1139 speculatio
1059 1067 1115 1125 est.
1161 1062 1216 1125 sed

70 1163 180 1228 ciuitas
214 1161 276 1242 illa,
310 1182 379 1246 quae
402 1162 599 1228 Hierusalem
633 1170 689 1241 eat,
723 1182 791 1246 quae
824 1170 951 1247 propter
982 1163 1217 1230 unanimitatem

71 1267 182 1334 ciuitas
206 1271 291 1353 paeis
313 1275 368 1347 θεῖ
402 1268 495 1333 etiam
520 1273 646 1348 propter
668 1266 946 1332 conformationem
969 1268 998 1332 in
1023 1287 1058 1333 se
1081 1270 1217 1350 eorporis

71 1371 131 1450 dei,
146 1371 179 1436 in
195 1392 254 1456 quo
270 1391 304 1436 se
320 1380 391 1437 ante
407 1370 564 1453 speculata
579 1378 632 1446 est,
658 1370 731 1436 Sion
748 1377 956 1452 nuncupatur:
981 1371 1066 1437 euius
1083 1371 1214 1456 gloriam
1244 1396 1269 1434 ιο

70 1478 184 1556 adepta
213 1483 268 1555 est,
299 1477 419 1560 aceepit
441 1495 563 1560 quoque
586 1476 651 1540 eius
675 1485 705 1540 θῖ
728 1495 850 1540 nomen.
895 1495 971 1560 ergo
994 1481 1025 1541 et
1047 1484 1216 1542 conuentus

69 1580 123 1646 ille
145 1580 291 1662 pacificus
325 1587 356 1645 et
378 1580 476 1665 gloria
505 1579 558 1644 illa
587 1599 760 1660 corporum·
784 1580 1012 1645 demutatorum
1039 1581 1072 1644 in
1106 1580 1217 1647 Hieru-

69 1685 169 1749 salem
194 1691 226 1749 et
248 1684 320 1750 Sion
343 1685 468 1750 nomine
484 1690 538 1760 θεῖ,
562 1685 645 1768 quod
669 1689 831 1767 utrumque
854 1704 949 1749 unum
974 1690 1036 1764 est;
1059 1704 1119 1748 non
1143 1705 1217 1751 sana

69 1790 175 1853 inania
218 1809 319 1873 neque
357 1788 577 1853 aedificationes
614 1786 752 1862 hebetes,
797 1789 852 1853 sod
896 1788 1044 1855 rationale
1092 1789 1216 1870 animal,

70 1894 343 1958 fundamentorum
367 1894 570 1977 uiuorumque
587 1892 705 1973 lapides
721 1912 918 1974 gemmamm
942 1901 973 1959 θῖ
995 1894 1080 1959 ciues
1103 1895 1215 1960 saneti·
1244 1914 1267 1953 ιε

70 1997 143 2063 tatis
167 2004 198 2062 et
220 1998 270 2062 dei
292 1997 324 2062 in
348 1998 534 2063 domesticos
557 2017 630 2062 suos
653 1996 828 2061 dominatus
854 1995 922 2062 haee
942 1998 1051 2063 ciuitas
1067 2004 1122 2074 θεῖ
1146 2020 1215 2082 qnae

69 2123 107 2167 ex
132 2122 226 2168 sensu
260 2102 457 2167 beatitudinis
487 2122 551 2166 suae
574 2109 605 2167 et
627 2100 830 2166 consessionis
864 2102 1016 2184 praeconio
1050 2103 1217 2168 aduocatm·

69 2209 112 2272 ad
135 2207 269 2272 laudem.
931 2203 932 2207 ’

115 2310 144 2375 3.
169 2310 210 2376 Εῖ
231 2309 384 2392 propheto
406 2330 531 2376 eausam
555 2310 739 2375 laudationis
761 2309 890 2375 adieoit:
917 2311 1107 2393 quoniam
1130 2331 1214 2392 eon:

70 2416 246 2480 iortauit
269 2435 383 2481 seras
413 2423 619 2496 portarum
654 2420 819 2492 tuarum,
853 2413 1069 2480 benedixit
1099 2414 1215 2480 filios
1243 2433 1268 2470 20

71 2519 225 2584 tuosin
249 2529 295 2584 te.
342 2520 409 2602 qui
440 2518 577 2599 posuit
609 2518 718 2584 fines
752 2523 841 2583 tuos
875 2537 1012 2599 paoem
1036 2518 1214 2599 etadipe

69 2623 266 2689 frumenti
301 2623 457 2689 satians
492 2629 536 2688 te.
582 2621 649 2688 haeo
672 2621 724 2686 illa
746 2629 793 2688 est
815 2622 914 2687 beatae
938 2628 1027 2687 terrae
1049 2620 1215 2698 hereditas,

69 2727 328 2812 quemdominus
351 2729 382 2792 in
402 2726 573 2812 euangeliis
589 2727 760 2793 mansuetis
775 2726 940 2808 spopondit
951 2727 1079 2808 dicens:
1103 2725 1214 2792 beati

70 2833 291 2911 mansueti,
344 2833 533 2917 quoniam
577 2832 657 2913 ipsi
706 2830 1005 2896 hereditabunt
1057 2837 1214 2895 terram.

70 2936 212 3018 plurimis
235 2937 265 3000 in
290 2935 366 3002 loeis
401 2935 557 3021 prophetae
584 2936 783 3001 beatitudinis
806 2933 897 3001 huius
920 2941 1043 3016 tempus
1064 2935 1215 3016 praediea·
1242 2950 1268 2988 ²⁶

71 3049 181 3107 uerunt
203 3052 234 3107 et
255 3040 437 3107 firmitatem
460 3041 593 3106 ciuitatis
616 3039 707 3106 huius
730 3047 868 3105 aeternae:
903 3040 989 3104 ouius
1011 3039 1054 3104 ita
1068 3045 1164 3120 portae
1185 3045 1217 3104 et

72 3165 150 3212 serae
176 3144 364 3211 confirmatas
384 3151 463 3223 sunt
486 3151 520 3210 ut
534 3145 719 3211 aduersariis
736 3145 823 3209 nobis
839 3143 1036 3227 inimicisque
1051 3143 1216 3209 uirtutibus

116 3360 129 3410 l
150 3356 163 3409 1
182 3355 255 3409 Petr.
274 3358 299 3422 2,
317 3356 341 3408 6.
378 3356 412 3408 23
431 3353 529 3407 Matth.
548 3353 580 3420 V,
598 3355 623 3407 4.

116 3532 129 3583 1
150 3534 182 3583 ut
201 3528 344 3598 apostolus
370 3527 411 3581 ait
428 3527 454 3580 R
472 3531 504 3579 nt
522 3526 562 3580 ait
579 3525 720 3595 apostolus
738 3527 768 3578 E
817 3528 834 3580 2
853 3525 1058 3580 resurreetione
1076 3544 1106 3580 ez
1123 3543 1214 3579 resur·

74 3616 202 3670 rexeione
220 3616 255 3683 R,
272 3616 316 3667 abi
332 3616 355 3667 o.
375 3616 392 3667 l.
413 3612 453 3682 (f.
463 3611 536 3679 224)
556 3614 660 3667 diuerso
672 3630 742 3666 mon.
754 3615 831 3684 incip.
884 3615 901 3667 5
919 3613 1215 3681 interpraetationesG

75 3701 284 3757 dseribturisG
336 3701 417 3755 'laed
432 3699 533 3754 ciuitas
551 3700 603 3754 GR
615 3699 663 3754 sed
673 3704 701 3754 et
710 3699 848 3753 oinitasE
900 3700 1218 3755 loeuiusRetoniusE

76 3791 106 3844 18
116 3790 227 3843 nomine
237 3788 316 3842 estG
324 3787 436 3841 nomine
446 3788 501 3841 RE
553 3787 917 3841 ldinaniaGRinanimaE
966 3786 1216 3841 hebetesGEhae·

74 3875 149 3930 beten
159 3876 185 3929 R
240 3878 272 3929 17
282 3874 462 3929 confessionis
472 3875 621 3944 praeconio
632 3874 657 3927 G
667 3873 986 3941 consessionepraeoonii
997 3874 1052 3926 RE
1103 3876 1135 3928 19
1151 3890 1215 3927 eon-

75 3962 444 4017 fortauiteaeonfortabitR
496 3965 531 4017 20
546 3979 622 4016 seres
637 3979 667 4014 ea
681 3961 807 4014 serrasR
859 3963 892 4015 21
908 3962 988 4014 aereo
1003 3961 1214 4029 te.qni-tuos

76 4066 120 4102 om.
139 4051 164 4103 R
218 4049 300 4118 adipe
318 4050 344 4102 R
396 4051 431 4102 22
449 4050 552 4102 aetiana
569 4053 598 4101 te
616 4049 642 4101 R
661 4045 809 4113 (lunantur
826 4047 867 4112 os)
886 4048 969 4101 satiat
986 4054 1014 4101 te
1028 4049 1056 4100 E
1107 4048 1156 4102 illa
1173 4054 1215 4103 est

77 4136 159 4192 lieet
177 4137 228 4190 illa
246 4137 274 4189 E
323 4139 358 4191 23
377 4136 406 4188 in
434 4135 587 4204 euangeliis
616 4136 688 4188 Gna
715 4135 744 4189 in
771 4135 946 4204 euangelioe
992 4137 1027 4189 25
1044 4135 1168 4203 profetas
1190 4137 1215 4189 G

76 4223 105 4277 27
123 4240 216 4278 serrae
235 4225 267 4277 R.
