2790 4844
203 247 242 311 10
539 245 658 298 sancti
684 243 817 297 Hilarii
842 243 1005 312 episcopi

201 439 395 521 redegerunt,
431 434 561 519 singulis
596 434 768 519 quibusque
799 435 935 498 numeris
965 455 1020 515 pro
1045 434 1212 498 efficientia
1235 453 1291 498 sua
1315 443 1345 497 et

201 541 392 606 absolutionc
429 540 572 622 perfectis
609 538 817 620 perlectorum
854 545 885 602 et
922 538 1121 603 efficientium
1153 537 1345 620 psalmorum

200 646 340 711 ordinem
366 647 557 728 deputantes.

244 751 273 815 9.
297 750 337 813 ut
360 768 547 833 quamquam
572 749 603 812 id
625 749 726 829 ipsum
751 768 789 812 ex
811 746 1002 830 singulorum
1018 746 1206 829 psalmorum
1221 746 1343 810 uirtuti-

160 886 173 924 a
200 856 256 919 bus
279 853 418 938 intellegi
441 855 550 934 possit,
570 859 673 917 tanren
703 851 932 916 absolutissime
967 851 998 915 in
1032 856 1188 935 gestomm
1214 857 1244 915 et
1267 858 1343 915 tom-

200 979 307 1040 porum
347 957 474 1022 historia
512 958 692 1034 edocemur,
734 955 921 1036 psalmorum
960 954 1078 1020 scilicet
1115 954 1343 1019 conlocationes

199 1063 367 1128 seeundum
402 1061 606 1145 perfectorum
640 1080 836 1124 numerorum
860 1080 929 1125 esse
961 1059 1144 1124 efficientias
1174 1059 1342 1123 ordinatas.

199 1166 336 1248 psalmus
367 1166 447 1231 enim
472 1166 579 1230 tertius
602 1166 772 1230 seeundum
792 1163 954 1228 historiam
978 1164 1235 1247 quinquagesimo
1259 1163 1342 1246 psal-

199 1292 249 1336 mo
272 1271 424 1351 posterior
447 1277 509 1346 est;
533 1269 692 1360 inscriptio
722 1288 856 1351 nemque
879 1269 1036 1352 utriusque
1061 1267 1156 1332 multo
1180 1267 1342 1332 interuallo

147 1408 171 1443 a
199 1375 348 1455 temporis
382 1374 541 1456 aetatisque
576 1374 700 1437 diuersa
734 1379 788 1438 est.
833 1392 905 1436 nam
936 1371 995 1449 ille,
1028 1391 1098 1455 quae
1131 1373 1188 1436 sub
1214 1371 1289 1435 Uria
1312 1378 1343 1436 ct

199 1479 301 1543 Dauid
324 1484 395 1542 sunt
419 1485 515 1561 gesta,
538 1476 754 1558 conplectitur:
778 1476 829 1540 ille
852 1484 954 1541 autem
987 1480 1092 1560 lugam
1118 1476 1216 1539 Dauid
1241 1475 1342 1540 Abes-

199 1583 283 1647 salon
308 1581 370 1647 filio
394 1600 449 1645 suo
473 1601 543 1645 eum
565 1587 769 1663 persequente
794 1580 965 1664 signifieat;
989 1581 1045 1645 sed
1069 1581 1164 1644 uirtus
1188 1601 1223 1644 ac
1240 1600 1343 1643 saera·

198 1693 338 1750 mentum
360 1685 480 1749 numeri
503 1685 641 1765 perfecit,
676 1685 758 1748 hunc
792 1691 822 1749 et
857 1684 942 1749 illum
977 1706 1032 1766 pro
1055 1685 1289 1765 conpetentibus
1313 1692 1344 1748 et

199 1789 257 1854 sibi
280 1790 426 1874 congruis
449 1790 585 1854 numeris
608 1789 769 1853 conlocari.

145 1942 170 1981 ra
244 1912 293 1975 10.
318 1911 482 1991 Inscriptio
505 1931 576 1975 uero
600 1911 847 1995 quinquagesimi
871 1910 982 2000 psalmi
994 1910 1164 1975 seeundum
1180 1909 1342 1974 historiam

197 2002 447 2100 quinquagesimi
470 2021 501 2079 et
522 2015 613 2097 primi
644 2015 753 2095 psalmi
776 2015 974 2095 inscriptione
1010 2015 1162 2098 posterior
1184 2021 1239 2078 est.
1286 2015 1342 2078 sed

197 2120 447 2203 quinquagesimi
471 2119 589 2183 numeri
615 2120 711 2182 uirtus
735 2119 879 2202 exigebat
902 2125 932 2183 et
957 2120 1038 2183 Doec
1062 2118 1188 2182 ldumaei
1211 2118 1342 2199 inpreni-

197 2228 264 2287 tens
288 2224 320 2287 in
344 2223 443 2287 Dauid
466 2224 571 2287 odium
595 2223 779 2302 postulabat,
813 2223 998 2287 anteriorem
1021 2224 1163 2305 postponi
1187 2229 1218 2287 et
1240 2230 1343 2302 poste·

196 2328 308 2392 riorem
332 2328 487 2404 anteferri,
512 2335 544 2391 ut
567 2327 708 2392 remissio
731 2334 925 2408 peccatorum
960 2328 992 2392 in
1025 2347 1153 2392 numero
1189 2328 1342 2409 quinqua-

145 2462 170 2499 ao
197 2433 316 2516 gesimo
354 2431 565 2496 conlocaretur
601 2439 632 2496 et
668 2451 759 2513 prena
796 2431 935 2516 perfidiae
972 2452 1131 2497 numerum
1166 2433 1343 2495 constitutae

197 2537 388 2602 remissionis
411 2537 565 2601 excedens
588 2543 707 2601 careret
730 2537 827 2614 uenia,
850 2556 919 2601 cum
944 2542 974 2601 et
997 2543 1118 2619 tempus
1135 2542 1343 2600 etnumermn

196 2641 382 2723 paenitentia
415 2630 609 2721 perdidisset.
654 2661 727 2704 narn
761 2660 831 2704 oum
865 2641 896 2704 in
928 2640 1194 2723 quinquagesimo,
1227 2640 1259 2703 in
1282 2660 1344 2723 quo

196 2751 269 2809 sunt
284 2744 415 2809 sabbata
429 2744 638 2820 sabbatorum,
655 2745 822 2811 secuudum
839 2744 960 2809 iubelaei
975 2745 1046 2808 anni
1060 2745 1344 2827 praeformationem

196 2856 394 2932 peccatorum
418 2849 559 2914 remissio
583 2850 623 2913 sit
645 2851 815 2926 constituta,
839 2855 1038 2929 conpetenter
1059 2848 1110 2914 hic
1135 2848 1285 2929 psalmus,
1311 2852 1342 2913 in

144 2983 169 3023 25
198 2972 258 3035 quo
282 2953 459 3032 paenitentia
481 2951 544 3017 lata
566 2959 760 3036 peccatorum
796 2952 937 3018 remissio
964 2952 1139 3033 postulatur,
1174 2953 1342 3017 inordina

197 3061 245 3120 est
267 3055 358 3120 huius
380 3057 501 3121 numeri
524 3055 709 3120 conlocatus.

242 3159 289 3224 11.
313 3159 422 3224 Tribus
446 3181 519 3226 uero
543 3159 809 3243 quinquagesimis
832 3159 1025 3245 psalmorum
1049 3160 1127 3225 liber
1149 3162 1342 3226 continetur:

197 3275 227 3329 et
249 3263 308 3329 hoe
333 3285 371 3328 ex
393 3264 511 3328 ratione
535 3283 572 3327 ac
595 3246 738 3327 numere*
755 3264 854 3328 beatae
876 3263 956 3328 illius
980 3272 1093 3329 nostrae
1116 3266 1342 3349 expectationis

240 3460 254 3511 l
274 3456 441 3525 redegerunt
453 3461 484 3509 nt
497 3456 525 3508 in
539 3456 655 3525 singulis
668 3477 682 3508 r
734 3459 751 3510 3
766 3475 817 3525 pro
832 3456 957 3509 ordinem
971 3458 1134 3524 deputantes
1147 3477 1161 3509 r
1179 3459 1241 3509 loco
1252 3459 1355 3510 lubet:

196 3545 285 3597 uirtus
315 3542 435 3612 intelligi
465 3543 552 3611 possit
615 3545 634 3595 4
669 3549 696 3606 et
727 3561 893 3612 quamquam
915 3572 948 3580 —
973 3543 1099 3611 intellegi
1129 3544 1217 3611 possit
1246 3562 1297 3597 om.
1327 3564 1350 3597 r

196 3636 211 3685 e
247 3631 396 3684 edocemur
428 3651 443 3683 r
477 3630 610 3683 doeemur
639 3631 696 3682 DE
763 3634 779 3683 7
809 3630 970 3684 efficientiae
1000 3651 1014 3683 r
1067 3628 1243 3684 efficientiam
1287 3631 1354 3684 DE

195 3719 314 3787 Blacip
334 3721 387 3770 cod.
420 3717 442 3766 V
459 3717 707 3785 quinquagensimo
732 3718 755 3770 V
805 3718 986 3772 9iusoribtio
1011 3719 1034 3770 V
1087 3720 1118 3770 12
1147 3717 1215 3770 olim
1245 3736 1340 3786 perse·

196 3810 298 3872 querite
325 3823 338 3856 e
392 3804 440 3857 sed
474 3804 563 3856 uirtus
592 3806 691 3874 scripsi,
720 3808 747 3857 et
774 3804 864 3857 uirtus
898 3806 976 3857 l'rDe
1003 3809 1032 3858 et
1058 3810 1151 3857 tamen
1188 3804 1279 3858 uirtus
1316 3807 1338 3857 rb

197 3894 229 3945 13
247 3890 363 3959 perfecit
377 3890 414 3942 Vr
434 3889 543 3958 perficit
563 3892 619 3943 DE
668 3908 720 3959 pro
744 3892 822 3944 VrDe
840 3892 879 3945 sie
897 3908 948 3959 pro
968 3893 1009 3944 ll>
1064 3895 1096 3945 16
1115 3891 1335 3960 quinquagesimi

195 3977 278 4045 primi
297 3977 341 4029 al*
395 3980 427 4030 17
446 3979 535 4030 uirtus
557 3977 686 4045 exigebat
710 3978 745 4030 Vr
764 3976 810 4041 (rs.
831 3979 873 4030 I’s.
894 3979 935 4030 LI
949 3996 1007 4047 cap.
1026 3979 1045 4028 ἑ)
1063 3978 1171 4031 numeri
1189 3979 1333 4043 uirtutem)

195 4063 284 4117 uirtus
312 4069 340 4117 et
365 4064 500 4133 perfectio
527 4064 656 4132 exigebat
684 4065 740 4115 Du:
799 4066 867 4118 doec
893 4065 1011 4118 idomaei
1044 4065 1069 4117 V
1090 4065 1176 4117 doech
1202 4065 1334 4120 idumeir

195 4153 230 4205 20
256 4168 371 4204 numero
397 4172 412 4204 r
482 4154 514 4205 21
543 4167 637 4204 carere
669 4152 690 4203 l'
757 4153 792 4204 22
818 4152 846 4204 in
876 4169 929 4218 qno
957 4162 1021 4204 suut¹
1046 4173 1059 4203 r
1083 4152 1111 4204 iu
1136 4170 1190 4220 quo
1215 4159 1259 4207 est
1292 4156 1336 4209 ΓΕ

195 4240 229 4292 23
247 4238 348 4292 inbelei
375 4239 396 4290 V
446 4242 479 4292 25
498 4238 556 4291 lata
580 4239 616 4290 Vr
634 4238 727 4291 ablato
744 4240 772 4291 I)
790 4239 911 4292 antelata
930 4240 963 4291 E
