2790 4844
155 227 218 292 872
627 227 824 297 Appendix.

152 416 220 482 laus
243 419 301 482 ista
324 415 489 498 perficitur.
534 435 603 500 quae
632 415 698 482 laus
729 416 828 482 omnis
858 417 890 481 in
920 418 1036 483 mactis
1067 424 1125 496 est,
1156 419 1241 502 quod
1262 419 1296 481 ab

152 520 201 586 his
217 522 445 603 corruptionem
461 519 561 586 caruis
573 521 794 604 sanguinisque
806 521 968 602 depulerit
981 522 1064 605 quod
1078 522 1119 586 ad
1128 523 1292 606 imaginem

152 625 299 691 creatoris
323 624 369 689 sui
392 624 455 689 sint
482 625 651 703 reformati,
683 625 765 709 quod
795 625 973 691 conformes
1003 627 1065 691 iam
1098 647 1169 692 esse
1193 625 1289 710 gloria

153 729 289 810 corporis
320 728 369 794 dei
400 729 560 813 ooeperint,
591 730 673 812 quod
703 730 734 794 in
763 749 887 794 omnem
919 730 968 794 dei
1002 729 1227 810 plenitudinem
1248 731 1286 794 iu·

112 853 125 889 ⁶
152 832 301 914 pleantur,
331 834 423 916 quod,
457 852 527 898 cum
559 834 635 898 deus
666 833 790 913 spiritus
814 834 863 910 sit,
897 834 991 899 deum
1014 839 1119 898 tamen
1142 854 1201 898 non
1224 853 1281 898 caro

152 938 213 1001 iam
238 938 279 1002 sit
301 936 470 1015 laudatura,
493 938 548 1002 sed
572 937 707 1018 spiritus.
1202 938 1206 945 '

509 1491 933 1593 APPENDIX.

619 1773 827 1882 Exempla

227 1948 410 2008 tractatuum
434 1942 642 2008 mutilatorum
665 1943 714 2006 uel
738 1941 857 2008 Hilario
880 1941 958 2007 salso
981 1943 1209 2026 adscriptorum.

100 2090 124 2126 ro
424 2063 467 2130 (cs.
487 2065 572 2133 praei.
592 2069 620 2118 et
638 2065 723 2118 Acad.
741 2083 767 2133 p.
786 2067 819 2118 51
839 2081 889 2132 aq,
907 2066 949 2131 92,
968 2062 1021 2130 98.)

206 2201 389 2284 tractatus
416 2201 449 2281 in
477 2199 648 2283 Psriuun
677 2199 781 2282 txttt
809 2221 852 2282 ex
880 2200 1001 2283 codice
1029 2198 1225 2284 vaurensi.

442 2358 485 2422 ln
509 2358 633 2424 finem
656 2357 836 2439 psalmus
861 2358 998 2422 Dauid.

194 2477 360 2557 Exaudi,
385 2482 489 2551 deus.
513 2480 741 2545 orationem
765 2499 895 2558 meam,
914 2479 1002 2544 dum
1026 2479 1223 2560 deprecor
1242 2450 1318 2564 ad,

152 2590 204 2646 te:
228 2603 246 2646 a
270 2583 416 2648 timore
439 2584 597 2649 inimici
621 2603 714 2649 erue
738 2583 911 2648 animam
935 2602 1072 2648 meam.
1119 2569 1323 2649 scrutct¹

98 2711 123 2748 a
151 2694 243 2751 sunt
265 2687 525 2771 iniquitates,
549 2687 792 2753 defecerunt
820 2693 1060 2752 scrutantes
1084 2688 1329 2753 scrutinio?

150 2791 276 2871 spiritus
307 2792 391 2856 enim
422 2791 621 2873 prophetalis,
652 2792 705 2875 qui
735 2812 790 2873 per
814 2790 915 2856 Dauid
951 2790 1144 2875 loquebatur,
1168 2778 1329 2857 audicuss

150 2895 254 2958 omnia
277 2901 308 2959 et
331 2895 432 2960 sciens
466 2896 611 2961 uniuersa
643 2894 703 2961 hoc
737 2896 768 2960 in
802 2895 868 2960 loco
903 2915 963 2978 nou
998 2894 1097 2961 solum
1123 2890 1329 2961 iudaeoruufl

150 2998 321 3082 malignam
344 3000 611 3079 conspirationem.
640 3019 748 3063 uerum
772 2999 867 3064 etiam
891 2997 1148 3080 philosophorum
1171 2997 1329 3064 inenen!

147 3103 312 3196 'scientiam
347 3110 377 3168 et
411 3103 622 3169 haereticorum
654 3123 830 3184 peruersem
862 3104 1086 3169 contumaciam
1118 3101 1329 3185 pronuntiass

98 3229 123 3266 oo
151 3205 315 3289 aliquando
339 3207 486 3284 deficere;
509 3207 540 3271 iu
566 3207 623 3272 hoc
647 3197 781 3288 capitulo
801 3206 980 3285 ostenditur,
1004 3228 1076 3272 cunr
1099 3209 1190 3273 dicit:
1214 3228 1320 3290 perf

150 3310 325 3376 scrutati
359 3317 451 3376 sunt
483 3312 739 3395 iniquitates,
778 3312 1021 3377 defecerunt
1054 3319 1293 3378 scrutantes

149 3415 361 3481 scrutinio.
406 3415 543 3480 omniurn
574 3436 648 3500 argo
679 3415 830 3481 malorum
861 3414 1022 3480 hominum
1058 3415 1187 3500 ingenia
1221 3415 1293 3481 defi·

149 3519 241 3597 ciunt,
258 3524 291 3584 ut
307 3519 442 3586 ostendit
456 3520 615 3601 propheta.
661 3518 863 3604 philosophus
879 3519 960 3584 enim
978 3519 1087 3583 mundi
1103 3519 1293 3585 dominatum

150 3623 301 3708 inpugnat
323 3643 404 3688 nuno
427 3625 524 3708 aquis,
553 3644 634 3688 nuuc
658 3631 756 3700 terrm,
781 3643 861 3688 nunc
884 3622 959 3688 caeio
982 3624 1033 3688 dei
1057 3644 1172 3689 nomen
1196 3622 1294 3690 indul·

28 3810 32 3819 .
96 3754 122 3792 aa
148 3746 243 3810 gens3
268 3727 428 3794 haereticus
451 3735 553 3793 autem
586 3728 758 3793 doctrinam
788 3726 860 3793 fidei
892 3728 1049 3792 mentitur.
1088 3736 1197 3794 contra
1219 3749 1294 3813 quos

149 3851 258 3896 omnes
280 3832 424 3916 peruigili
448 3851 523 3897 cura
545 3839 576 3898 et
598 3833 727 3897 adsidua
748 3834 788 3897 ad
805 3832 965 3896 dominum
982 3831 1121 3897 oratione
1136 3835 1295 3918 pugnauit

193 4024 226 4076 13
244 4022 395 4091 depraecor
440 4027 472 4078 16
481 4023 624 4092 profetalia
672 4024 882 4078 ifliilosoiorum
920 4022 1152 4078 l9hereticorum
1191 4028 1298 4095 23pro·

65 4189 68 4196 Ι
148 4108 205 4161 feta
223 4119 246 4161 et
263 4111 300 4162 cic
310 4128 410 4181 semper
455 4109 577 4165 filosefus
618 4114 658 4192 ¹24
676 4111 754 4178 aquis
769 4129 798 4163 er
814 4110 894 4178 quisq
912 4109 1059 4163 coram?
1106 4113 1141 4164 26
1161 4113 1298 4181 pugnauit

148 4195 327 4263 expugnauit
346 4215 378 4248 m.
397 4196 424 4248 2.
