2790 4844
149 246 191 311 24
488 247 605 301 sancti
629 249 765 302 Hilarii
790 249 954 316 episcopi

150 443 347 516 praesumunt,
370 437 419 520 qui
445 437 593 500 mnndum
617 438 647 500 in
672 437 756 501 hunc
779 436 919 501 habitum
935 448 1135 520 ornatumque
1159 436 1294 501 fortuitis

150 540 285 605 motibus
308 542 482 606 constitisse
507 550 758 617 commemorant,
782 541 842 623 qui,
867 561 905 605 ne
928 541 1010 624 quod
1034 541 1177 606 indicium
1208 560 1296 606 crea·

150 645 207 708 tori
231 664 285 709 suo
309 646 348 708 ob
371 645 465 709 uitam
490 653 571 710 recte
595 646 798 710 criminosene
821 652 943 728 gestam
974 644 1157 728 relinquant,
1188 643 1295 709 uolunt

149 769 186 813 ex
208 755 324 813 naturzn
348 751 532 815 necessitate
556 770 588 814 se
614 750 698 815 nasci
723 757 811 814 etex
835 751 946 814 eadem
962 769 1083 813 rursum
1108 749 1292 814 necessitate

111 880 123 916 ⁵
151 851 286 918 dissolui.
332 852 441 917 horum
475 855 569 938 igitur
591 875 680 918 omne
704 850 864 919 consilinm
889 853 1048 926 fluctuans,
1082 854 1233 917 incertum
1258 874 1294 918 ac

150 977 263 1041 uagum
288 964 334 1021 est
368 966 398 1022 et
427 959 457 1021 in
488 959 588 1023 isdem
618 980 653 1023 ac
684 979 738 1039 per
768 959 875 1022 eadem
910 958 977 1021 sine
1008 957 1070 1022 ulta
1104 957 1293 1022 consistendi

150 1062 279 1126 statione
303 1061 457 1140 differtum
492 1083 551 1127 non
575 1064 657 1128 enim
681 1069 765 1127 tenet
788 1063 912 1126 modum
944 1061 1132 1126 definitionis
1155 1061 1293 1126 alicuius.

151 1174 318 1231 creatorem
354 1168 458 1230 mundi
484 1168 649 1247 disputatio
680 1168 789 1231 docere
820 1187 894 1230 ansa
918 1186 976 1230 uon
1007 1175 1062 1230 est.
1109 1186 1179 1230 eum
1210 1166 1293 1230 enim

151 1289 280 1351 quaeras,
316 1292 369 1335 eur
403 1273 534 1336 mundus
570 1279 600 1336 et
635 1273 756 1354 quando
791 1278 819 1335 et
850 1272 880 1334 in
912 1271 1084 1354 qnantum?
1125 1278 1155 1335 et
1190 1278 1292 1334 utrum

98 1402 122 1457 ro
150 1376 284 1438 mundus
308 1374 433 1452 homini,
457 1395 497 1439 an
520 1375 612 1439 innuo
643 1375 780 1440 mundo?
803 1384 832 1439 et
855 1395 939 1439 mors
970 1375 1008 1439 ob
1039 1375 1122 1458 quid,
1154 1373 1201 1437 nel
1233 1395 1293 1458 quo

147 1497 253 1560 usque,
278 1478 325 1543 uel
361 1477 484 1561 qirtslis‘?
519 1480 600 1544 eirea
634 1479 701 1544 htec
735 1479 904 1560 impietatis
938 1499 1000 1543 sum
1032 1477 1160 1542 consilia
1190 1478 1294 1561 agitur

148 1601 273 1665 semper
296 1592 325 1647 et
348 1584 440 1659 uadit
476 1583 540 1647 loeo
563 1584 752 1648 ‹forisistendi
783 1585 814 1646 in
846 1582 894 1647 his
919 1582 1055 1646 consiliis
1079 1602 1139 1646 nnn
1164 1588 1294 1663 reperto.

192 1685 220 1751 8.
245 1686 322 1751 Sunt
346 1696 375 1751 et
399 1687 459 1750 alia
483 1687 610 1753 consiliu
632 1689 804 1769 impiorum,
829 1707 934 1750 eornm
958 1685 1084 1764 seilicet,
1108 1687 1158 1769 qui
1183 1685 1293 1749 inhae-

148 1791 243 1854 resim
274 1791 389 1871 delapsi
422 1812 478 1856 nec
501 1793 571 1856 noni
602 1812 658 1856 nee
681 1791 794 1857 ueteris
826 1791 1016 1855 Testamenti
1045 1789 1166 1874 legibus
1197 1790 1294 1854 conti·

97 1922 121 1958 n
148 1903 268 1959 nentur.
314 1916 441 1978 quornm
473 1916 576 1961 sermo
600 1897 631 1959 in
654 1896 759 1960 ‹rrbem
792 1916 913 1976 semper
944 1902 973 1959 et
1004 1893 1148 1959 circulum
1181 1894 1296 1958 erroris

147 1998 286 2073 inflexus,
310 1999 385 2063 nihil
411 2006 520 2064 tenens
543 2007 574 2064 et
597 2001 627 2063 iu
651 1999 734 2064 nullo
751 2000 922 2064 consistens
946 1998 1114 2063 indefinitae
1133 1999 1296 2062 sententias

149 2122 238 2167 cursu
251 2124 435 2187 recursuque
449 2105 585 2169 iactatur.
621 2124 750 2188 quorum
764 2103 930 2184 impietatis
944 2111 999 2178 cst,
1016 2104 1108 2167 deum
1122 2122 1181 2166 non
1195 2123 1233 2166 ex
1245 2102 1298 2166 dei

149 2208 243 2287 ipsius
267 2208 454 2287 professione
478 2211 533 2273 sed
557 2229 594 2273 ex
609 2208 727 2273 arbitrii
743 2208 789 2271 sui
806 2207 961 2272 uoluntate
975 2207 1089 2273 metiri:
1113 2207 1297 2288 ignorantes

150 2330 210 2374 non
240 2312 367 2376 minoris
405 2313 572 2392 impietatis
603 2332 681 2388 esse,
717 2314 809 2377 deum
840 2311 966 2395 fingere,
998 2331 1089 2394 quam
1121 2330 1253 2394 negare;
1279 2333 1298 2373 a

97 2440 123 2479 so
151 2415 260 2497 quibus
284 2435 353 2480 cum
377 2418 525 2499 requiras
557 2437 615 2500 quo
648 2416 714 2497 spei
745 2436 781 2481 ac
811 2415 970 2480 fideisute
994 2415 1123 2479 finesic
1148 2414 1299 2487 sentient,

149 2518 383 2594 confunduntur,
408 2520 632 2600 perturbantur,
664 2521 867 2599 dissimulant,
903 2519 1123 2583 circumerrant
1146 2524 1177 2582 et
1199 2518 1299 2583 finem

149 2622 248 2703 ipsum
273 2624 347 2689 eius.
371 2625 409 2688 de
422 2646 481 2707 qna
505 2625 657 2706 quaritur,
682 2624 897 2704 disputationis
921 2623 1046 2686 enitent.
1092 2623 1199 2686 beatus
1220 2642 1298 2706 ergo

149 2727 197 2790 uir
218 2733 272 2803 est,
296 2729 402 2810 quiin
426 2728 482 2792 hoe
506 2729 669 2808 impiorum
697 2727 824 2792 consilio
848 2748 909 2790 non
932 2726 1014 2802 obiit,
1038 2727 1069 2789 id
1094 2733 1149 2802 est,
1173 2728 1226 2809 qni
1251 2728 1298 2806 ip-

151 2850 217 2903 sam
239 2831 322 2896 illam
340 2832 370 2895 in
384 2831 442 2896 hoe
459 2833 586 2896 consilio
610 2831 702 2897 eundi
729 2853 788 2895 uon
812 2831 973 2896 admiserit
995 2829 1200 2894 uoluntatem:
1225 2832 1299 2912 qnia

98 2958 124 2997 as
151 2955 218 3016 quen
238 2935 331 3016 impia
354 2944 433 3012 sunt,
458 2937 505 3001 uei
530 2937 683 3020 cogitasse
707 2937 767 2999 iam
792 2936 908 3000 crimen
933 2935 981 2998 sit.

193 3040 220 3103 9.
247 3039 387 3122 Sequens
411 3047 511 3106 antem
537 3048 591 3117 est,
615 3040 722 3122 utqui
746 3040 777 3103 in
802 3041 966 3119 impiorum
990 3037 1115 3103 consilio
1132 3057 1192 3101 non
1209 3038 1295 3110 abiit,

148 3143 180 3206 in
202 3151 396 3224 peccatorum
421 3164 541 3227 quoque
565 3144 614 3207 nia
638 3164 696 3207 non
713 3150 783 3207 stet.
827 3143 931 3225 plures
947 3144 1027 3206 enirn
1042 3148 1121 3219 sunt,
1145 3144 1208 3224 qui.
1226 3162 1294 3205 enm

150 3267 206 3327 per
228 3247 456 3313 confessionem
488 3249 537 3313 dei
569 3248 607 3312 sb
638 3248 795 3328 impietate
819 3248 943 3312 discreti
967 3248 1037 3319 sint,
1062 3266 1122 3309 nain
1149 3253 1294 3310 tamenn

630 3425 680 3459 rum

195 3474 256 3527 lin
274 3493 340 3526 erus.
360 3476 384 3526 rt
437 3476 630 3527 2commemo
701 3473 905 3526 eorr.ni.91'
957 3472 1145 3526 3oriminose
1164 3493 1198 3522 -.·.
1216 3488 1252 3526 us
1270 3473 1293 3524 It

148 3566 166 3614 4
193 3579 222 3615 so
250 3561 324 3615 nesci
349 3588 382 3597 -
407 3561 572 3613 necessitate
600 3579 648 3614 orn.
675 3562 702 3625 Γ,
727 3563 752 3612 in
773 3579 855 3629 nimy.
875 3561 923 3629 inf.
946 3562 1006 3611 adel.
1026 3579 1057 3610 ru.
1078 3558 1111 3610 2:
1131 3558 1293 3612 necessitate

150 3666 179 3701 se
205 3648 281 3701 nasci
309 3654 337 3700 et
364 3664 398 3700 ex
425 3647 521 3700 eadem
548 3665 658 3700 rursum
711 3649 778 3701 cac
797 3665 844 3699 ont.
872 3648 893 3698 Γ
944 3644 1051 3713 (inagis
1077 3646 1099 3697 1'
1115 3661 1236 3698 uacuum
1251 3646 1292 3697 Itu

148 3735 256 3788 hisdem
288 3736 333 3787 ΓΚ
351 3736 385 3800 cf.
405 3734 479 3787 Neue
506 3735 636 3787 Fermenl.
662 3735 700 3802 ΙΙ,
728 3734 787 3787 :ino
839 3734 918 3786 nulla
945 3731 1116 3786 consistendi
1143 3733 1251 3784 ratione
1276 3732 1297 3782 Γ

148 3821 307 3875 7defertur
327 3823 354 3872 Ε
404 3821 520 3874 alicuius
541 3840 571 3874 en·
590 3821 676 3874 alicus
696 3823 767 3873 ms.)
793 3822 814 3872 Γ
865 3822 956 3873 Bnon
981 3835 1040 3872 esse
1065 3819 1111 3871 t'rt
1165 3823 1253 3886 9qu1·
1271 3820 1294 3870 Ii

152 3945 183 3993 12
201 3902 359 3996 eteuadiffl
415 3946 446 3997 13
466 3944 493 3995 in
505 3943 596 3995 heresi
614 3944 658 3994 ΓΙ.)
713 3945 745 3994 lt
764 3940 902 4047 dilapsiilt
956 3939 1057 3994 ueteris
1071 3959 1100 3991 es
1119 3940 1186 3991 teris
1197 3940 1260 3992 rra?
1277 3942 1299 3991 Γ

150 4067 182 4116 lu
209 4069 237 4117 et
264 4082 311 4116 oni.
348 4065 370 4117 Γ
422 4068 453 4118 17
481 4064 608 4131 impietus
638 4064 659 4116 Γ
709 4066 743 4117 ‘20
763 4063 885 4130 requiras
915 4061 938 4109 R
990 4064 1025 4114 23
1055 4061 1203 4114 consilinm
1240 4062 1296 4116 t‘tte

148 4153 183 4203 24
206 4151 352 4205 consilium
380 4152 438 4203 tre
509 4167 564 4202 non
591 4151 674 4202 eundi
701 4150 721 4200 Γ
772 4153 806 4202 26
834 4147 950 4201 consiliis
978 4169 1007 4200 tn·
1035 4147 1149 4200 consilio
1185 4147 1208 4199 Γ
1233 4165 1297 4201 enn-

148 4237 241 4290 silium
262 4239 300 4290 re
352 4240 386 4290 28
405 4238 519 4290 discreti
538 4242 603 4290 sunt
630 4238 676 4289 Ιά.
