2790 4844
198 219 260 284 378
537 220 654 273 sancti
678 219 814 274 Hilarii
838 218 999 287 episcopi

196 409 323 474 nobis.
370 409 464 493 quia
501 409 720 474 secundum
758 407 1021 473 altitudinem
1058 407 1145 473 caeli
1179 429 1200 473 a
1235 416 1347 474 terra

196 513 450 596 elongeuitu
480 513 598 577 nobis
632 513 880 596 iniquitates
920 517 1090 588 nostras,
1126 513 1223 596 quie
1256 514 1344 593 ipse

197 617 391 702 cognouit
421 617 666 702 figmentum
688 624 880 682 nostrum.
925 636 1075 701 magnum
1098 624 1145 681 est
1168 623 1291 681 tantum
1312 617 1342 681 in

196 742 230 787 se
254 723 304 786 dei
327 722 571 787 misericordiam
600 741 822 804 recognoscere
846 727 879 785 et
901 721 980 786 scire
1002 720 1262 786 consuetudinem
1284 723 1342 786 cri-

158 852 170 889 s
197 827 315 890 minum
339 825 444 906 procul
467 846 501 890 se
524 827 634 890 abesse
657 833 687 890 et
710 826 838 908 dignum
872 826 921 890 dei
956 825 1169 890 misericordia
1204 845 1239 890 se
1274 845 1341 890 esse

195 930 339 1011 ooepisse.
383 928 535 1010 propheta
557 937 661 994 autem
680 928 740 1005 hie,
764 930 794 993 in
811 931 898 994 cuius
915 928 1033 994 seilicet
1048 949 1176 1009 corpore
1193 927 1341 994 habitatio

196 1034 246 1098 dei
270 1034 366 1118 digna
388 1042 443 1110 est,
468 1034 519 1116 qui
554 1040 660 1098 sancto
694 1034 804 1113 spiritu
837 1032 947 1114 plenus
981 1052 1042 1098 non
1077 1033 1256 1097 communia
1287 1052 1341 1098 nee

196 1144 318 1202 terrena
341 1137 456 1222 cogitat
479 1136 648 1214 stellatur,
671 1136 824 1202 libertatis
840 1137 905 1202 eius
921 1147 976 1213 est,
999 1144 1032 1202 ut
1050 1143 1131 1202 oret:
1156 1138 1339 1202 retribue

196 1261 314 1306 seruo
339 1254 411 1306 tuo.

240 1347 269 1410 2.
295 1345 357 1410 Sed
380 1346 458 1410 lorte
481 1345 640 1410 insolentis
671 1345 753 1410 istud
783 1346 919 1410 audacie
950 1350 1007 1421 est,
1037 1345 1104 1410 sine
1134 1342 1241 1428 aliqua
1271 1364 1339 1410 con·

196 1449 339 1514 sessionis
374 1449 526 1514 modestia
559 1451 704 1514 meritum
738 1449 947 1514 retributionis
981 1455 1112 1530 optasse,
1145 1467 1205 1514 neo
1243 1469 1278 1514 se
1309 1449 1336 1511 in

196 1573 323 1634 corpore
346 1553 448 1631 situm,
471 1554 503 1617 id
525 1560 574 1618 est
596 1555 628 1617 in
652 1551 705 1616 uili
728 1560 822 1636 atque
844 1551 953 1617 humili
970 1562 1052 1617 sorte
1068 1572 1137 1617 esse
1152 1553 1335 1617 meminisse

196 1657 326 1722 exclusit
361 1663 466 1722 autem
502 1655 651 1738 propbeta
681 1677 805 1721 omnem
837 1658 875 1722 de
900 1678 934 1722 se
956 1656 1103 1722 uanitatis
1126 1677 1163 1721 uc
1188 1657 1334 1722 iaetantia

196 1762 381 1841 opinionem.
426 1781 500 1824 narn
524 1781 594 1825 oum
611 1761 740 1826 dixisset
762 1761 945 1826 retribue
968 1780 1005 1824 er
1020 1759 1134 1826 fiducie
1148 1760 1331 1833 innocentia

197 1868 314 1930 'seruo
338 1874 403 1929 tuo
426 1885 461 1929 er
479 1866 634 1930 seruitutis
650 1864 751 1930 officio
767 1872 797 1930 et
813 1886 849 1930 ex
865 1864 1053 1930 condicionis
1069 1885 1132 1929 suae
1147 1863 1333 1929 confessione

196 1969 335 2035 subiecit.
381 1975 557 2034 constanter
590 1970 685 2054 igitur
718 1968 786 2033 haeo
819 1967 963 2050 postulat,
994 1968 1047 2053 qui
1077 1988 1110 2033 se
1134 1968 1184 2033 dei
1207 1985 1338 2041 seruum,

196 2093 255 2137 non
294 2066 412 2154 peccati
450 2093 518 2138 esse
553 2074 710 2151 meminit;
755 2073 849 2157 quia
894 2073 1032 2150 omnis,
1078 2072 1145 2155 qui
1187 2077 1350 2155 peceat,

196 2197 339 2242 seruus
370 2183 430 2241 est
461 2178 630 2258 peccati.

241 2280 268 2346 3.
293 2281 451 2357 Vinum,
490 2281 604 2365 inquit,
643 2288 681 2345 et
720 2281 947 2346 obseruabo
993 2299 1202 2346 sermones
1241 2287 1358 2344 tuos.

196 2388 325 2451 uiuam
362 2392 454 2469 atque
487 2384 714 2450 obseruabo
748 2405 809 2450 non
843 2385 1004 2466 praesentis
1039 2385 1187 2466 temporis
1208 2403 1259 2449 res
1281 2384 1358 2448 est

195 2491 251 2555 sed
288 2489 474 2573 significatio
507 2490 659 2554 sermonis
694 2491 759 2554 eins
792 2490 824 2553 in
859 2488 950 2555 futuri
984 2509 1018 2555 se
1050 2496 1172 2570 tempus
1194 2482 1358 2553 extendit

195 2595 255 2658 seit
271 2594 354 2658 enim
371 2593 528 2678 propheta,
546 2596 669 2677 quando
686 2594 775 2658 beata
796 2593 850 2658 illa
872 2600 901 2659 et
922 2613 998 2658 uera
1019 2593 1190 2659 uiuentium
1213 2593 1253 2657 sit
1267 2590 1358 2655 uite

195 2718 276 2763 nuuc
299 2698 383 2762 enim
408 2704 438 2761 et
461 2699 492 2762 in
516 2696 642 2778 puluere
665 2701 774 2762 mortis
797 2718 959 2762 manemus
983 2703 1014 2762 et
1036 2699 1067 2760 in
1084 2698 1193 2761 mortis
1208 2703 1355 2776 eorpor⁰

196 2823 310 2881 sumus,
341 2822 442 2885 aquo
467 2822 500 2867 se
523 2802 646 2866 liberari
669 2801 824 2881 apostolus
858 2808 924 2867 orat
954 2802 1077 2867 diceus:
1111 2802 1235 2866 miser
1263 2806 1352 2875 eg0

240 2923 501 2991 1710h.V111‚34.
538 2926 571 2976 24
590 2922 671 2977 Rom.
690 2925 749 2992 VH,
768 2929 810 2979 at.
1346 2991 1351 3000 ‚

239 3011 546 3064 rsieutzattitudine
567 3012 590 3062 C
639 3030 655 3064 a
679 3029 709 3063 ec
736 3028 768 3064 ao
795 3013 820 3064 R
872 3010 1049 3079 2elougauit
1076 3029 1107 3063 ex
1133 3008 1296 3078 elongetuit
1333 2994 1343 3043 l

195 3099 321 3166 longauit
348 3099 403 3149 RE
427 3098 605 3165 prolongabit
635 3096 725 3168 (ppo
785 3099 864 3153 nobis
892 3096 950 3163 (ont.
979 3095 1004 3165 a)
1029 3115 1049 3167 p
1108 3095 1342 3165 efigumtimrem

194 3190 317 3238 nostram
337 3185 392 3236 RE
442 3186 470 3237 in
490 3203 517 3237 se
536 3190 614 3237 tanta
632 3184 676 3237 dei
695 3184 940 3238 misecricordieR
992 3183 1124 3252 bprooul
1143 3199 1173 3236 se
1191 3183 1290 3236 abesse
1313 3159 1341 3220 lq

194 3273 291 3340 procul
310 3272 405 3326 abesse
424 3272 449 3324 R
467 3272 565 3339 procul
584 3290 600 3324 a
619 3288 647 3325 se
666 3273 760 3325 abesse
787 3273 858 3341 wip
912 3277 940 3325 et
964 3271 1080 3340 dignum
1099 3299 1131 3306 -·
1152 3287 1182 3325 se
1208 3286 1264 3324 esse
1290 3270 1334 3311 On*

197 3357 287 3432 Cpffl)
342 3358 560 3411 misericordiam
572 3377 630 3412 sese
640 3359 761 3427 coepisse
783 3360 804 3412 V
853 3363 870 3413 6
889 3359 953 3412 hino
964 3358 1009 3412 eui
1022 3355 1329 3426 uiuussoiticettposts·

195 3448 255 3499 oin
274 3445 381 3498 scilieet
400 3447 459 3497 odd.
479 3444 557 3511 m.2)
576 3447 599 3498 l'
649 3446 767 3513 7digna
785 3464 815 3498 ex
833 3445 917 3514 digno
936 3464 960 3497 tn
987 3444 1051 3498 211'
1101 3445 1168 3513 quie
1186 3450 1277 3498 sancto
1292 3427 1326 3496 ΓΡ

194 3590 284 3637 nonen
303 3530 393 3637 munla
404 3585 427 3632 (ἶ
477 3586 494 3638 8
512 3584 636 3652 cogitans
653 3584 721 3637 haec
739 3584 839 3639 effatur
854 3584 993 3653 l'oogitnt
1011 3600 1059 3638 uec
1073 3583 1174 3657 effatur
1183 3603 1204 3654 p
1254 3578 1321 3632 tiber

194 3672 260 3723 tetis
279 3671 338 3723 eius
357 3688 386 3722 os
405 3677 436 3723 ut
454 3678 515 3723 oret
529 3689 550 3741 p
569 3671 683 3724 libertas
701 3672 759 3723 eius
779 3672 833 3725 &ou
852 3676 884 3724 ut
901 3675 962 3725 oret
983 3672 1006 3724 0
1058 3674 1090 3727 10
1107 3670 1234 3725 insoletie
1251 3666 1280 3721 sit
1292 3660 1319 3715 ut

195 3758 310 3810 audacia
328 3758 418 3810 estV
470 3758 498 3810 ll
521 3758 628 3810 obtasse
649 3759 671 3810 s*
723 3760 755 3811 ta
774 3763 857 3826 atque
884 3758 913 3811 in
941 3757 1040 3811 humili
1067 3758 1105 3828 cp
1159 3773 1221 3812 esse
1246 3765 1317 3822 orap

196 3847 228 3900 13
247 3861 279 3898 ao
298 3864 328 3897 cx
344 3845 397 3899 hae
416 3845 441 3897 R
494 3845 641 3898 iactantiae
665 3864 696 3898 ec
719 3845 882 3900 iaetantium
900 3845 972 3899 ru?
995 3846 1021 3899 V
1072 3847 1103 3898 lt
1122 3844 1286 3899 meminisset
1303 3837 1323 3896 l‘

194 3936 292 4000 peceat
310 3951 340 3984 ee
357 3932 465 3999 peccati
483 3951 515 3983 nu
534 3931 554 3983 9
579 3933 602 3984 V
650 3935 686 3986 20
703 3934 793 4000 adque
817 3933 865 3986 Vn
918 3935 947 3987 21
971 3931 1138 4001 significatio
1157 3934 1287 3986 sermonis
1300 3951 1322 3986 ex

195 4016 404 4085 significationis
424 4018 495 4071 nn?
519 4019 543 4072 l'
593 4019 675 4072 huius
699 4016 843 4089 tffa’tpc
893 4021 923 4073 in
949 4019 1075 4073 futurum
1103 4036 1133 4072 se
1157 4025 1267 4090 tempus
1288 4021 1326 4075 (ΓΕ

193 4107 228 4158 22
247 4106 305 4157 nito
333 4105 369 4157 sit
402 4106 493 4175 t'tpE
552 4107 586 4158 23
606 4113 633 4158 et
660 4123 708 4158 ont
733 4126 752 4175 p
813 4107 840 4159 in
859 4106 1004 4175 puluerem
1039 4107 1063 4159 l'
1118 4109 1155 4162 24
1172 4108 1291 4165 liberare
1315 4112 1331 4165 C

195 4208 247 4259 ego
266 4210 296 4243 eu
314 4208 381 4258 ergo
399 4210 431 4244 m.
453 4193 468 4243 l
494 4193 520 4245 V.
