2790 4844
153 243 216 310 832
498 246 612 300 sancti
631 245 766 300 Hilarii
785 245 947 314 episcopi

152 436 247 501 finem
280 436 513 521 magnificentia
545 436 643 516 ipsius
675 437 783 508 nescit,
821 442 851 500 et
889 434 1025 518 aliquam
1066 433 1231 499 emetiendi
1257 455 1282 496 se

152 540 327 620 opinionem
361 541 502 606 inmensa
535 540 716 624 magnitudo
749 560 811 604 non
846 540 968 620 patitur.
1013 545 1140 604 extenta
1176 538 1284 621 ubique,

153 651 276 709 extenta
312 664 435 726 semper
472 652 534 721 est,
580 644 660 710 hanc
697 643 817 709 habens
853 643 1015 709 infinitatis
1053 663 1119 708 suae
1166 641 1283 707 laudem.

153 756 288 814 ceterum
320 769 442 813 omnem
473 747 717 833 intellegentiam
748 747 875 812 infinita
905 748 995 813 huius
1017 747 1051 811 in
1075 767 1111 812 se
1143 746 1284 831 qualitatis

114 883 126 917 s
154 853 315 918 excedens.

197 958 225 1020 7.
251 956 291 1020 Et
324 958 397 1040 quia
441 956 508 1022 lraec
542 958 589 1022 uel
627 958 777 1022 inmensae
814 955 1039 1041 magnitudinis
1078 956 1214 1040 cognitio
1244 953 1284 1019 uel

152 1061 285 1126 laudatio
308 1081 435 1142 operum
459 1063 508 1127 dei
531 1062 753 1126 non'omnium
784 1061 921 1146 gentium
953 1069 1010 1135 est,
1043 1060 1160 1144 quibus
1182 1083 1200 1124 a
1220 1078 1283 1123 con·

99 1225 103 1233 .
152 1165 308 1231 stitutione
331 1167 437 1230 mundi
461 1166 522 1230 uita
545 1173 575 1231 et
597 1186 708 1231 sensus
732 1166 841 1231 fuisset
871 1166 1034 1248 futuraque
1066 1173 1160 1241 esset
1191 1183 1284 1229 conse

152 1276 281 1354 quenter
319 1269 464 1335 subiecit:
509 1271 725 1353 generatio
762 1276 798 1335 et
843 1269 1062 1354 generatio
1108 1267 1283 1333 laudabit

102 1397 125 1432 ιο
152 1394 273 1455 opera
295 1381 370 1439 tua.
416 1395 476 1440 non
501 1375 606 1458 utique
630 1375 847 1458 generationes
871 1382 901 1439 et
923 1374 1152 1458 generationes
1175 1378 1284 1456 quaet

151 1477 342 1557 temporibus
366 1485 396 1542 et
418 1478 563 1562 gentibus
585 1478 690 1543 multae
713 1485 808 1562 atque
832 1478 963 1543 diuersae
987 1488 1070 1552 sunt,
1102 1477 1160 1542 sed
1182 1495 1284 1560 geue-

151 1583 264 1658 ratio,
288 1601 358 1664 quae
381 1584 419 1647 ab
440 1582 603 1647 Abraham
626 1583 728 1662 oepit,
751 1602 820 1667 quae
836 1603 891 1664 per
907 1583 1033 1666 signum
1050 1579 1283 1646 circumcisionis

152 1687 313 1766 deputatur
335 1686 366 1749 in
389 1686 502 1769 legem,
526 1693 564 1752 et
586 1688 810 1771 generatio,
834 1707 903 1771 quae
926 1691 1095 1751 renouatur
1117 1682 1283 1755 inchristo

151 1810 220 1874 quae
243 1810 281 1854 ex
304 1790 452 1855 doctrinis
476 1789 663 1871 propheticis
683 1791 722 1854 ad
738 1791 830 1856 fidem
854 1789 1044 1874 euangelicae
1067 1786 1281 1854 iustificationis

100 1915 123 1950 1⁶
151 1893 318 1958 instruitur.
364 1895 474 1958 harum
497 1894 590 1978 igitur
613 1895 846 1978 generationum
872 1894 1031 1975 proprium
1057 1902 1104 1959 est
1127 1893 1177 1958 dei
1200 1910 1283 1975 opera

150 1997 286 2062 laudere.

194 2102 223 2166 8.
247 2102 379 2166 laudari
410 2109 511 2167 autem
544 2125 638 2183 opera
667 2104 716 2168 dei
746 2124 805 2167 non
835 2102 895 2167 alia
916 2103 995 2167 ratio
1018 2101 1167 2167 admonet
1198 2118 1278 2183 quern

151 2207 231 2289 quod
265 2207 369 2270 omnia
402 2208 440 2271 ab
475 2228 510 2272 eo
544 2214 685 2287 potenter
718 2206 830 2273 effecta
866 2213 946 2284 sunt,
992 2207 1066 2290 quia
1103 2204 1275 2287 praeconium

149 2309 264 2376 habeat
286 2331 346 2375 non
363 2300 480 2394 aliquid
496 2312 606 2395 egisse,
629 2314 685 2376 sed
702 2319 839 2392 potenter
855 2312 966 2395 egisse.
1013 2318 1044 2374 et
1059 2310 1130 2375 ideo
1146 2308 1276 2374 subiecit:

99 2430 124 2468 ²⁰
151 2423 189 2480 et
212 2416 434 2495 potentiam
459 2424 563 2481 tuam
587 2416 920 2496 pronuntiabunt.

194 2520 222 2582 9.
246 2520 307 2584 Sed
343 2519 475 2598 potentia
508 2540 634 2600 operum
670 2541 706 2584 ea
739 2522 865 2585 demum
899 2519 1099 2599 praedicanda
1134 2524 1186 2594 est
1217 2533 1272 2597 que

149 2623 387 2707 magnificentiae
418 2631 595 2706 exaequetur
624 2625 787 2707 operantu,
818 2631 852 2688 ut
880 2623 1015 2706 potentis
1049 2619 1269 2706 magnificantia

149 2733 257 2808 potens
280 2726 477 2811 intellegatur
499 2729 644 2808 operatio.
689 2729 727 2792 ob
745 2729 826 2811 quod
843 2727 1057 2811 consequitur:
1081 2733 1119 2791 et
1142 2721 1269 2806 magni·

148 2831 363 2895 licentiam
388 2832 621 2897 maiestatis
644 2839 724 2896 tuae.

96 2949 122 2988 2⁵
194 2936 244 2999 10.
269 2936 332 3001 Sed
356 2936 595 3020 magnificentia,
618 2937 643 3001 si
668 2937 751 3020 quod
774 2936 805 3001 in
829 2957 863 3001 se
886 2944 933 3001 est
956 2944 1076 3001 tantum
1093 2935 1149 3000 sibi
1166 2930 1264 2996 habeat

150 3040 241 3104 habet
271 3040 516 3118 admirationem,
550 3061 611 3105 non
644 3039 739 3105 habet
772 3040 911 3116 laudem;
946 3047 976 3105 et
1010 3039 1108 3103 otiosa
1142 3035 1203 3101 aliis
1231 3037 1264 3094 est

149 3145 282 3226 potentis
305 3145 448 3224 operatio,
482 3145 541 3209 nisi
565 3165 620 3226 per
642 3145 798 3225 operantis
821 3145 1017 3209 sanctitatem
1039 3163 1129 3208 usum
1152 3139 1260 3221 aliquem

150 3269 186 3313 ex
209 3270 243 3313 se
264 3248 332 3321 illis.
364 3249 416 3332 qui
446 3249 615 3314 laudabunt
644 3257 674 3314 et
704 3250 946 3319 admirabuntur,
970 3248 1125 3328 inpertiet.
1169 3261 1201 3308 ex
1219 3254 1261 3320 (1¹1⁰

149 3352 579 3436 conpetenterhocsequitur:
603 3353 918 3419 etsanctitatem
935 3351 1259 3435 tuamloquentps·

96 3467 122 3506 ³⁰
149 3465 180 3522 et
201 3459 347 3522 sanctitas
371 3457 498 3541 quidem
520 3458 583 3522 iam
613 3458 692 3521 bona
721 3463 769 3523 est
799 3477 901 3541 neque
931 3462 1050 3520 tantum
1081 3455 1139 3521 sibi
1168 3442 1258 3533 proficit

149 3581 249 3644 neque
264 3561 332 3640 hoc,
349 3563 432 3645 quod
447 3581 484 3626 eu
501 3582 534 3626 se
549 3567 604 3638 est,
627 3561 708 3625 intra
721 3581 814 3626 usum
825 3560 979 3626 commodi
993 3559 1110 3640 proprii
1128 3547 1255 3623 consumit

148 3685 218 3729 uam
245 3667 335 3730 etiam
363 3666 402 3730 ad
428 3666 656 3746 prouocandam
682 3666 713 3729 in
736 3686 770 3730 se
793 3664 921 3729 aliorum
941 3664 1177 3729 beneficentiam
1193 3667 1256 3720 suur-

147 3769 241 3834 titatis
272 3769 381 3834 officiis
412 3790 480 3834 sese
510 3770 577 3849 ipsa
607 3769 810 3834 commendat.
856 3769 912 3833 sed
935 3767 1013 3832 nihil
1037 3770 1077 3833 de
1101 3788 1133 3832 se
1156 3765 1256 3846 dignun

191 3912 268 3962 ‘lest
286 3926 334 3960 oni.
352 3909 378 3961 R
430 3909 646 3977 8futura.quae
673 3927 715 3963 ess
734 3909 757 3963 dt
776 3910 802 3962 R
857 3912 886 3962 11
906 3908 1034 3961 diuersae
1059 3909 1098 3961 Re
1125 3890 1257 3990 aduersttl

149 3996 181 4047 17
200 3995 307 4048 laudeni
325 4000 417 4048 autem
436 3997 475 4049 Rc
493 3997 633 4050 laudarit
688 3999 720 4049 le
739 3996 803 4064 quia
822 3997 862 4048 Rc
882 3997 964 4064 quie
1016 3996 1052 4048 22
1069 3989 1258 4062 magnificate

148 4080 189 4132 ΕΙ)
207 4081 438 4148 magnificentiae
490 4090 658 4151 exaequetur
672 4085 711 4136 Re
730 4089 909 4151 exequature
960 4084 995 4136 23
1014 4082 1038 4136 u
1056 4071 1258 4150 magnificentiam

604 4169 612 4208 r

148 4219 193 4271 lla
212 4219 445 4286 magnificentiam
463 4242 475 4272 ε
528 4225 561 4276 28
579 4180 656 4267 ssnz
666 4223 735 4292 ptidr
752 4240 819 4276 corr.
838 4241 871 4276 m.
890 4222 907 4274 1
924 4223 958 4274 R.
