2790 4844
348 274 528 322 tractatus
553 268 587 321 iu
611 268 784 336 psalmum
808 267 900 321 CXIX.
1140 269 1202 334 547

54 460 203 524 dominus
238 459 326 524 nobis
361 460 391 523 in
426 457 587 542 euangelio
621 464 727 523 auctor
761 464 810 523 est
843 456 966 524 diceus:
1001 479 1076 523 nou
1110 461 1203 525 ueni

59 564 193 648 legem
217 563 389 643 soluere,
413 563 484 627 sed
508 561 745 641 adimplere.
775 561 1204 647 apostolosquoqueomnem

54 668 358 732 consummationem
392 666 472 751 legis
507 667 538 731 in
573 667 697 730 domino
733 672 836 731 nostro
872 665 941 731 lesu
976 664 1100 732 Christo
1135 688 1203 733 esse

59 782 192 836 teanum·
215 773 336 836 dicens:
371 771 473 835 finis
496 770 601 835 enirn
631 770 737 853 legis
763 768 954 836 Christus
977 778 1048 835 eat.
1095 771 1204 836 sedet

60 874 114 940 hic
149 876 231 940 idem
266 876 366 940 Dauid
401 874 552 956 propheta
597 883 745 939 aeternum
780 894 849 939 eum
884 877 1078 939 sacerdotem
1113 875 1205 940 docet
1243 900 1256 937 a

55 979 1203 1045 dicens:tuessacerdosinaeternumsecundumordinem

59 1083 387 1149 Melchisedech.
435 1082 485 1148 hic
516 1084 608 1167 igitur
637 1083 781 1163 princeps
815 1084 1012 1147 sacerdotum
1043 1083 1203 1166 ingressus

54 1187 161 1262 caulos,
193 1189 306 1252 sedens
330 1188 368 1252 ad
397 1189 558 1252 dexteram
588 1188 648 1263 dei,
679 1207 770 1251 orans
799 1188 840 1250 ad
862 1198 991 1267 patrem,
1014 1195 1054 1265 ut,
1077 1188 1129 1252 ubi
1152 1186 1203 1252 ille

57 1307 152 1366 esset,
177 1312 231 1356 nos
255 1311 378 1375 quoque
401 1312 550 1368 essemus,
574 1292 627 1375 qui
652 1297 682 1356 et
705 1290 851 1356 excitauit
866 1302 896 1355 et
911 1290 1071 1356 collocauit
1093 1311 1149 1356 noe
1172 1292 1203 1355 iu

58 1395 245 1471 caelestibus,
279 1395 331 1461 ille
364 1397 425 1460 iam
461 1416 517 1476 per
551 1394 735 1476 prophetam
769 1404 946 1471 monuerat·
969 1395 1081 1479 quihus
1104 1395 1204 1461 modis
1232 1419 1256 1455 ιο

54 1499 238 1583 quibusque
255 1500 324 1564 uites
347 1500 574 1583 operationibus
590 1500 715 1564 ascendi
733 1508 837 1579 posset
853 1499 892 1562 ad
908 1518 986 1578 sese,
1009 1518 1065 1580 per
1076 1498 1203 1564 Esaiam

59 1605 117 1667 ita:
154 1602 361 1679 lauamini‚
384 1603 520 1668 mundi
556 1611 696 1681 estote,
720 1603 880 1667 auferte
914 1603 1124 1687 nequitias
1158 1604 1203 1669 ab

54 1707 208 1771 animis
254 1709 407 1772 uestris
446 1728 462 1772 e
500 1715 725 1789 conspeetu
763 1707 969 1772 oculorum
1014 1727 1203 1773 meorum:

59 1811 248 1875 desinite
271 1832 289 1876 a
311 1811 486 1877 malitiis
509 1812 674 1889 uestris,
699 1812 849 1876 discite
880 1812 1024 1877 bonum
1058 1812 1203 1891 lacere,

58 1914 270 1998 exquirite
301 1916 506 1993 iudicium,
538 1916 670 1980 eruite
700 1916 893 1980 iniuriam
924 1916 1256 1996 accipienserem

59 2018 246 2084 iudicate
277 2018 435 2100 pupillo
458 2019 755 2085 etiustisicate
789 2020 965 2084 uiduam:
1000 2026 1037 2085 et
1065 2021 1204 2086 uenite

57 2124 334 2202 disputemus,
374 2125 477 2190 dicit
514 2123 701 2188 dominus
740 2124 1006 2204 omnipotens.
1063 2123 1095 2188 hi
1133 2131 1206 2189 sunt

61 2227 157 2310 igitur
192 2228 308 2311 gradus
342 2229 470 2309 perlecti
503 2227 586 2293 illius
620 2228 789 2311 aeternique
813 2227 927 2308 templi,
962 2247 1038 2312 quos
1062 2229 1205 2310 princeps

63 2332 259 2396 sacerdotum
289 2331 370 2397 facta
400 2353 456 2413 per
486 2333 667 2416 sauguinem
698 2352 788 2396 suum
812 2342 1008 2412 peccatorum
1033 2346 1205 2397 nostrorum

65 2435 277 2516 propitiatione
302 2437 500 2512 transcendit,
524 2436 616 2501 modo
641 2435 753 2500 terreni
784 2456 821 2500 ex
850 2434 920 2519 lege
951 2436 1119 2501 sacerdotia
1150 2457 1205 2502 seu
1233 2456 1258 2494 aa

65 2539 212 2620 gradibus
235 2539 266 2603 in
290 2553 466 2605 sauctorum
489 2546 598 2605 sancta
624 2541 802 2605 scandentis
825 2560 879 2604 seu
902 2539 1048 2604 litationis
1072 2539 1204 2605 hostiam

67 2660 116 2719 pro
140 2641 254 2726 populo
277 2641 441 2708 offerentis

107 2746 135 2810 6.
160 2747 209 2810 Ac
243 2748 282 2812 de
317 2748 495 2831 quindecim
531 2749 658 2832 quidem
692 2748 842 2832 gradihus
881 2756 911 2812 et
947 2749 1206 2829 superscriptione

63 2849 174 2913 cantici
197 2849 260 2914 iarn
284 2851 314 2914 in
339 2853 464 2916 exordio
488 2851 678 2932 psalmorum
702 2866 775 2929 tum,
799 2872 868 2916 cum
891 2872 993 2917 sermo
1013 2852 1052 2917 de
1068 2853 1205 2917 numeris

63 2952 155 3017 etde
179 2956 490 3035 superscriptionibus
514 2956 628 3031 incidit,
652 2955 755 3039 aliqua
778 2956 988 3033 tractauimus
1019 2977 1056 3021 en
1087 2956 1205 3021 duobus
1233 2975 1258 3012 aa

61 3054 178 3121 scilieet
216 3062 354 3124 numeris
393 3059 589 3125 hebdomade
627 3069 658 3124 et
694 3060 849 3142 ogdoade,
888 3080 1018 3143 quorum
1055 3080 1134 3125 unus
1166 3059 1205 3124 ob

56 3157 227 3228 sabbatum
280 3163 359 3247 legis
405 3165 459 3240 sit,
505 3163 583 3228 alius
629 3163 667 3227 ob
712 3166 913 3229 accedentem
958 3166 997 3229 ad
1043 3164 1205 3229 sabbatum

121 3369 352 3438 thatth.V,17.
387 3374 500 3426 4Rom.
520 3374 552 3439 X,
571 3377 596 3425 l.
632 3373 710 3426 6Ps.
730 3372 798 3439 cix,
816 3376 841 3426 4.
880 3376 912 3426 12>
930 3373 1003 3426 Esai.
1022 3375 1043 3441 Ι,
1063 3376 1095 3426 16
1114 3391 1154 3441 eq.

76 3614 83 3623 ⁸
116 3538 276 3614 5propheta
294 3552 438 3599 aeteruum
458 3547 538 3599 RTE
554 3546 689 3614 propheta
706 3547 735 3599 in
754 3552 897 3599 aeternum
918 3548 941 3597 Τ
994 3548 1010 3598 6
1031 3547 1157 3600 sacerdos
1176 3540 1206 3599 dl

76 3623 143 3675 Μ
190 3631 427 3686 'Imelchiaedebe
446 3633 472 3685 P
523 3633 755 3701 ingressusRTE
771 3651 801 3686 ea
818 3649 946 3701 egressas
961 3633 985 3685 P
1035 3633 1118 3686 81111
1132 3634 1209 3685 PTE

77 3715 161 3769 oriali
208 3725 225 3776 9
243 3739 293 3775 uos
312 3738 420 3790 quoque
440 3723 528 3775 RPTe
546 3728 573 3775 et
592 3738 642 3774 nos
664 3739 773 3789 quoque
792 3724 806 3771 b
859 3721 993 3775 excitauit
1011 3727 1040 3774 et
1058 3720 1206 3774 collocabit

83 3787 150 3852 RTE
164 3809 293 3863 excitabit
312 3814 340 3862 et
359 3809 506 3863 collocabit
526 3810 550 3861 l’
603 3812 634 3862 ll
654 3815 746 3876 posset-
765 3809 819 3860 RE
834 3809 923 3876 possit
943 3808 993 3860 Μ’
1035 3825 1086 3876 per
1104 3808 1206 3861 esaiam

87 3877 176 3945 thaam
193 3896 226 3961 n)
254 3897 294 3949 ra
312 3896 390 3948 rear
417 3896 465 3949 seu
493 3912 542 3964 per
569 3895 679 3948 esaiam
708 3896 746 3948 sta
773 3895 812 3947 art
832 3895 859 3947 a
912 3894 1206 3964 1amunai1u'acf.

88 3964 238 4045 «11111111,
257 3981 314 4035 ors
339 3981 363 4037 a
388 3983 484 4035 munus
504 3983 529 4035 a
584 3984 614 4035 n
634 3981 673 4034 air
700 3983 723 4033 r*
749 4001 779 4035 ea
805 3981 834 4034 u
853 3982 878 4034 a
932 3984 964 4035 1e
982 3982 1110 4049 princeps
1130 3983 1209 4034 aru

89 4072 113 4109 (ἲ
127 4062 250 4137 orincipes
269 4069 296 4121 P
346 4070 381 4123 20
400 4069 565 4122 tranecindit
585 4068 620 4121 Ρι
673 4069 776 4121 terreni
803 4068 880 4120 PTE
901 4068 1018 4122 terrenis
1038 4070 1063 4121 R
1116 4085 1206 4123 sacer·

87 4141 428 4209 dabrmasaeerdotiialr
475 4158 509 4208 ‘25
517 4155 550 4218 cf.
557 4175 585 4225 p.
596 4155 669 4220 lh?
716 4158 749 4207 26
759 4154 926 4208 ebdomadae
939 4155 1015 4207 Μ’
1066 4156 1208 4224 ogdoadae

87 4229 147 4292 RTss
189 4243 221 4296 27
235 4243 312 4297 uerba
325 4243 395 4312 legia
409 4243 445 4296 sit
458 4243 528 4296 alius
541 4243 577 4297 ob
590 4243 766 4298 accedentem
786 4242 821 4296 ad
840 4243 983 4296 sabbatum
1003 4243 1040 4294 bis
1057 4243 1157 4312 scripsit
1174 4246 1208 4298 G.

1000 4348 1049 4401 35*
