2790 4844
403 271 583 322 tractatus
608 268 642 321 in
667 269 839 337 psalmum
857 268 955 322 LVIII.
1190 269 1251 333 183

156 456 180 520 3.
205 457 352 540 Sequitur
376 458 474 523 enim:
498 459 591 541 quia
613 464 886 539 oaptauerunt
919 459 1092 523 animam
1117 480 1251 536 meam,

122 561 323 625 inruerunt
345 561 384 625 in
407 581 465 625 me
489 561 628 627 fortes.
673 581 804 645 neque
838 560 1042 647 inliquitas
1075 583 1168 642 mea,
1190 583 1250 628 ne·

120 673 413 746 quopeoeatnm
437 686 573 744 meum,
604 668 780 746 domine;
814 667 904 731 elna
938 667 1161 749 iniquitate
1192 687 1251 733 ou-

119 770 212 834 rurri
237 777 275 834 et
298 770 445 835 direxi.
492 777 614 853 captata
636 771 741 836 anima
765 770 868 836 Dauid
892 778 947 847 est,
977 790 1048 835 oum
1072 772 1113 836 ad
1135 771 1252 836 interfi-

118 874 249 938 ciendum
285 877 378 940 domo
411 874 532 940 clausus
567 882 621 941 est
668 884 699 941 et
733 894 923 959 quamquam
962 883 1066 940 emtus
1100 877 1143 941 de
1180 876 1249 940 Saul
1278 903 1291 939 s

119 977 249 1044 manibus
281 979 330 1056 sit,
365 986 469 1044 tamen
494 979 553 1043 uiri
576 979 761 1064 sanguinum
797 986 868 1044 sunt
901 980 1087 1063 sanguinem
1109 979 1175 1044 eius
1198 1001 1251 1061 op-

120 1092 214 1147 tantes.
262 1084 318 1148 sed
342 1085 513 1149 seeundum
539 1084 648 1164 psalmi
673 1084 936 1168 praescriptionem
959 1084 1126 1147 aduersum
1156 1103 1251 1148 unum

122 1205 174 1249 esse
196 1189 409 1268 precationem
426 1194 616 1253 conuenerat
633 1207 707 1272 rege
723 1186 828 1270 utique
845 1185 905 1249 hoo
925 1185 1055 1250 uolente.
1103 1186 1159 1250 sed
1182 1207 1251 1252 ora-

124 1287 180 1354 tioni
202 1291 390 1375 prophetissa
413 1291 470 1356 fuit
492 1309 597 1356 sermo
620 1289 839 1369 moderandus,
870 1295 904 1354 ut
927 1288 1064 1374 querella
1085 1289 1251 1356 referretur

126 1393 155 1455 u
172 1394 322 1478 populum,
345 1416 417 1461 eum
440 1400 566 1476 captant
586 1394 724 1459 animam
740 1395 836 1460 fortes
848 1396 1021 1459 inruentes:
1045 1395 1159 1478 quippe
1173 1415 1250 1478 quos
1279 1423 1304 1456 ιο

129 1496 201 1563 llrtes
233 1501 374 1576 armauit,
411 1501 463 1583 qui
499 1507 529 1564 et
562 1520 615 1564 oor
649 1500 733 1564 Iudae
766 1500 804 1563 ad
839 1498 1046 1563 ministerium
1070 1499 1250 1579 perditionis

131 1599 264 1682 ingressus
289 1611 345 1669 ast.
390 1603 422 1668 hi
447 1623 521 1688 ergo
544 1603 640 1669 fortes
664 1608 791 1689 captant
813 1603 947 1667 animam
972 1609 1002 1667 et
1025 1604 1251 1682 elusanimam,

133 1701 154 1765 iu
171 1727 221 1789 quo
243 1729 344 1792 neque
367 1708 511 1792 iniquitas
534 1728 636 1791 neque
660 1714 820 1789 peecatum
852 1714 907 1780 est,
940 1708 991 1790 qui
1023 1726 1148 1772 currens
1182 1709 1249 1772 sine

131 1804 263 1891 iniquitate
287 1813 408 1877 ditexit.

163 1911 184 1976 l.
203 1915 240 1981 llt
262 1918 367 1982 nesoio
389 1918 416 1981 si
439 1917 575 1982 anterior
598 1917 734 1997 psalmus
756 1917 866 1982 referri
891 1917 920 1980 in
935 1916 1035 1980 Dauid
1051 1917 1112 1981 ista
1126 1917 1248 1997 patitur,
1279 1940 1303 1976 ra

133 2032 177 2091 luo
196 2021 315 2086 dieitur:
341 2041 434 2086 eoae
457 2021 722 2105 iniquitatem
746 2040 871 2085 meam
907 2041 980 2104 ego
1010 2040 1189 2104 agnosse
1214 2028 1251 2085 et

133 2132 317 2191 uersatum
340 2145 468 2191 meum
492 2131 636 2190 contra
659 2145 717 2188 me
738 2131 986 2205 estsemper.
1032 2144 1094 2188 non
1110 2124 1252 2190 conuenit

131 2222 293 2295 lsstluorum
316 2230 416 2294 ordini
447 2237 534 2294 tanta
556 2229 729 2304 diuersitas,
761 2235 794 2292 ut
823 2229 862 2292 ab
886 2229 997 2292 eodem
1032 2228 1147 2293 dietum
1182 2247 1250 2293 esse

132 2327 268 2416 utdunque
289 2332 534 2418 intellegendum
556 2334 604 2398 sit.
649 2333 702 2398 sed
725 2333 760 2410 si,
784 2333 856 2415 quia
871 2333 1007 2397 anterior
1022 2332 1155 2397 confessi
1179 2350 1251 2412 peo-

127 2430 173 2494 fflti
190 2437 322 2516 psalmus
356 2439 507 2518 posterior
540 2439 572 2502 in
604 2450 744 2523 tempore
779 2445 834 2514 est
869 2437 1010 2501 uideatur
1044 2436 1142 2500 Dauid
1178 2441 1249 2499 ante
1278 2457 1303 2492 νυ

129 2547 274 2621 amatum,
298 2551 333 2607 ut
354 2542 474 2623 peooati
498 2543 630 2616 nescius,
656 2541 723 2607 hano
748 2541 873 2618 loeutus,
911 2541 1148 2605 meminerimus
1178 2560 1249 2604 euni

127 2640 296 2712 subsidam
321 2653 446 2730 peccato
470 2649 510 2712 de
533 2646 676 2711 humanm
700 2647 894 2711 necessitatis
910 2645 1102 2711 consessione
1119 2643 1249 2708 dixisse:

123 2765 202 2813 uoce
236 2751 341 2816 enim
375 2751 412 2815 in
448 2751 746 2833 iniquitatibus
780 2759 1001 2831 oonoeptus
1036 2769 1117 2812 sum
1154 2747 1250 2812 etin

116 2850 274 2919 ‹leliotis
309 2856 473 2936 peperit
507 2875 564 2919 me
598 2863 724 2920 mater
755 2875 840 2920 mea
863 2856 1033 2919 seeundum
1057 2852 1148 2917 illud:
1183 2851 1251 2935 quis

154 2979 184 3028 16
202 2977 242 3029 Ps.
266 2979 296 3045 L,
315 2979 340 3030 5.
376 2980 411 3032 23
429 2977 498 3033 ibid.
518 2981 541 3032 7.

150 3064 303 3182 siniquiaas
314 3134 382 3169 corr.
392 3116 456 3169 1112
472 3118 494 3169 V
540 3075 846 3170 epeccstumcmss
863 3117 886 3167 V
929 3119 1046 3182 loapta
1064 3117 1084 3167 l'
1136 3113 1252 3167 5domo

105 3222 134 3254 a
153 3201 278 3255 domnii
332 3207 361 3256 et
379 3201 465 3269 taqua
484 3203 509 3254 P
560 3212 655 3256 erutus
684 3222 713 3255 er
741 3203 868 3255 eruditus
887 3221 919 3253 m.
942 3203 956 3253 l
981 3201 1003 3254 l'
1054 3201 1252 3269 tisanguinem

102 3309 133 3341 a
152 3289 411 3357 sanguinemve?
435 3290 457 3342 V
509 3290 796 3358 'tpraesoribtionem
824 3289 845 3342 t'
895 3269 1106 3356 Spraeoatione
1126 3305 1157 3339 ea
1174 3303 1252 3356 prae·

100 3376 242 3429 «minoem
259 3377 281 3428 l'
332 3393 398 3445 rege
417 3377 514 3444 utique
533 3376 659 3443 (utiquaa
679 3373 724 3441 l'¹)
743 3375 811 3429 haec
825 3376 937 3429 uolente
953 3376 1025 3428 Wi‘
1043 3392 1137 3443 regem
1156 3374 1252 3442 utique

98 3465 174 3517 tneo
192 3463 303 3517 uolente
316 3480 442 3530 stragem
462 3463 558 3532 utique
578 3463 645 3516 haee
664 3464 830 3516 uolentems
882 3466 899 3516 9
918 3463 1060 3530 quaerella
1074 3462 1122 3514 l'It
1140 3463 1254 3528 querela

101 3551 156 3605 1⁷!
157 3549 185 3601 r:
235 3550 611 3604 refelraturesrefelleturli
666 3552 699 3603 10
717 3566 773 3602 a:
783 3549 884 3601 nimam
896 3548 1066 3616 (es-‹mdillt
1121 3549 1151 3600 ll
1171 3549 1253 3603 fortis

97 3636 226 3691 armauit
258 3637 334 3689 I'I'E
387 3635 552 3704 perditionis
579 3637 600 3688 V
625 3636 814 3705 pdiztionis
841 3633 862 3701 (i
889 3654 919 3688 es
945 3652 980 3689 uo
1006 3634 1085 3702 corr.)
1110 3637 1135 3688 R
1158 3638 1253 3706 prodi·

97 3723 191 3779 tionis
199 3722 282 3791 H'E,
293 3726 328 3792 cs.
344 3726 416 3776 Stad.
429 3722 535 3792 re‘ttp.
545 3721 601 3776 315
616 3735 639 3776 et
652 3724 723 3775 Loci.
735 3723 773 3786 ΙΙ,
791 3721 831 3790 lt,
844 3721 861 3775 8
875 3720 932 3786 (ubi
943 3722 1098 3791 perditores
1110 3721 1253 3777 hominum

96 3815 228 3865 dictantur
244 3813 350 3881 spiritua
369 3812 491 3878 molioni)
548 3812 580 3863 15
599 3810 638 3862 ita
656 3810 761 3878 patitur
780 3810 821 3861 ΡΙ)
839 3809 892 3863 ista
911 3810 1064 3878 patiatur-e
1118 3811 1152 3862 16
1180 3812 1252 3878 quod

95 3898 211 3954 dieitur
233 3897 281 3950 VP
299 3894 414 3964 [sensum
433 3897 526 3951 neseio
547 3898 570 3951 si
589 3897 712 3950 anterior
729 3895 851 3965 psalmus
869 3894 922 3963 (L),
950 3914 1005 3965 quo
1026 3896 1141 3949 dicitur:
1172 3913 1253 3963 „eoos

97 3985 283 4052 iniquitatem
301 4000 392 4038 meam
413 4001 465 4053 eqo
484 3982 620 4052 agnose&
640 3984 747 4052 patitur
759 3984 812 4036 ista
831 3983 901 4048 (sina
919 3983 1065 4050 iniquitate
1084 3983 1205 4048 ouourri)
1225 3984 1252 4036 iu

99 4068 329 4138 [taurensem]
385 4073 417 4126 le
435 4071 562 4124 ordinata
579 4070 727 4124 diuersitas
746 4071 796 4123 ΡΤ
833 4073 865 4124 19
883 4069 932 4123 sed
950 4069 973 4122 si
992 4070 1057 4137 quia
1075 4088 1105 4121 es
1123 4069 1170 4122 aed
1190 4071 1254 4138 quia

98 4180 134 4211 m.
149 4157 170 4209 ἑ)
187 4158 209 4210 l'
226 4166 251 4211 et
272 4157 296 4210 si
314 4157 433 4226 quia'I'o
447 4163 474 4211 et
492 4159 515 4212 ai
535 4158 626 4226 quaP
676 4159 711 4208 20
729 4157 757 4210 ui
770 4157 905 4210 ders-tur
917 4156 943 4207 P
992 4159 1023 4210 21
1045 4155 1253 4209 meminerimus

96 4268 131 4301 υ
154 4245 384 4298 memineruimua
402 4264 434 4297 m.
456 4249 469 4297 Ι
497 4247 518 4296 l'
569 4264 629 4300 earn
659 4245 679 4297 V
730 4246 764 4298 28
783 4244 856 4297 enim
874 4241 1049 4309 iiquitatibus
1070 4242 1096 4294 I'.
