2790 4844
156 213 218 278 536
494 212 612 266 saneti
636 211 770 266 Hilarii
794 211 956 281 episcopi

156 401 328 488 euangelici
352 403 512 481 sermonis,
544 423 604 486 quo
627 403 684 466 ait:
719 403 883 467 tradent
918 402 1021 467 enim
1056 424 1126 468 uos
1161 412 1201 470 et
1232 405 1301 470 tta·

154 507 372 594 gellabnnt
395 508 432 571 in
456 507 690 591 synagogis,
721 513 760 571 et
790 507 962 571 stabitis
993 514 1086 573 ante
1117 528 1238 594 reges
1263 516 1298 575 et

154 619 385 695 potestates
410 613 446 675 in
471 611 752 676 testimoninm
783 609 871 675 illis
903 617 941 675 et
974 611 1178 695 gentibus.
1225 615 1296 697 quin

155 718 246 783 etiarn
263 715 469 782 constantiam
485 715 711 795 predicationis
726 715 886 780 insinuans
903 720 933 781 et
948 715 1150 781 confessionis
1165 716 1293 801 gloriam

154 823 269 886 docens
292 827 363 884 ante
387 840 439 885 ecs
463 820 561 884 suerat
587 819 763 884 adhortatus
787 819 908 884 dicens:
940 821 1079 897 ornnis,
1111 822 1178 904 qui
1210 842 1292 887 con·

155 925 346 989 sitebitur
369 944 424 988 me
448 944 579 987 coram
604 923 847 1000 hominibus,
884 931 920 988 et
954 944 1027 1008 ego
1062 926 1292 990 confitebor

155 1050 238 1095 eum
262 1048 394 1094 eoram
417 1034 530 1108 patre
554 1048 646 1106 meo,
670 1027 736 1112 qui
761 1030 882 1092 estin
907 1027 1032 1093 eaelis:
1064 1030 1130 1112 qui
1166 1038 1288 1094 autern

154 1132 372 1217 negauerit
409 1152 465 1197 me
503 1152 635 1198 coram
675 1132 913 1208 hominibus,
953 1140 991 1197 et
1029 1153 1102 1217 ego
1138 1133 1288 1217 negaba

155 1258 240 1302 enm
271 1256 401 1302 coram
432 1243 546 1316 patre
577 1257 668 1314 meo,
700 1237 828 1319 quiin
863 1235 974 1301 caelis
999 1243 1068 1302 est.
1114 1237 1180 1302 sine
1204 1238 1287 1321 igitur

153 1342 312 1407 dedicatus
336 1341 474 1426 exlege,
498 1341 563 1406 siue
587 1341 678 1405 etiam
702 1341 732 1404 in
757 1339 910 1425 euangelii
938 1340 1072 1424 gloriam
1095 1349 1285 1422 praeparatus,

152 1445 205 1529 qui
228 1466 329 1529 neque
352 1444 423 1511 Saul
447 1445 621 1529 populoque
645 1446 710 1510 eius
734 1464 861 1511 causam
880 1445 1054 1510 insectandi
1069 1465 1104 1511 se
1120 1445 1285 1529 reliquisset

153 1558 182 1615 et
206 1569 260 1630 per
284 1549 380 1614 multa
403 1551 576 1630 principum
600 1557 630 1613 et
652 1549 790 1632 gentium
807 1550 878 1612 odia
894 1549 986 1614 sciret
1002 1549 1146 1614 caelorum
1164 1568 1284 1634 regnum

152 1654 265 1718 saeculo
288 1653 500 1733 nuntiandum,
524 1653 715 1718 confidenter
739 1652 805 1718 hacc
829 1655 887 1719 deo
904 1652 1054 1737 loquitur:
1078 1654 1283 1737 principes

152 1759 360 1838 persecuti
384 1764 476 1823 sunt
511 1779 568 1822 me
602 1759 749 1842 gratis:
774 1758 1011 1822 etauerbis
1043 1759 1124 1822 tuis
1154 1757 1282 1822 formi-

152 1862 266 1926 dauit
289 1883 354 1926 cor
376 1873 512 1926 meum.
560 1863 669 1927 metuit
691 1863 774 1926 enim
798 1862 906 1945 negari
930 1882 971 1928 se.
996 1864 1021 1926 si
1045 1867 1184 1946 negaret.

195 2000 224 2063 2.
248 2001 310 2065 Sed
333 2021 404 2065 curn
426 2002 524 2066 beatae
547 2000 637 2065 huius
671 2001 881 2066 insectationis
915 2003 1043 2081 praemia
1076 2021 1138 2064 non
1171 2002 1284 2085 ignoret

150 2105 273 2169 domino
294 2105 430 2169 dicente:
455 2105 564 2170 beati
588 2105 701 2184 estis
725 2125 810 2169 oum
835 2125 905 2169 uos
930 2113 1232 2188 persequentur
1253 2111 1284 2168 et

150 2210 423 2273 dicentomne
448 2209 591 2274 malum
623 2210 840 2274 aduersum
875 2230 943 2273 uos
978 2218 1144 2289 propter
1179 2207 1284 2274 insti·

150 2315 261 2390 tiam;
285 2314 461 2396 gandete
485 2320 523 2378 et
547 2313 734 2385 exultate,
759 2314 948 2396 qnoniam
980 2314 1128 2379 mercis
1152 2322 1283 2379 uestra

150 2418 317 2497 copiosa
341 2418 461 2482 estin
486 2416 589 2490 caelo,
613 2424 682 2496 post
704 2418 879 2498 principum
904 2418 973 2480 odia
1003 2417 1201 2483 formidinem
1223 2436 1284 2482 uer·

150 2522 256 2586 borum
271 2522 320 2586 dei
333 2523 376 2586 ita
392 2521 649 2605 consequentibns
661 2523 858 2600 temperauit:
883 2521 1052 2586 laetabor
1075 2541 1148 2604 ego
1171 2540 1285 2602 snper

150 2624 313 2708 eloquia
348 2636 421 2700 tua,
456 2625 562 2689 sicut
596 2625 661 2707 qui
695 2626 856 2690 inuenit
890 2624 1023 2708 spolia
1053 2625 1188 2689 multa.
1234 2625 1285 2689 fuit

149 2748 224 2812 ergo
248 2728 431 2800 formidinis,
456 2748 494 2793 ne
517 2730 780 2809 persecutionibus
805 2729 977 2810 principum
1001 2734 1053 2793 aut
1075 2729 1204 2813 indigne
1219 2730 1284 2794 sun

149 2834 273 2897 deretur
307 2847 357 2896 aut
387 2833 518 2906 cederet,
550 2835 624 2916 quic
653 2840 683 2896 et
713 2853 838 2897 causam
870 2833 1007 2896 odiorum
1039 2834 1208 2912 praebuisse
1230 2853 1285 2896 non

148 2937 246 3001 sancti
270 2948 325 3010 cst.
350 2944 379 3002 et
402 2938 449 3001 dei
475 2938 609 3020 gratiam
639 2943 725 3001 metu
748 2935 851 3001 saculi
875 2937 1016 3000 amisisse
1039 2937 1106 3001 sine
1130 2938 1222 3001 uenia
1242 2937 1285 3001 sit

148 3042 202 3105 sed
226 3040 325 3121 spolia
348 3041 504 3105 inuenisse
527 3041 652 3105 uictoris
676 3047 736 3105 est:
760 3053 843 3106 certe
866 3061 902 3105 ea
925 3060 962 3104 cx
984 3060 1018 3104 se
1043 3041 1213 3120 praebuisse
1228 3042 1285 3106 iarn

147 3145 220 3209 uicti
243 3150 299 3209 cst.
344 3165 415 3209 oum
431 3144 479 3209 his
495 3145 598 3227 itaque
621 3145 873 3210 insectationibus
894 3143 1041 3226 propheta
1056 3164 1119 3209 non
1135 3144 1286 3230 frangitur

191 3338 204 3388 1
224 3336 321 3390 Motth.
341 3338 373 3403 X,
395 3340 426 3390 17
445 3355 484 3404 sq.
520 3337 624 3391 51bid.
644 3338 675 3404 X,
694 3339 728 3392 32
747 3355 785 3404 sq.
825 3340 856 3389 17
875 3336 972 3390 Matth.
992 3337 1024 3402 V,
1045 3339 1075 3390 11
1096 3355 1134 3405 sq.

191 3528 271 3595 lqui
290 3529 329 3582 ait
355 3529 377 3580 V
426 3528 592 3581 banteaV
641 3545 734 3581 omnes
752 3525 784 3581 V¹
838 3527 986 3581 confitetur
1005 3527 1030 3579 R
1083 3485 1210 3582 6cora.
1223 3548 1289 3583 corr.

146 3632 178 3665 m.
197 3614 217 3666 2
237 3615 260 3668 V
310 3615 464 3670 confitebor
481 3633 511 3668 ex
529 3614 704 3669 confitebitor
723 3615 791 3699 nal
816 3615 841 3668 V
890 3614 971 3682 iqui
991 3618 1083 3668 autem
1102 3615 1186 3668 -in
1208 3616 1291 3670 caelis

146 3759 188 3805 cst
206 3771 254 3804 om.
273 3754 316 3823 Rp
368 3756 384 3805 9
404 3753 463 3806 siue
482 3753 568 3821 igitur
586 3754 637 3807 deo
656 3753 763 3807 dicatus
781 3753 835 3807 fuit
854 3754 937 3805 etiam
955 3753 984 3804 in
1004 3754 1027 3804 1Ὺ
1041 3753 1088 3820 qui
1101 3699 1120 3820 ἑ
1133 3754 1171 3807 dc
1191 3755 1294 3824 dignus

146 3838 230 3891 fuerit
256 3839 285 3891 in
311 3860 330 3909 p
385 3843 413 3893 11
435 3840 536 3908 populo
563 3841 590 3893 it
644 3842 676 3893 12
694 3846 722 3893 et
749 3857 799 3908 per
825 3839 952 3908 gentium
986 3838 1010 3892 V
1060 3841 1146 3893 sciret
1176 3849 1296 3912 propter

146 3925 475 3996 caelorumregnnmt'pb
513 3930 544 3980 18
564 3927 779 3980 renuntiandum
791 3928 843 3996 (pt
889 3928 922 3980 14
940 3930 1036 3994 gratus
1051 3925 1086 3979 V¹
1130 3929 1164 3982 16
1183 3930 1297 4000 betatap

145 4011 254 4081 ignorat
271 4013 444 4081 Vignorarct
461 4015 483 4064 (⁷
536 4016 567 4067 18
585 4030 694 4066 ornnem
716 4013 747 4064 1’1
801 4015 833 4066 19
852 4013 1033 4082 meroesRCp
1086 4014 1122 4066 20
1139 4012 1297 4073 formidine

144 4117 215 4162 supr.
234 4118 282 4152 scr.
301 4118 333 4153 m.
353 4100 369 4151 1
388 4100 414 4152 R
468 4100 546 4152 uerbi
559 4102 596 4169 (Ἰ)
648 4102 682 4154 23
701 4107 748 4153 ant
766 4099 896 4168 indignae
910 4099 936 4151 R
953 4099 1066 4167 indigne
1081 4100 1119 4169 t'p
1137 4107 1190 4154 aut
1209 4103 1299 4173 digno

144 4189 208 4238 coni.
230 4187 324 4239 Bened.
342 4188 369 4238 in
387 4189 447 4239 adn.
501 4189 535 4239 25
554 4192 643 4240 metus
658 4190 681 4235 (¹
731 4189 765 4241 26
783 4185 909 4240 inuenire
924 4186 985 4256 ch
1039 4202 1068 4239 se
1086 4188 1149 4240 cdd.
1170 4207 1206 4242 m.
1227 4189 1249 4242 2
1267 4192 1298 4246 V.
