2790 4844
149 217 212 281 886
631 221 829 289 Appendix.

151 428 222 471 nam
248 416 278 472 et
301 411 480 473 eontristnta
510 416 555 473 est
585 411 687 473 anima
723 411 788 474 eius
812 430 911 493 usque
935 414 974 475 ad
1001 418 1148 475 mortem.
1198 411 1303 474 didicit

151 532 277 592 sperare
301 514 331 576 in
356 516 464 590 deum;
499 521 529 577 et
552 513 610 578 hoe
634 524 688 591 est,
712 517 794 596 quod
819 514 862 578 ait
886 515 916 577 in
944 514 1083 580 bonose
1107 513 1302 579 intellectum

149 617 302 680 eruditum
329 637 397 681 esse
420 639 437 679 a
462 618 586 681 renibus
621 618 711 700 quasi
747 618 777 681 ln
813 624 911 683 noete.
958 630 989 682 et
1020 620 1190 701 sequentia
1221 619 1301 682 enirn

148 721 316 784 ostendunt
340 722 377 785 de
401 723 545 801 passione
569 742 637 785 eum
662 741 717 786 sua
741 723 851 798 dicero,
876 743 946 786 oum
971 723 1151 804 subiungit:

112 892 122 924 ³
195 877 244 940 10.
280 878 549 942 Prouidebarn
604 878 804 944 dominum
853 880 889 941 in
937 887 1166 959 conspeetu
1224 898 1303 941 rneo

149 1001 317 1060 semper.
343 983 644 1064 quiaadextris
668 991 731 1047 est
756 982 1303 1060 mihi‚utnonoommouear.

148 1085 401 1166 propterhoe
425 1086 685 1151 ineundatum
711 1101 773 1151 est
796 1106 865 1152 eor
889 1085 1303 1160 meumetexultauit

148 1188 289 1274 lingna
313 1210 405 1268 mea,
431 1191 596 1270 insuper
620 1198 657 1255 et
680 1211 773 1255 earo
798 1211 883 1256 mea
913 1190 1127 1255 habitabit
1151 1192 1189 1253 in
1217 1211 1302 1269 spe:

149 1295 338 1377 quianon
364 1294 631 1378 derelinques
665 1296 835 1386 animam
871 1314 998 1358 meam
1024 1296 1061 1358 in
1087 1294 1302 1358 infernum

150 1418 277 1480 neque
301 1399 418 1462 dabis
449 1405 631 1464 sanetum
664 1408 769 1463 tuum
802 1400 943 1463 uidere
975 1399 1299 1478 corruptionem.

149 1514 179 1567 et
201 1507 301 1568 teritus
325 1504 451 1585 quidem
476 1503 527 1567 bio
550 1512 580 1567 et
603 1505 678 1567 ordo
701 1503 883 1567 manifestus
920 1509 983 1577 est;
1019 1503 1073 1567 sed
1099 1504 1186 1585 quod
1214 1523 1303 1566 renes

150 1608 328 1683 nominauit,
352 1614 382 1670 et
405 1608 492 1690 quasi
517 1608 546 1672 in
571 1614 667 1677 noete.
692 1611 743 1684 ait,
768 1609 949 1672 erudierunt
974 1628 1032 1682 me,
1056 1627 1096 1670 ne
1119 1607 1304 1671 obscuriora

148 1711 318 1787 uideantur,
341 1711 576 1793 interrogemus.
622 1712 697 1776 deus
717 1719 868 1776 scrutator
885 1712 997 1775 dieitur
1013 1731 1125 1775 renum
1144 1722 1175 1775 et
1192 1711 1304 1776 cordis

149 1815 179 1877 in
203 1816 314 1897 quibus
338 1815 424 1897 quosi
457 1816 575 1880 duobus
606 1815 680 1879 loeis
712 1816 845 1880 bominis
876 1828 1000 1880 seereta
1024 1821 1200 1878 teneantur.
1249 1813 1304 1877 sed

150 1920 180 1981 in
205 1920 295 1982 eorde
319 1920 443 2001 quidem
468 1926 620 1983 secretum
656 1921 776 1994 anima,
811 1922 841 1983 in
877 1920 1002 1984 renibus
1038 1939 1113 1983 uero
1145 1925 1303 1982 secretum

148 2023 250 2086 earnis
273 2029 334 2099 est;
359 2042 435 2105 quas
458 2023 590 2088 subinde
613 2024 693 2087 inter
716 2044 750 2087 se
774 2023 971 2088 diuersitates
993 2023 1151 2088 interioris
1170 2028 1204 2085 et
1221 2028 1305 2086 erte·

148 2127 237 2190 rioris
271 2126 405 2190 hominis
439 2127 531 2192 etiam
556 2127 713 2207 apostolus
747 2117 946 2200 dooet‚'oum
980 2128 1038 2192 ait:
1076 2127 1304 2192 consentio

129 2233 228 2315 legi
268 2235 486 2296 seeundum
526 2232 767 2296 interiorem
807 2232 1027 2310 bominem:
1066 2231 1139 2295 sed
1178 2231 1303 2295 uideo

149 2335 268 2399 aliam
293 2335 422 2419 legem
458 2337 495 2400 in
532 2337 722 2400 membris
746 2337 845 2400 meis
881 2344 1179 2420 repugnantem
1219 2335 1303 2418 legi

98 2463 108 2496 2
150 2441 298 2504 mentis
333 2461 433 2504 mea.
479 2440 590 2503 etalio
623 2439 704 2504 loeo:
739 2440 868 2524 igitur
901 2461 973 2523 ogo
1007 2441 1095 2520 ipse
1133 2440 1301 2523 quidem

150 2552 282 2610 mente
305 2545 440 2609 seruio
465 2544 547 2627 legi
572 2545 651 2622 dei;
686 2565 806 2609 earne
842 2551 973 2610 autem
1005 2544 1088 2626 legi
1122 2545 1303 2624 peceati.

149 2648 240 2713 talem
267 2669 341 2733 ergo
365 2650 520 2731 quandam
545 2657 577 2713 et
599 2649 741 2713 dominus
765 2661 870 2713 noster
890 2647 978 2713 lesus
1003 2648 1120 2712 sentire
1145 2668 1179 2711 se
1206 2646 1304 2711 refert

150 2753 383 2831 dissensionem,
407 2753 457 2816 ubi
482 2753 540 2817 ait:
575 2752 749 2832 spiritus
783 2766 1006 2832 promptus,
1038 2772 1134 2815 earo
1165 2762 1302 2815 autem

71 2865 73 2870 '
150 2857 330 2922 infirma:
366 2857 534 2921 seeundum
571 2856 746 2921 interiorem
780 2857 864 2920 enim
889 2856 1048 2920 hominem
1083 2854 1303 2920 consentiebat

97 2998 100 3006 ·
149 2964 210 3046 legi
235 2963 339 3043 patris,
374 2969 407 3025 ut
430 2968 602 3041 pateretur;
633 2962 801 3026 seeundum
827 2961 1011 3025 exteriorem
1035 2968 1213 3036 autemut
1237 2962 1304 3041 ipso

149 3074 286 3132 testatur.
303 3067 333 3131 in
350 3086 441 3130 earne
457 3065 639 3145 trepidabat.
685 3066 787 3147 itaque
804 3066 877 3147 quia
894 3084 983 3128 renes
1000 3076 1120 3129 secreta
1136 3065 1300 3129 continent

148 3171 261 3248 earnis.
296 3192 364 3253 quse
398 3170 613 3234 infirmabatur
646 3170 676 3233 iu
714 3176 851 3249 tempore
887 3168 1046 3248 passionis,
1081 3168 1245 3232 eruditum
1268 3190 1302 3233 so

148 3276 273 3340 renibus
297 3275 360 3339 suis
383 3275 434 3350 ait,
457 3283 489 3338 ut
511 3272 699 3356 intelligeret
728 3273 802 3353 ipse,
834 3273 905 3338 lieet
935 3286 1017 3337 esset
1048 3271 1139 3348 filius,
1171 3292 1304 3352 sperare

148 3381 178 3443 in
203 3380 305 3442 deum.
350 3378 432 3461 quod
456 3376 599 3442 similiter
622 3380 661 3442 de
685 3398 720 3441 eo
743 3385 773 3441 et
796 3377 935 3460 epistola,
972 3396 1039 3458 quar
1075 3376 1227 3440 scribitur
1263 3377 1302 3440 ad

97 3512 101 3522 ·
153 3484 306 3558 Hebraeos,
324 3483 425 3546 sentit.
471 3501 707 3564 quamquam
733 3482 846 3554 enim,
870 3482 919 3556 ait,
944 3485 1055 3545 esset
1078 3478 1199 3542 filius
1226 3482 1302 3546 dei.

149 3588 298 3652 didicit
332 3607 375 3650 ex
414 3585 485 3660 bis,
517 3605 601 3667 quae
635 3605 781 3665 passus
816 3584 1239 3659 estobaudientiam:
1265 3593 1303 3650 et

149 3690 508 3770 perleotnssaotus
532 3697 593 3753 est
616 3690 800 3753 omuibus
824 3688 1148 3752 obaudientibus
1173 3708 1301 3754 eausa

149 3794 299 3858 salutis
327 3801 493 3858 ¹<eternae
540 3795 585 3857 sio
609 3794 691 3856 enirn
716 3813 806 3857 renes
829 3793 1010 3857 erudierunt
1032 3812 1111 3866 eum,
1136 3799 1171 3857 ut
1196 3797 1303 3873 proui-

149 3901 235 3962 deret
259 3900 350 3962 deum
374 3919 391 3962 a
416 3898 531 3962 dextris
562 3898 625 3962 suis
656 3917 787 3978 semper,
819 3902 933 3961 utnon
959 3902 1127 3960 moueatur.
1176 3897 1304 3965 seilicet

96 4027 121 4063 a
149 4004 188 4066 de
210 4000 366 4066 uoluntate
388 4002 512 4083 spiritus
528 4007 689 4081 promptus
706 4009 760 4074 est,
784 4002 838 4065 sed
855 4021 926 4065 earo
943 4000 1074 4064 infirma.
1122 4014 1155 4064 et
1171 4006 1304 4084 proprie

194 4196 210 4246 6
229 4192 276 4259 qui
296 4210 311 4244 a
329 4196 375 4244 sed
391 4194 425 4261 rs.
441 4213 469 4262 p.
489 4194 549 4255 ddi,
573 4192 607 4244 tt
659 4192 873 4246 tiooundstum
927 4195 962 4246 30
979 4191 1106 4245 hebreos.
