2790 4844
433 279 617 328 tractatus
641 276 676 328 in
701 277 872 343 psalmum
895 279 916 330 l.
1206 282 1247 345 35

94 461 251 541 interpios
260 462 434 544 impiosque
444 463 494 545 qui
506 463 598 528 rnedii
612 464 682 541 sint,
691 483 729 528 er
743 473 869 549 utroque
883 466 1019 541 admixti,
1031 469 1132 532 neutri
1145 475 1246 535 himen

97 565 218 644 proprii,
243 565 315 648 quia
338 566 369 630 in
392 564 424 630 id
448 566 550 647 ipsum
574 569 767 634 constiterint
790 590 826 634 ex
845 576 991 653 utroque:
1016 590 1073 636 nec
1097 571 1170 638 fidei
1193 577 1246 639 ad·

101 669 258 745 miscendi,
283 670 356 752 qnia
378 670 417 735 sit
442 668 501 735 illis
524 670 641 755 aliquid
665 671 855 738 infidelitatis
879 674 1038 751 insertum,
1062 695 1118 741 neo
1137 676 1247 741 inlide-

102 770 173 835 litati
196 774 375 853 deputandi,
400 775 470 857 quia
493 774 611 858 aliquid
635 775 771 841 habeant
794 785 824 842 et
846 777 928 842 fidei.
981 777 1083 858 plures
1115 799 1247 864 iramque

106 875 148 938 dei
171 885 271 941 metus
289 863 326 941 'in
350 879 480 944 ecclesia
511 880 662 944 continet:
698 883 752 945 sed
784 883 909 946 eosdem
942 889 1042 946 tamen
1074 886 1112 948 ad
1152 903 1246 950 saecu-
1273 909 1286 944 a

109 977 173 1042 laria
195 981 269 1045 uitia
293 981 396 1048 saculi
422 981 632 1048 blandimenta
663 984 835 1050 sollicitant.
889 994 985 1062 orant,
1021 987 1092 1069 quia
1122 987 1246 1065 timent;

112 1092 234 1162 rideant,
258 1087 332 1169 qnia
356 1086 467 1152 uolunt.
513 1085 705 1153 Christianos
730 1109 763 1153 se
785 1099 972 1170 nuncupant,
1002 1091 1073 1173 quia
1097 1089 1176 1154 bona
1200 1100 1246 1155 est

114 1207 172 1265 spos
192 1191 390 1254 eternitatis:
426 1190 553 1275 gentilia
587 1199 691 1276 agunt,
727 1193 798 1276 quia
834 1193 948 1258 blanda
981 1194 1146 1274 prasentia
1168 1203 1247 1259 sunt.

116 1290 187 1370 inpii
211 1313 270 1357 non
295 1304 433 1367 meinent,
457 1295 529 1378 cruia
553 1296 601 1361 his
626 1297 674 1361 dei
700 1316 812 1361 nomen
837 1298 868 1360 in
894 1296 1010 1361 honore
1034 1303 1097 1361 est:
1122 1297 1163 1377 pii
1187 1318 1246 1361 non

119 1399 275 1480 suntquis
299 1419 367 1482 quio
391 1399 515 1478 [rietatis
547 1408 618 1464 sunt
647 1399 749 1465 aliena
773 1409 937 1466 sectantur.
983 1408 1013 1465 et
1043 1421 1171 1465 neeesse
1201 1410 1246 1465 est
1276 1427 1300 1460 le

121 1501 259 1586 ansegis
291 1503 430 1586 diligant,
466 1524 522 1583 por
557 1522 625 1586 qnae
648 1505 679 1568 id
704 1505 786 1588 quod
818 1525 851 1569 se
881 1511 1057 1585 nuncupant·
1087 1525 1155 1570 esse
1186 1525 1246 1568 non

124 1612 236 1683 nossent,
267 1610 436 1672 secundum
460 1608 694 1688 nuncupationis
718 1607 903 1674 uoluntatem
935 1629 1060 1688 (opernm
1093 1608 1247 1672 uoluntate

126 1708 225 1782 otiore.
270 1722 301 1776 et
327 1712 442 1776 ideireo
472 1713 616 1776 dominus
646 1718 752 1795 postea
776 1733 866 1796 quarn
897 1708 1060 1777 credentes
1085 1733 1144 1776 non
1168 1713 1245 1776 iudi·

126 1813 217 1876 candos
246 1823 276 1879 et
300 1836 360 1879 non
385 1818 546 1880 credentes
571 1818 630 1880 iarn
662 1817 810 1880 iudicatos
845 1837 914 1881 esse
948 1817 1074 1892 dixerat,
1109 1816 1244 1881 addidit:

129 1909 182 1978 hire
207 1926 265 1982 est
298 1927 430 1984 autern
460 1920 664 1998 iudicium,
699 1922 791 2004 quia
825 1921 889 1984 lux
924 1920 1035 1985 uenit
1071 1920 1109 1983 in
1145 1918 1248 1984 hanc
1276 1946 1300 1981 rs

130 2022 293 2102 nundum,
317 2032 354 2088 et
390 2022 627 2088 dilexerunt
663 2023 849 2089 homines
884 2025 1014 2107 magis
1050 2024 1247 2088 tenebras

131 2137 217 2200 qtiarn
240 2126 381 2192 lumen.
428 2128 457 2191 in
493 2148 545 2192 eos
580 2148 654 2209 ergo
688 2129 833 2192 iudicium
870 2134 925 2201 est,
958 2130 1040 2212 qnod
1072 2128 1133 2192 ienr
1157 2136 1188 2192 et
1216 2129 1246 2191 in

131 2221 273 2295 incredulos
307 2239 408 2297 rictnrn
444 2239 492 2297 est
526 2240 556 2296 et
590 2233 620 2296 in
656 2234 819 2297 credentes
851 2253 909 2296 non
943 2233 1152 2297 necessarium
1184 2239 1247 2296 est:

132 2329 186 2407 «lla
204 2337 295 2419 magis
320 2336 465 2401 tenebras
501 2357 593 2420 quarn
628 2336 730 2400 lumen
766 2336 943 2415 dilexerint;
984 2356 1046 2400 non
1083 2338 1162 2420 qnod
1186 2356 1245 2400 non

133 2430 265 2503 dilexerint
287 2447 315 2505 et
340 2439 452 2516 lumen,
487 2443 542 2506 sed
578 2441 659 2524 quod
695 2439 816 2505 dilectio
851 2440 909 2505 illis
941 2441 1032 2506 luerit
1054 2442 1155 2524 magis
1178 2461 1246 2520 pro·
1274 2466 1300 2502 20

133 2554 204 2609 hensa
223 2545 425 2609 tenebrarum.
472 2544 608 2626 praeferri
633 2545 715 2609 enirn
741 2544 818 2609 solet
846 2543 1000 2609 dilectioni
1025 2564 1062 2608 ex
1090 2564 1247 2623 compara-

132 2637 195 2705 tione
206 2646 335 2714 dilectio:
353 2655 385 2712 et
399 2648 471 2713 hinc
488 2649 633 2713 iudiciuin
650 2656 706 2726 est,
727 2649 807 2731 qnia,
824 2669 893 2713 eum
907 2648 1069 2714 dilexerint
1082 2646 1246 2712 Christum.

133 2747 208 2828 oagn's
227 2759 327 2818 tannen
361 2753 505 2817 tenebras
541 2753 721 2818 dilexerunt.
768 2753 798 2817 hi
834 2773 908 2837 ergo
938 2753 1163 2833 indicabuntur,
1196 2753 1246 2834 qui

133 2864 263 2932 nequent
293 2858 335 2938 pii
359 2877 419 2921 non
456 2857 679 2922 indicabuntur.
715 2877 815 2941 neque
850 2859 910 2920 iarn
946 2857 1059 2921 luerint
1093 2865 1124 2920 ut
1160 2856 1245 2936 impii

132 2949 235 3025 indicati.
256 2961 285 3024 in
311 2981 388 3045 qnos
412 2981 448 3025 ex
472 2960 597 3042 praelato
620 2962 718 3042 potius
742 2960 905 3026 dilectione
929 2961 1075 3026 iudiciuin
1100 2969 1155 3026 est.
1274 2984 1299 3057 πρ

166 3058 204 3123 23.
226 3064 320 3129 Hnins
344 3065 469 3147 quidem
494 3065 679 3148 eircngeliere
703 3065 910 3145 dispositionis
934 3066 1029 3129 tenuit
1051 3072 1081 3129 et
1098 3064 1244 3146 propheta

133 3161 259 3233 rationein.
283 3169 406 3233 dicens:
452 3176 670 3249 propterea
700 3152 775 3232 non
810 3176 1029 3253 resurgunt
1062 3169 1175 3249 impii
1206 3169 1244 3232 in

134 3260 264 3350 indicio,
298 3292 430 3356 neque
468 3281 710 3352 peccatores
748 3275 785 3337 in
824 3274 1000 3338 consilio
1036 3274 1245 3338 iustorum.

170 3459 255 3518 linter
272 3467 373 3534 impios
397 3466 512 3534 piosque
535 3468 560 3518 E
620 3466 766 3534 ilproprie
787 3466 814 3516 12·
873 3466 947 3534 ipsnt
975 3467 993 3517 Γ
1010 3467 1044 3533 cf.
1064 3467 1145 3518 stood.
1163 3484 1189 3535 p.
1209 3463 1247 3517 28

136 3543 209 3608 inuia
231 3554 266 3606 eit
292 3553 395 3606 illisio
415 3552 519 3620 aliquid
545 3554 568 3605 Γ
584 3553 648 3620 cruia
666 3552 703 3606 sit
721 3552 826 3620 aliquid
845 3551 873 3617 (d
892 3570 922 3604 ex
940 3550 961 3618 t)
980 3554 1003 3604 n
1072 3551 1207 3618 deliquit
1227 3553 1248 3603 Γ

137 3626 189 3683 55¹¹
208 3640 304 3693 eclesie
330 3641 352 3691 Γ
368 3640 397 3692 in
424 3639 559 3693 aecclesie
586 3641 611 3692 Il
663 3644 755 3692 temen
787 3639 815 3691 in
843 3640 993 3691 saecularia
1029 3640 1049 3690 Γ
1117 3642 1133 3689 9
1161 3638 1192 3690 'ie
1228 3640 1249 3691 Γ

139 3712 162 3762 ¹⁰
180 3724 231 3786 qnia
255 3746 284 3780 es
308 3727 394 3795 quien
422 3745 453 3778 m.
487 3728 501 3778 1
537 3727 557 3776 1'
608 3726 705 3795 pietati
749 3727 799 3777 ΓΕ
875 3729 906 3778 ll
933 3731 1094 3794 nuncupant
1130 3742 1189 3778 esse
1217 3744 1248 3779 er

139 3813 293 3878 lunapcntes
330 3831 360 3867 se
388 3815 413 3866 It
448 3818 514 3881 pent
552 3830 611 3866 esse
646 3840 679 3850 -
716 3812 866 3865 secundnm
902 3829 994 3865 nuncu
1024 3814 1083 3864 cdd.
1112 3832 1144 3864 or.
1173 3812 1192 3864 2
1227 3814 1248 3865 Γ

141 3902 163 3953 ll
181 3926 276 3977 opernm
304 3917 449 3970 uoluntate
475 3918 536 3969 odd.
560 3935 592 3968 m.
621 3915 641 3967 2
676 3917 697 3968 Γ
749 3919 781 3968 13
808 3891 928 3984 poti0⁰re
949 3918 972 3968 ll
1028 3918 1058 3968 15
1076 3916 1149 3968 hunc
1168 3934 1247 3967 orne

143 3989 202 4050 Ἠ
232 4030 260 4039 -
295 4003 481 4056 neceesarium
519 4007 562 4056 eet
596 4019 645 4054 om.
684 4003 704 4054 Γ
776 4004 807 4054 19
838 4003 902 4069 quic
929 4002 1016 4071 nragis
1047 4021 1077 4055 er
1109 4003 1174 4068 quia
1200 4003 1246 4056 lex

74 4110 76 4127 ¹
141 4082 389 4146 ffllh'tcorrnyl'
437 4089 612 4143 lldtenebree
624 4089 775 4142 dilexerint
793 4089 814 4141 Γ
865 4089 903 4141 hii
921 4090 942 4141 Γ
988 4090 1247 4159 24nonenp.lin.lt

142 4172 162 4210 Γ
181 4185 225 4225 one
245 4177 321 4245 impii
346 4178 407 4229 odd.
431 4194 489 4246 sap.
512 4178 557 4228 lin.
580 4192 612 4228 m.
638 4175 657 4228 Ξ)
682 4177 704 4227 Γ
754 4178 788 4229 25
806 4175 898 4244 potius
917 4176 1065 4251 dilectione
1083 4194 1139 4246 sup.
1159 4178 1202 4229 lin.
1222 4178 1248 4229 ll

141 4246 167 4296 Μ
181 4251 284 4316 loma
309 4263 406 4317 husius
426 4265 449 4316 ll
467 4268 496 4316 et
516 4262 597 4317 huius
625 4263 657 4316 l'e
703 4267 731 4316 et
750 4273 808 4316 orere
826 4261 1088 4332 prophetasnpdin.
1103 4264 1188 4316 Rom.
1205 4263 1248 4316 l'c.

1040 4365 1074 4420 3.
