2790 4844
187 218 250 285 246
527 217 648 270 saneti
673 216 806 270 Hilarii
834 216 995 286 episcopi

188 407 275 475 eius
313 408 490 483 inebria,
528 406 762 488 multiplica
803 407 1099 490 generationes
1144 409 1247 473 eius:
1295 410 1334 472 in

189 512 431 579 stillicidiis
455 512 542 578 eius
565 511 783 588 laetabitur,
807 530 891 576 enm
916 513 1134 578 exorietur.
1163 513 1265 578 omnis
1282 512 1335 577 hic

190 618 306 683 urentis
330 623 378 683 est
399 635 503 682 sermo
527 621 565 694 et,
588 621 621 680 ut
644 635 689 694 ea,
713 634 781 698 quae
804 621 1047 681 commemoratu
1070 623 1148 694 sunt,
1179 619 1257 682 deus
1281 637 1334 682 er·

190 721 281 802 pleat,
306 720 511 802 deprecantis.
557 727 639 784 terra
661 725 766 784 autem
789 718 913 784 uisitata
942 720 1093 784 inebriate
1116 728 1179 798 est;
1203 726 1235 786 et
1256 740 1332 805 quo

151 854 163 892 s
190 827 282 891 modo
305 845 387 891 nnnc
420 825 477 890 riui
509 824 574 889 eins
608 823 822 888 inebrientur?
865 824 921 888 sed
955 824 1135 890 meminisse
1170 826 1333 902 debemus,

13 905 17 913 Α
80 923 84 931 ’
190 930 271 1013 quod
295 928 413 1013 siquis
437 948 474 994 er
497 947 577 1011 aqua
599 926 715 991 domini
739 927 899 1007 potauerit,
924 927 1051 993 flumina
1073 929 1112 994 de
1134 935 1243 994 uentre
1267 930 1334 995 eius

189 1032 331 1099 effluent:
367 1052 448 1121 ergo*
476 1032 631 1113 potatione
665 1050 753 1114 aquae
787 1051 863 1112 opus
902 1039 958 1103 est,
994 1039 1028 1096 ut
1065 1032 1192 1098 flumina
1227 1033 1333 1099 fluant

189 1137 380 1203 inebriemur
402 1144 505 1201 autem
528 1135 595 1216 ipsi,
621 1154 689 1201 cum
715 1135 856 1214 spiritum
881 1143 1030 1215 sanctum,
1061 1137 1113 1220 qui
1145 1137 1261 1202 llnmen
1285 1144 1334 1203 est

189 1247 391 1323 nuncupatus,
415 1240 592 1320 accipimus.
638 1237 760 1317 dehinc,
784 1240 855 1322 quia
872 1260 909 1305 er
925 1240 1014 1305 nobis
1031 1240 1144 1306 diuersi
1160 1241 1333 1326 gratiarnm

138 1375 163 1412 ιο
190 1346 247 1411 riui
271 1350 425 1421 emanant,
449 1348 516 1409 orat
530 1342 689 1424 propheta,
705 1349 739 1407 nt
755 1342 812 1408 hos
827 1344 954 1409 eosdem
971 1344 1113 1409 dominus
1128 1345 1278 1411 inebriet:
1302 1353 1338 1410 nt

190 1448 240 1515 bis
256 1449 415 1515 inebriatis
431 1455 463 1514 et
478 1449 557 1513 dono
574 1448 667 1513 diuini
685 1447 823 1513 muneris
838 1447 972 1528 perfusis
988 1448 1204 1531 generationes
1220 1453 1337 1515 nosuae

191 1552 441 1633 multiplicentur,
462 1559 544 1617 terra
562 1551 681 1617 seilicet
699 1552 780 1616 bona
799 1552 968 1617 secundum
990 1552 1201 1637 euangelicam
1221 1572 1338 1634 conpa-

190 1657 343 1722 rationem
359 1656 446 1721 uerbi
462 1676 569 1722 semen
587 1655 743 1736 excipiens
766 1655 902 1720 fructu
925 1656 1138 1720 tricesimo
1162 1662 1201 1721 et
1223 1676 1338 1722 sera·

191 1761 348 1845 gesimo
372 1768 411 1826 et
433 1761 663 1826 centesimo
686 1760 823 1825 ditescat.
870 1765 919 1825 est
937 1767 1041 1825 antem
1058 1760 1146 1825 nobis
1161 1780 1217 1840 per
1233 1781 1339 1826 sacra·

140 1893 164 1930 rs
192 1873 330 1930 mentum
341 1865 486 1944 baptismi
498 1864 615 1929 renatis
623 1864 794 1929 maximum
803 1864 959 1947 gaudium,
968 1883 1039 1928 cum
1051 1864 1193 1946 quadam
1202 1865 1234 1929 in
1244 1866 1338 1932 nobis

192 1968 317 2049 spiritns
341 1969 438 2033 sancti
462 1968 549 2033 initia
572 1968 732 2045 sentimus,
755 1987 826 2032 cum
850 1967 959 2033 subeat
982 1988 1037 2032 nos
1067 1975 1340 2034 sacramentorum

192 2071 414 2156 intellegentia,
438 2071 610 2152 prophetiae
634 2073 772 2147 scientia,
797 2091 900 2136 sermo
924 2072 1091 2151 sapientiae,
1115 2073 1181 2152 spei
1192 2071 1341 2150 firmitas,

192 2177 385 2242 sanationum
409 2175 598 2242 charismata
621 2162 707 2241 etin
731 2176 883 2240 daemonia
906 2175 1044 2241 subiecta
1059 2175 1245 2242 dominatus.
1271 2177 1342 2244 haec

193 2281 276 2345 enim
302 2287 460 2363 tamquam
484 2279 639 2346 stillicidia
673 2299 729 2344 nos
752 2286 925 2359 penetrant,
955 2299 1024 2363 qnae
1054 2279 1202 2360 paulatim
1235 2288 1341 2363 cepte

141 2412 166 2449 ιι
193 2387 293 2450 linctu
317 2383 478 2465 multiplici
503 2382 679 2449 exuberant.
724 2384 756 2447 in
787 2382 836 2448 bis
867 2403 941 2467 ergo
972 2383 1145 2459 stillicidiis,
1170 2404 1242 2449 cum
1266 2406 1340 2450 exo

193 2489 299 2569 rietur,
314 2495 395 2553 terra
419 2488 578 2553 letabitur.
623 2490 679 2553 sed
696 2487 851 2552 stillicidia
866 2486 1114 2568 multiplicantur,
1137 2495 1171 2553 ut
1185 2488 1246 2554 riui
1263 2490 1340 2569 sint;

193 2593 250 2657 riui
273 2597 377 2658 autem
400 2592 599 2669 inebriantur,
621 2597 655 2656 ut
679 2591 806 2656 flumina
829 2591 900 2656 sint.

240 2697 289 2761 16.
312 2695 512 2779 (lonseqnens
535 2703 637 2760 autem
662 2702 718 2775 est,
740 2701 775 2760 ut
793 2714 918 2760 omnem
935 2696 1181 2775 expectationem
1197 2705 1338 2763 nostram

194 2799 344 2881 prophete
367 2800 530 2866 confirmet
552 2805 583 2865 et
606 2801 723 2875 doceat,
747 2800 821 2883 qnid
846 2799 996 2864 montium
1028 2800 1220 2880 preparatio,
1250 2800 1339 2867 fundi

141 2932 166 2969 ss
194 2905 288 2970 meris
312 2905 452 2979 turbatio,
476 2912 567 2969 terrm
589 2904 723 2968 uisitatio
746 2914 777 2968 et
799 2903 864 2968 eius
887 2903 1058 2979 inebriatio,
1082 2903 1219 2969 fluminis
1238 2904 1339 2986 pleni·

195 3009 267 3073 tudo
290 3008 564 3074 consummationis
590 3007 731 3073 habitura
754 3008 824 3072 sint.
870 3009 960 3072 docet
989 3008 1093 3090 itaque
1123 3008 1155 3072 in
1178 3007 1238 3087 his,
1270 3029 1340 3094 qna

194 3118 407 3189 consecuntur,
431 3113 554 3177 dicens:
579 3111 811 3188 benedices,
836 3110 1004 3189 domine,
1029 3131 1220 3177 coronam
1242 3115 1339 3179 anni

194 3216 474 3300 benignitatis
499 3223 579 3293 tuae,
604 3222 643 3280 et
665 3216 795 3295 campi
830 3215 887 3280 tui
922 3215 1194 3294 replebuntur
1223 3219 1339 3284 uber·

195 3326 287 3384 tete.
332 3318 1185 3405 pinguescentsine‘sdeserti,erultatione
1208 3321 1339 3389 eolles

240 3444 272 3496 13
289 3443 388 3495 Matth.
408 3443 481 3501 XIII,
500 3444 530 3508 ὃς
548 3443 590 3497 28.

239 3545 300 3599 lin
319 3546 469 3600 stillicidiis
497 3546 555 3600 eins
579 3546 629 3600 ΥΕ
654 3545 682 3599 in
711 3544 861 3598 stillicidiis
879 3544 933 3597 ΗΡ
981 3544 1213 3613 4dcpraecantis
1232 3545 1260 3599 R
1314 3554 1342 3601 et

193 3685 267 3753 quod
287 3701 361 3738 nuno
381 3686 406 3737 P
456 3686 514 3740 6si
534 3644 591 3753 qui⁸
609 3701 675 3738 corr.
702 3703 735 3738 m.
754 3685 771 3737 1
789 3683 865 3738 Rsi
893 3683 941 3752 qui
967 3682 1010 3736 Ρα
1063 3698 1083 3736 x
1099 3710 1135 3720 -
1150 3685 1299 3752 putauerit
1315 3689 1340 3740 ιἰι

196 3789 246 3824 ναι.
267 3790 298 3824 m.
318 3770 381 3825 312
434 3771 583 3826 7eifluent
609 3790 639 3826 cc
665 3770 797 3825 effluaent
816 3771 841 3824 R
859 3769 973 3824 effluant
992 3770 1034 3822 Po
1087 3769 1171 3839 equi
1190 3789 1265 3842 supr.
1292 3791 1341 3828 scr.

195 3876 226 3911 su.
248 3860 263 3910 l
282 3859 309 3911 P
359 3857 461 3913 fluuius
489 3878 519 3912 ex
545 3858 648 3913 flumen
675 3877 707 3910 m.
726 3856 746 3911 3
765 3859 791 3912 R
808 3857 909 3910 fluuius
930 3856 981 3909 PE
1035 3858 1065 3910 12
1083 3858 1342 3926 euuangelicamll

195 3943 375 4013 leuigeliiV)
431 3948 462 3999 13
480 3944 651 4012 (tricensimo
670 3952 698 3999 et
717 3944 887 4013 sexagesimo
905 3948 935 3997 et
952 3942 1103 3996 centesimo
1121 3943 1154 4008 V)
1211 3946 1247 4000 ta
1265 3963 1342 4000 sena·

195 4031 274 4086 tiontt
293 4031 343 4092 (ntl
362 4034 389 4085 in
407 4050 460 4086 ras.
478 4031 511 4099 3)
530 4033 556 4085 R
612 4035 643 4086 le
660 4036 825 4101 paenetrant
845 4029 884 4095 P(
889 4031 924 4093 Γ)
978 4031 1012 4082 20
1029 4029 1060 4082 in
1081 4029 1124 4083 his
1151 4029 1244 4098 igitur
1264 4032 1341 4101 HV)

195 4119 229 4170 ‘25
247 4119 370 4172 turbatio
389 4117 430 4183 (io
448 4121 475 4172 in
493 4116 560 4185 ras.)
575 4119 601 4172 R
653 4123 682 4172 et
699 4117 822 4172 fluminis
833 4118 885 4170 PE
935 4120 968 4171 27
987 4116 1128 4170 benedicis
1140 4115 1198 4171 dile
1210 4135 1343 4175 coronam
1391 4180 1393 4189 ,

163 4222 164 4226 ’
202 4205 226 4256 V
241 4205 387 4259 benedices
406 4221 534 4259 coronam
555 4206 633 4258 RPE
684 4208 717 4258 29
736 4212 763 4258 et
781 4204 952 4258 exultatione
972 4204 1003 4256 E.
1391 4194 1393 4198 ’
