2790 4844
355 280 536 328 tractatus
556 275 590 327 iu
609 274 775 343 psalmum
796 272 916 327 CXVIII.
1142 273 1205 337 519

58 466 189 548 quidem
224 485 279 529 sua
312 464 461 545 propheta
497 463 562 528 liae
596 461 739 546 loquitur,
773 464 829 526 sed
863 469 1027 543 conpetunt
1057 470 1087 528 et
1108 464 1206 529 nostri

59 570 211 649 temperis
234 567 353 649 popule.
389 576 419 633 et
443 574 592 651 quatenus
614 567 647 630 irl
672 566 771 630 Dauid
796 567 834 630 de
858 586 891 631 se
915 566 1030 631 dixisse
1052 567 1204 641 credatur,

60 672 205 738 absolute
228 673 410 737 ostenditur.
456 671 578 737 Samuel
612 672 693 736 enim
729 669 878 750 propheta
910 671 1016 736 uenire
1050 672 1090 736 ad
1120 671 1205 736 Iesse

60 778 189 843 domum
213 798 232 841 a
255 780 313 843 dea
337 778 437 842 iussus
471 785 526 852 est,
560 784 594 840 ut
626 795 721 839 unum
756 794 793 840 ex
825 773 898 839 filiis
931 775 996 839 eius
1030 777 1062 839 in
1097 795 1206 859 regem

61 889 223 966 urgueret.
268 901 328 964 quo
352 900 423 946 eum
446 881 591 956 uenisset,
621 882 731 944 edesse
762 898 870 943 omues
895 877 974 943 filius
1005 879 1090 944 lesse
1112 880 1204 944 iubet.
1245 899 1258 937 ⁵

60 986 147 1050 uidet
171 985 282 1050 deinde
307 992 379 1049 natu
402 985 560 1061 maiorem,
584 984 687 1064 specie
710 982 880 1064 pulchrum,
904 982 1010 1046 habitu
1026 989 1056 1048 et
1072 984 1205 1064 proceri·

61 1099 122 1154 rate
147 1090 350 1167 eminentem
381 1091 435 1154 sed
467 1108 613 1168 responsa
637 1089 680 1152 ita
702 1094 860 1152 monetur:
896 1107 941 1152 ne
976 1088 1205 1168 iuspereris

60 1195 100 1258 iu
136 1192 492 1274 pulchritudinem
532 1193 619 1257 eius
653 1212 696 1257 ae
735 1192 1074 1274 magnitudinem,
1113 1193 1206 1275 quia

60 1318 136 1361 non
162 1298 352 1362 ilauidet
387 1297 512 1378 hamo,
536 1303 576 1360 ut
599 1297 704 1361 deus.
750 1296 865 1361 harno
899 1297 1063 1361 enimin
1098 1296 1205 1361 sarie

60 1403 185 1478 uidet,
209 1403 306 1467 deus
329 1411 461 1466 autem
486 1403 521 1465 iu
547 1403 679 1466 eorde.
725 1403 814 1465 adest
836 1407 866 1465 ut
882 1402 1043 1477 secundus,
1068 1403 1155 1466 adest
1176 1410 1206 1465 et
1233 1419 1257 1455 1⁰

61 1507 180 1584 tertius,
212 1507 325 1571 adsunt
356 1514 387 1570 et
417 1527 533 1581 amaea,
565 1526 642 1588 quas
666 1514 738 1570 tune
760 1505 845 1570 Iesse
868 1513 1037 1586 praesentes
1060 1504 1206 1569 habebat:

60 1610 118 1674 sed
150 1609 252 1675 nullus
283 1611 321 1675 de
351 1609 555 1691 presentibus
585 1610 708 1688 exstitit,
736 1610 787 1692 qui
811 1608 956 1690 placeret.
1000 1630 1108 1674 uerum
1135 1609 1208 1693 quia

61 1713 214 1794 propheta
250 1713 373 1779 Samuel
408 1735 469 1778 nau
501 1714 685 1779 mendaeem
715 1715 808 1778 sciret
837 1733 917 1790 eum,
951 1714 1004 1797 qui
1034 1733 1068 1778 se
1098 1715 1207 1779 adesse

59 1819 212 1895 iussisset,
244 1824 273 1883 et
304 1839 339 1883 ex
370 1817 429 1890 his,
461 1819 514 1900 qui
545 1824 712 1898 praesentes
742 1824 837 1895 erant,
867 1817 1060 1902 intellegeret
1089 1817 1204 1882 nullum

59 1943 79 1985 a
103 1922 164 1986 deu
187 1941 256 1987 esse
280 1922 435 1995 dilectum,
460 1922 545 1986 lesse
575 1922 633 1986 ait:
669 1922 862 2004 numquid
885 1934 946 1986 est
975 1922 1050 1987 tibi
1076 1921 1206 1987 adhue
1233 1938 1258 1975 1⁵

60 2025 205 2091 lilius?
250 2027 302 2109 qui
325 2027 500 2107 respoudit:
531 2032 591 2090 est
621 2025 717 2090 milri
749 2027 937 2091 modicus.
972 2046 1087 2109 quem
1115 2026 1205 2092 reli·

60 2130 131 2212 qui
166 2132 204 2194 iu
238 2129 451 2210 pastorali.
503 2129 553 2194 hie
587 2150 661 2214 ergo
695 2129 810 2194 electus
843 2151 862 2194 a
894 2136 1000 2195 saneto
1033 2130 1142 2211 spiritu
1175 2136 1207 2194 at

58 2240 174 2298 unctus
196 2235 226 2298 iu
252 2254 358 2318 regem
383 2244 444 2299 est:
469 2242 500 2299 et
515 2255 552 2299 er
566 2235 685 2299 iuniore
708 2240 799 2317 atque
823 2240 997 2315 contempta
1020 2234 1151 2317 gloriam
1176 2242 1206 2298 et

57 2336 224 2418 prophetae
248 2345 278 2402 et
300 2338 384 2418 regie
406 2339 534 2418 aceepit.

106 2476 135 2539 7,
161 2477 211 2539 Ar
242 2476 388 2560 populum
417 2497 501 2547 uere,
533 2478 584 2560 qui
616 2486 645 2541 el
675 2477 773 2541 iunior
795 2485 842 2541 est
864 2482 895 2541 et
917 2484 988 2541 aute
1011 2485 1205 2557 contemptus
1232 2489 1257 2527 2⁰

51 2588 118 2645 est.
143 2579 209 2644 liar
233 2581 275 2644 ita
298 2581 461 2661 pertinent.
509 2583 677 2646 eratenim
703 2583 732 2646 iu
757 2582 838 2645 uitiis
854 2580 966 2646 saculi.
990 2582 1100 2646 eratin
1118 2582 1205 2663 igna-

50 2686 170 2749 ramira
193 2692 292 2762 nacte,
328 2686 448 2750 eratin
472 2687 586 2770 agresti
610 2706 645 2750 ae
667 2686 781 2750 rustiea
804 2691 835 2749 at
856 2686 980 2750 ruinosa
1003 2687 1116 2750 terreni
1140 2705 1205 2749 ror·

47 2790 147 2865 lteris
170 2791 272 2853 (lamo.
318 2790 372 2854 sed
398 2789 448 2856 hic
472 2790 720 2854 iustificationum
752 2790 800 2855 dei
833 2810 891 2853 mm
922 2788 1120 2866 oblimaretur,
1156 2789 1205 2853 lrie

51 2894 225 2973 reprobato
248 2892 360 2975 populu
384 2896 503 2959 seniore
527 2895 625 2958 iunior
647 2895 677 2958 in
702 2894 907 2959 hereditatem
931 2893 1056 2958 familiae
1072 2894 1205 2979 eligitur.

54 2998 138 3062 emit
160 2998 243 3062 euim
268 2997 363 3063 Iacob
397 2999 603 3081 primogenita
636 2997 727 3073 Esau,
764 3019 834 3081 qum
868 2998 927 3063 sibi
960 2998 1011 3063 ille
1045 3004 1206 3081 tamquam
1233 3005 1258 3046 ²³

55 3101 229 3165 mariturus
252 3100 371 3165 inutilia
391 3102 587 3167 existimauit.
633 3103 689 3167 seit
706 3102 762 3167 lias
778 3102 907 3183 papulus
923 3103 1023 3167 iuuiar
1037 3102 1206 3167 natiuitatis

107 3259 153 3311 rr
174 3258 240 3327 aeg.
262 3261 301 3323 ra,
319 3262 344 3311 r.
382 3260 421 3313 15.
442 3260 510 3313 rum.
531 3262 571 3312 rr.

107 3401 265 3456 Baamuhel
285 3402 336 3455 Rl'
385 3403 463 3456 uenit
491 3422 521 3455 rr
547 3402 611 3455 ueni
640 3422 672 3458 m.
692 3404 712 3457 2
736 3404 760 3459 V
809 3407 930 3457 lunum
955 3406 981 3456 r'a
1005 3423 1086 3474 maru.
1107 3406 1211 3458 adm?

66 3541 81 3592 5
99 3548 216 3608 ungeret
236 3539 304 3611 CpE
355 3557 409 3608 quo
428 3560 458 3594 ez
477 3542 548 3609 quod
565 3543 588 3593 ll
602 3542 648 3609 qui
668 3543 690 3595 l'
740 3500 935 3596 adiaaggnlllior
954 3500 1093 3596 iemiubet
1111 3542 1207 3597 uenire

67 3626 141 3679 uidet
157 3626 180 3677 V
230 3627 370 3681 timuiore
387 3628 410 3677 l'
460 3628 534 3681 rita
552 3634 680 3681 mouetur
696 3648 729 3698 pe
747 3631 928 3683 amoneturlj!
977 3646 1012 3682 ue
1030 3632 1090 3681 mld.
1108 3630 1210 3683 aalW

65 3714 127 3767 ein
145 3732 193 3765 om.
212 3730 244 3781 pe
297 3714 361 3767 9iu
384 3713 481 3766 faeiem
509 3715 555 3768 l'It
610 3718 642 3769 10
660 3715 747 3796 ideret
774 3720 802 3768 et
830 3716 966 3769 secundus
993 3734 1059 3769 carr.
1087 3735 1120 3770 m.
1147 3717 1162 3767 1
1186 3716 1210 3767 l'

62 3818 141 3871 adest
167 3818 268 3871 tertius
286 3836 299 3871 e
317 3822 346 3871 et
372 3819 471 3871 tertius
493 3819 571 3872 adeat
592 3823 614 3865 l'
629 3823 658 3872 et
676 3820 776 3873 tertius
795 3821 820 3873 It
875 3823 905 3873 ll
924 3820 997 3908 iesse
1020 3820 1045 3873 Il
1072 3821 1156 3874 iesses
1186 3819 1210 3873 l'

64 3924 96 3975 13
115 3921 303 3975 mendatiac
354 3924 387 3976 14
405 3922 531 3976 iussisset
550 3943 580 3975 ur.
599 3924 678 3976 iussit
698 3944 729 3977 m.
752 3924 822 3978 21¹
872 3931 898 3977 et
918 3927 978 3977 add.
1004 3922 1075 3977 aa?
1100 3924 1123 3975 V
1172 3939 1207 3977 ex

60 4009 95 4063 iis
127 4008 153 4059 E
203 4008 376 4062 mereatum
406 4010 472 4079 (ΜΣ
527 4013 558 4063 16
576 4010 712 4078 dereliqui
740 4012 835 4079 rrr'pE
886 4014 918 4065 17
937 4011 983 4064 hic
1010 4029 1058 4064 om.
1088 4012 1138 4081 l'pe
1191 4028 1207 4062 a

57 4094 164 4163 spiritu
182 4100 278 4148 sancto
293 4096 344 4164 pE
393 4098 429 4151 20
446 4097 494 4164 qui
514 4097 605 4149 iunior
624 4104 666 4149 est
687 4100 710 4147 (¹
758 4099 789 4151 ‘.'l
810 4104 869 4150 erat-
888 4098 916 4150 in
936 4096 1107 4166 ignorantiae
1125 4102 1208 4150 nocte

55 4254 110 4284 aar.
134 4231 186 4301 (¹1ae
237 4192 705 4317 25primogenifrlsaucaram.21
729 4237 753 4288 V
803 4236 851 4290 ille
870 4254 917 4290 om.
934 4256 974 4307 pr.
