2790 4844
350 275 531 323 tractatur
554 270 587 322 in
606 271 775 339 psalmum
795 269 938 323 CXXXVI.
1155 269 1217 334 ῖ33

115 461 164 525 13.
192 459 439 525 commemorata
461 467 564 525 autem
591 458 786 524 Hierusalem
822 460 997 538 capt-initote
1029 467 1059 524 et
1081 459 1215 524 filiorum

68 564 170 629 lldom
195 565 226 628 in
248 564 460 629 exinaniendis
476 565 564 629 uobis
580 583 679 647 usque
695 563 734 626 ad
751 562 986 628 fundamentum
1003 563 1215 629 adhortatione

67 688 264 752 consequens
287 676 343 739 est,
366 674 409 747 ut,
433 676 585 752 quatenus
610 672 760 733 aduersus
785 667 851 731 haro
875 667 963 733 nobis
986 669 1211 749 prouidendum

66 773 117 850 sit,
141 772 292 853 propheta
316 774 516 838 demonstret.
561 781 591 836 ut
614 772 807 836 demonstrat
822 771 920 852 plane,
945 792 1004 836 non
1029 773 1134 856 inopes
1159 792 1214 836 nos

66 875 1213 960 usqueinperitosrelinquens,eumait:siliaBabylonismisera:
1254 904 1266 940 a

66 980 1213 1065 beatus‚quiretribuettibiretributionemtuam,quam

66 1086 307 1150 retribuisti
343 1085 468 1150 nobis.
514 1085 667 1162 beatus,
693 1085 758 1167 qui
796 1085 959 1150 tenebit
992 1097 1028 1150 et
1066 1084 1214 1151 allidet

66 1189 263 1269 paruulos
297 1196 386 1254 tuos
420 1189 466 1254 ud
501 1196 665 1269 petram.
710 1187 822 1254 uellem
857 1191 1030 1270 percontari
1064 1210 1124 1261 eos,
1159 1191 1212 1273 qui

65 1295 182 1359 otiosas
206 1313 273 1359 esse
296 1293 450 1374 spiritales
466 1293 657 1374 psalmomm
672 1293 898 1378 intellegentias
915 1294 1101 1370 existimant,
1118 1313 1211 1377 quam

64 1397 119 1463 hie
142 1419 160 1462 a
182 1388 333 1479 propheta
349 1397 517 1482 Babylonis
538 1396 634 1462 tiliam
652 1397 767 1463 dietam
784 1417 852 1463 esse
869 1396 1055 1482 intellegant,
1079 1405 1128 1475 ea
1141 1418 1212 1462 oum
1241 1423 1264 1457 ιο

64 1502 210 1586 superius
234 1522 326 1583 super
340 1500 504 1585 Rabylonis
520 1501 648 1566 flumina
671 1522 793 1567 sessum
809 1510 900 1586 atque
916 1501 1067 1583 ploratum
1086 1502 1133 1578 sit,
1157 1522 1211 1568 cur
1286 1489 1288 1492 ⁵

64 1627 148 1671 nuno
174 1605 341 1691 Babylonis
364 1606 428 1671 filia
450 1607 566 1671 misera
590 1605 652 1670 sit?
683 1606 738 1670 sed
762 1607 835 1689 quia
857 1626 966 1671 sensus
989 1605 1122 1691 legentis
1143 1625 1210 1671 eor-

63 1708 161 1791 porali
198 1710 408 1794 intellegentia
446 1719 537 1786 earet,
576 1709 722 1790 spiritalis
757 1711 833 1774 ratio
868 1711 1029 1776 tractanda
1063 1717 1118 1776 est.
1172 1711 1211 1774 ad

62 1814 219 1881 infelicem
243 1814 328 1879 enim
347 1812 433 1878 illam
449 1813 636 1879 confusionis
653 1821 684 1878 et
699 1815 938 1894 perturbationis
954 1819 1067 1879 nostrae
1082 1834 1208 1879 earnem

62 1939 169 1984 sermo
191 1918 292 1983 omnis
315 1918 486 1995 reuertitur,
511 1939 580 2002 quae
604 1920 774 1983 seeundum
798 1917 936 1983 historiae
959 1919 1053 1983 fidem
1078 1938 1114 1982 ex
1137 1938 1209 1983 eon·
1237 1943 1262 1980 ιε

61 2023 194 2088 susionis
216 2022 355 2104 patribus
378 2023 483 2106 genita
505 2028 559 2099 est,
590 2023 662 2106 quia
684 2022 785 2087 omnis
810 2041 881 2087 earo
912 2024 1077 2104 superioris
1107 2024 1209 2087 carnis

62 2136 112 2194 est
135 2125 208 2191 filia.
255 2148 290 2191 aa
314 2125 364 2191 bis
387 2128 480 2202 enim,
504 2128 556 2208 qui
579 2128 715 2207 primum
739 2127 875 2191 confusis
890 2126 1006 2209 linguis
1021 2127 1210 2193 confusionis

61 2232 183 2308 urbem,
207 2251 275 2315 quae
298 2230 471 2314 Babylonia
494 2237 549 2309 est,
584 2232 795 2308 condiderunt
825 2232 1039 2296 imiuersarum
1068 2231 1209 2315 gentium

61 2337 151 2401 initia
174 2336 314 2416 dispersa
336 2341 414 2401 sunt.
459 2333 527 2400 lraec
557 2355 632 2420 ergo
664 2336 778 2400 misera
802 2333 970 2418 Babylonis
1001 2341 1049 2400 est
1071 2334 1142 2411 filia,
1177 2335 1208 2399 id

60 2447 111 2506 est
134 2460 206 2505 caro
228 2440 375 2504 omnium.
421 2440 470 2505 oui
500 2440 551 2522 qui
577 2439 725 2504 retribuet
747 2439 963 2504 retributiones
986 2459 1066 2516 suas,
1100 2439 1208 2504 beatus
1236 2462 1260 2498 ao

59 2551 119 2620 est,
154 2543 272 2609 seilicet
301 2543 353 2626 qui
383 2562 507 2608 earnem
540 2563 626 2608 sunm
652 2542 822 2608 dominatui
847 2544 958 2608 animae
982 2543 1153 2619 subiacent,
1178 2550 1208 2608 et

60 2647 197 2732 quisque
230 2666 298 2712 eam
332 2647 451 2729 spiritui
486 2646 667 2712 subdiderit.
712 2645 765 2711 illa
799 2647 880 2711 enim
914 2666 1021 2711 omues
1056 2666 1116 2723 eos,
1155 2647 1207 2730 qui

58 2750 187 2833 inperiti
204 2753 242 2816 de
259 2753 317 2816 deo
336 2758 367 2817 et
386 2751 486 2835 ignari
503 2757 598 2827 eraut
614 2752 757 2816 omnibus
773 2749 981 2831 uoluptatibus
997 2757 1029 2815 et
1044 2751 1206 2816 desideriis
1237 2764 1240 2771 ·

58 2857 126 2920 suis
149 2855 316 2939 subegerat
338 2862 368 2921 et
390 2856 523 2936 captiua
539 2855 636 2920 menti
652 2856 816 2919 dominans
831 2855 1012 2937 imperabat.
1058 2856 1113 2920 sed
1134 2875 1206 2920 aum

58 2979 117 3041 per
140 2960 350 3044 coguitionem
375 2959 426 3024 dei
448 2960 523 3024 uitia
545 2960 619 3032 eius,
653 2980 715 3024 non
738 2960 806 3024 dieo
829 2959 1001 3036 abolitione,
1026 2960 1081 3023 sad
1106 2965 1204 3024 morte
1232 2982 1256 3017 νο

57 3064 263 3145 perimuntur,
286 3083 355 3129 eum
380 3062 497 3148 religio,
521 3063 676 3144 pudicitia,
707 3062 837 3148 largitio,
869 3062 1019 3128 sobrietas
1043 3070 1074 3127 et
1096 3064 1205 3128 caritas

57 3169 261 3249 impietatem,
285 3167 454 3243 libidinem,
483 3168 654 3244 auaritiam,
685 3167 874 3243 ebrietatem,
905 3164 1103 3245 simultatem,
1134 3168 1204 3231 odia

106 3328 402 3414 [commemorataptd
422 3324 448 3376 P
498 3323 692 3392 captiuitatem
711 3325 737 3376 P
787 3325 1015 3378 dadbertatioud
1031 3326 1057 3376 P
1107 3326 1205 3392 8par·

55 3445 188 3500 cunctari
206 3444 249 3497 Pa
304 3448 337 3500 10
354 3447 391 3498 sic
408 3446 447 3498 Re
475 3445 539 3509 (nisi
557 3448 625 3514 parad
641 3448 668 3498 in
687 3446 712 3498 R
730 3463 783 3514 qur
797 3463 849 3516 pro
873 3445 942 3513 our),
961 3451 989 3499 at
1016 3451 1050 3499 eil
1077 3445 1203 3514 superius

54 3531 138 3653 suph·
148 3583 306 3652 babyllonis
324 3582 381 3637 filia
399 3584 500 3637 misera
518 3585 556 3637 sit
574 3584 622 3638 sed
640 3585 705 3653 quia
723 3595 767 3637 cet.
779 3584 805 3636 P
817 3588 845 3638 et
858 3583 1067 3653 quomodooum
1078 3584 1204 3652 superius

54 3671 180 3740 superba
188 3669 246 3723 filia
255 3670 400 3739 babylonia
410 3686 483 3723 nuno
494 3671 595 3724 misera
605 3671 642 3724 ait
651 3671 697 3725 aed
708 3671 774 3740 quia
783 3683 827 3724 cer.
839 3672 878 3722 Tb
887 3673 920 3740 cs.
929 3672 1057 3723 Addenda
1096 3672 1126 3724 15
1137 3686 1204 3724 non·

51 3810 175 3865 fusionis
194 3808 219 3875 (s
237 3812 265 3862 in
282 3827 335 3863 rue.
355 3808 429 3862 2-‚3
446 3807 504 3876 tur.)
523 3811 549 3862 R
602 3813 636 3865 20
654 3811 699 3864 eui
724 3812 772 3879 qui
796 3811 933 3865 retribuet
952 3811 1006 3863 RE
1022 3810 1067 3863 eui
1085 3757 1103 3878 <i
1122 3810 1204 3863 retri-

48 3874 195 3970 buerit-T
212 3913 312 3982 auique
330 3915 485 3970 retribuere
504 3916 530 3967 P
580 3919 612 3970 ill
632 3917 740 3969 seilicet
764 3916 812 3983 qui
832 3917 895 3967 RTd
920 3917 1030 3970 scilieet
1054 3918 1119 3984 quia
1138 3919 1202 3971 Psi

49 4001 150 4071 quiae
202 4006 232 4054 at
249 4001 330 4070 quisq
348 4002 374 4055 R
400 4003 503 4070 quique
522 4003 586 4055 Vsa
612 4002 768 4071 quiaquise
820 4005 855 4056 28
876 4008 956 4056 erant
981 4004 1045 4056 PTb
1072 4010 1138 4058 aunt
1164 4005 1203 4057 Re

49 4139 250 4208 uoluptatibus
261 4090 436 4194 ”desideriis
455 4141 481 4193 P
539 4143 573 4195 25
592 4141 636 4194 dei
655 4143 681 4194 R
699 4141 810 4195 deitatis
838 4142 915 4194 PTE
966 4143 1036 4196 uitia
1064 4143 1123 4197 eius
1151 4144 1206 4198 RE

49 4247 104 4280 nm.
126 4227 176 4280 PT
228 4226 518 4282 murmuratorum.
538 4229 571 4282 R.
