2790 4844
404 268 605 323 instructio
622 272 848 339 psalmorum.
1183 278 1201 338 o

50 454 216 521 seientiam
240 457 388 523 extitisse.
434 478 470 522 eo
502 459 586 523 enim
617 479 735 544 organo
765 460 979 542 prophetatum
1013 468 1067 539 est,
1099 482 1202 546 graece

51 559 243 642 psalterium,
279 560 425 628 hebraice
459 562 553 628 nabla
587 571 769 645 nuncupato,
807 567 890 648 quod
928 586 1022 630 unum
1061 567 1201 631 omnium

55 665 244 730 inusicorum
268 686 458 750 organorum
481 668 693 733 rectissimum
717 675 771 747 est,
794 669 872 733 nihil
896 670 928 734 in
951 691 985 736 se
1008 670 1058 735 uel
1075 691 1201 753 peruer-

57 788 123 831 ¹sum
145 770 311 835 continens
333 770 383 836 uel
406 770 573 856 obliquum,
596 793 697 856 neque
721 773 802 857 qood
837 793 876 838 er
904 773 1103 839 inferioribus
1126 774 1201 839 locis

58 870 219 938 insonum
242 883 411 940 concentus
435 876 545 941 musici
580 883 805 942 commonetur:
840 878 949 943 sedin
982 876 1117 942 formam
1146 880 1200 942 do-

63 976 161 1041 minici
180 979 321 1060 corporis
340 981 537 1045 constitutum
559 1001 710 1065 organum
730 982 797 1046 sine
817 981 878 1046 ullo
901 981 1017 1046 inflexu
1041 981 1201 1047 defleruue

66 1079 205 1146 directum
229 1095 285 1161 est,
309 1103 458 1168 organum
483 1104 522 1149 ox
544 1086 685 1169 supernis
715 1093 899 1150 commotum
934 1095 977 1156 et,
993 1085 1147 1166 inpulsum
1172 1094 1202 1151 et

69 1182 98 1245 in
117 1187 284 1252 cantionem
320 1207 462 1270 supemae
484 1198 515 1253 et
537 1189 669 1255 caelestis
698 1190 897 1255 institutionis
927 1190 1108 1271 animatum,
1138 1209 1201 1254 non

75 1284 170 1353 hunriti
192 1300 221 1356 et
243 1298 368 1357 terreno
402 1293 519 1376 spiritu,
554 1299 587 1358 ut
619 1302 724 1359 cetera
754 1302 844 1385 terras
867 1314 994 1378 organa,
1024 1313 1201 1375 personum.

77 1395 225 1459 nonenim
249 1396 300 1461 ills
323 1395 452 1461 humilia
474 1411 567 1481 atque
591 1405 713 1483 terrena
736 1399 766 1462 in
791 1397 842 1463 illo
865 1398 1003 1478 eorporis
1019 1398 1066 1463 sui
1083 1416 1199 1481 organo

81 1498 243 1575 praudeant,
275 1500 443 1581 sicutipse
466 1507 594 1566 testatus
618 1510 681 1567 cst:
721 1502 786 1586 qui
822 1510 884 1566 est
919 1502 964 1567 de
999 1510 1119 1579 terra,
1153 1503 1199 1566 ds

83 1606 250 1668 terraest
273 1614 311 1669 st
334 1605 380 1670 de
404 1613 514 1670 terra
537 1605 729 1688 loquitur.
761 1606 826 1689 qui
860 1613 991 1670 autern
1023 1606 1068 1670 de
1103 1605 1199 1670 caelo

85 1706 182 1781 uouit,
202 1728 285 1790 qua·
308 1709 415 1774 uidit
445 1717 481 1775 et
511 1711 676 1788 audiuit,
708 1716 892 1776 testatur.
937 1730 994 1791 por
1017 1709 1100 1775 huno
1123 1730 1198 1794 ergo

89 1814 387 1893 suoemnrn'spiritum
412 1815 487 1880 deus
511 1823 650 1879 cantatur
673 1815 704 1878 in
735 1814 873 1895 psalmis,
907 1815 938 1879 in
970 1814 1071 1879 sorma
1100 1814 1198 1879 domi·

90 1907 134 1972 nici
152 1918 282 1996 corporis,
306 1918 338 1980 in
362 1937 424 2001 quo
447 1918 579 1984 caelestis
610 1920 736 2000 spiritus
766 1927 813 1983 cst
842 1919 969 1996 locutos,
1001 1918 1099 1982 forma
1122 1938 1198 2001 quo-

93 2029 137 2091 que
154 2023 250 2086 teneni
275 2021 367 2087 huius
390 2029 420 2087 et
443 2013 552 2088 m'usici
577 2031 607 2088 et
630 2044 667 2088 er
689 2024 831 2104 supernis
861 2023 1054 2087 concinentis
1088 2022 1197 2106 organi

94 2134 233 2198 conparata

125 2220 145 2284 8.
162 2224 220 2294 Non
243 2236 291 2295 est
320 2238 423 2295 autern
455 2231 671 2314 ignorandum,
703 2231 903 2295 indiscretum
935 2232 1016 2310 aliud
1048 2229 1197 2294 Hebraeos

95 2341 217 2397 sunctum
240 2355 310 2400 esse
334 2334 534 2415 psalmorum,
565 2336 621 2400 sed
651 2335 719 2399 sine
750 2335 868 2399 ordinis
898 2335 1095 2399 adnotatione
1130 2354 1198 2398 esse

1227 909 1239 943 ῠ

94 2435 252 2516 annonas.
299 2459 359 2504 non
392 2439 474 2504 enim
506 2439 569 2504 illic
599 2440 717 2520 primus
747 2445 799 2502 erut
828 2440 983 2504 sccundus
1014 2445 1065 2501 aut
1089 2437 1197 2502 tertius
1225 2468 1229 2479 ·

94 2544 130 2594 aut
146 2540 406 2627 quinquagesimus
429 2549 480 2607 aut
503 2544 692 2608 centesimus
715 2549 933 2622 praenotantur,
962 2543 1018 2606 sed
1042 2542 1109 2605 sine
1134 2541 1198 2605 dis·

94 2634 187 2708 trinine
207 2646 309 2730 aliquo
333 2647 452 2711 ordinis
468 2647 649 2730 numerique
672 2645 816 2726 pomairti
841 2654 920 2710 sunt.
965 2645 1083 2710 Esdras
1106 2644 1197 2721 eninr,

93 2747 117 2800 nt
131 2747 241 2832 antiqua
265 2749 446 2815 traditiones
470 2750 582 2829 serunt,
606 2749 827 2830 incompositos
850 2768 903 2813 eos
919 2755 949 2813 et
964 2769 1019 2829 pro
1040 2757 1196 2812 auctorum

93 2859 119 2905 δῦ
135 2856 286 2933 tenturum
311 2854 490 2921 diuersitate
506 2855 664 2935 dispersos
687 2854 718 2918 in
742 2852 884 2919 uolumen
909 2874 1005 2917 unum
1028 2852 1152 2937 collegit
1168 2859 1198 2916 ot

92 2950 181 3020 rettulit.
221 2959 276 3023 sed
300 2959 498 3043 septuaginta
520 2959 664 3035 seniores
688 2957 857 3022 secundum
877 2957 977 3041 Moysi
1002 2957 1196 3022 traditionem
1225 2984 1249 3017 c,

93 3050 120 3113 ad
132 3063 282 3127 custodiam
300 3062 379 3146 legis
396 3063 553 3128 doctrinae
568 3064 600 3127 in
616 3081 777 3147 synagoga
792 3069 962 3138 manentes
981 3069 1087 3145 postea
1103 3080 1196 3143 quam

92 3151 136 3219 iltis
154 3183 167 3224 a
184 3187 253 3251 rege
278 3166 445 3232 Ptolomaeo
469 3166 692 3232 transferenda
715 3186 752 3231 er
776 3164 899 3230 hsbraeo
922 3166 953 3229 in
976 3185 1112 3250 graecum
1132 3185 1196 3229 ser-

92 3275 182 3332 noncn
193 3273 293 3348 ,totius
318 3271 398 3356 tegis
414 3292 487 3337 cura
502 3271 648 3336 mandata
663 3277 719 3349 est,
742 3270 873 3352 spirit-aii
890 3279 920 3335 ct
936 3269 1049 3335 calesti
1067 3269 1196 3334 scientia

93 3361 186 3437 uirtutes
207 3376 393 3456 psalmorum
410 3375 626 3460 intellegentes
642 3376 673 3439 in
697 3396 861 3440 numerum
877 3396 930 3441 eos
947 3385 1040 3457 atquc
1056 3373 1197 3438 ordinem

125 3523 147 3575 11
161 3528 207 3585 m.
224 3534 273 3600 111,
292 3536 335 3588 ss.

121 3711 135 3762 9
147 3723 293 3783 psalterium
304 3745 318 3776 r
328 3725 462 3793 psalterio
475 3725 530 3776 DE
581 3729 795 3791 nuncupaturus·
850 3725 876 3776 1(
878 3732 883 3769 t
901 3722 930 3774 in
943 3722 993 3774 illo
1006 3742 1020 3773 r
1032 3722 1060 3773 iu
1073 3721 1132 3789 ipso
1143 3721 1200 3772 012*

93 3794 156 3854 '⁴51¹
176 3808 257 3865 torma
283 3813 342 3865 rDe
369 3811 398 3864 in
426 3812 542 3864 formam
570 3814 584 3862 t
640 3814 672 3864 to
700 3827 845 3863 numerum
876 3828 925 3861 osa.
953 3829 967 3860 r
985 3809 1054 3877 sort.
1083 3814 1111 3860 et
1138 3807 1196 3860 sine

91 3880 114 3933 2¹
129 3901 304 3952 tmnountur
323 3918 337 3950 r
355 3895 399 3951 d¹e
418 3904 598 3966 praenotatur
616 3894 663 3949 ‹1¹1›
716 3897 764 3950 sed
788 3896 846 3949 sinc
871 3895 1031 3948 discrimine
1055 3894 1149 3961 aliquo
1167 3895 1197 3945 rb

91 3967 127 4021 'td
145 3978 190 4033 sins
213 3986 415 4053 proscriptione
441 3985 534 4052 aliqua
562 3986 602 4036 lte
655 3987 690 4037 26
716 3983 750 4036 ed
776 3982 930 4036 custodiam
956 3981 1026 4047 legis
1053 3980 1196 4034 doctrinae

93 4058 159 4126 mit*
179 4067 220 4139 (ιγ’.
248 4073 290 4125 to.
321 4073 353 4124 ΙΙ
377 4090 434 4142 ecp-
463 4073 495 4137 2)
524 4072 557 4124 ad
587 4070 740 4125 custodiam
768 4070 836 4138 legis
864 4076 892 4123 et
918 4069 1061 4122 doctrinas
1088 4064 1137 4119 ‹I‘a
1162 4067 1197 4120 ad

10 4212 12 4227 Ι
91 4147 208 4209 Custodum
230 4159 299 4229 legis
324 4165 352 4213 et
378 4158 566 4212 doctrinamr
590 4159 625 4211 ed
650 4157 859 4210 custodiendam
887 4156 956 4225 legis
981 4155 1136 4209 doctrinam
1154 4152 1197 4205 d¹e

10 4238 12 4303 Ξ
91 4229 116 4277 “·’Ῑ
133 4231 172 4288 ilo.
187 4264 261 4298 urar
315 4263 415 4315 aroge
435 4245 572 4299 Antiocho
590 4243 633 4297 rd¹
686 4246 721 4298 28
739 4243 877 4311 spirituali
897 4264 918 4295 r.
