2790 4844
375 294 557 344 tractatus
580 290 615 343 in
633 291 804 359 psalmum
824 289 945 344 cxvffl.
1167 290 1229 356 437

85 482 116 545 in
140 468 211 565 lege
234 492 306 546 suut
329 481 510 547 constitutae.
534 480 678 545 umbram
700 482 732 544 in
747 499 780 546 se
796 480 1048 546 iustificationum
1063 479 1230 546 coelestium

83 586 288 650 continerent.

128 689 157 753 6.
184 689 305 754 Deinde
335 689 464 754 adiecit:
499 687 782 769 multiplicata
816 700 876 754 est
910 709 1031 769 super
1064 709 1123 754 me
1158 690 1229 754 ini·

82 795 225 877 quitas
247 794 529 874 superborum:
554 812 626 877 ego
650 803 784 878 autem
807 796 845 857 in
868 798 953 858 toto
976 794 1098 858 cordo
1122 813 1228 859 scru-

82 899 180 964 tabo
215 898 403 961 mandata
438 908 512 961 tua.
558 897 712 977 patienter
741 898 845 963 omnia
868 906 899 963 et
921 897 1137 981 aequanimiter
1158 918 1227 982 pro
1267 921 1280 960 a

80 1001 179 1084 pheta
212 1001 345 1067 tolerans
379 1002 409 1065 in
445 1002 644 1083 opprobrium
682 1002 883 1085 superborum
921 1009 1014 1086 atque
1050 1002 1227 1085 iniquorum

80 1108 234 1172 deductus
257 1116 313 1171 est.
359 1105 385 1171 si
409 1106 479 1189 quis
503 1106 586 1170 enim
610 1105 840 1190 obiurgationes
864 1107 956 1170 trium
982 1125 1093 1191 regum
1116 1106 1147 1170 in
1170 1105 1226 1172 Iob

80 1210 209 1289 recolat,
241 1207 411 1294 intelleget,
436 1217 550 1293 quanto
581 1210 786 1275 inludentinm
817 1211 1018 1275 exacerbetur
1051 1209 1226 1294 opprobrio.

79 1334 216 1399 namque
240 1334 308 1379 cum
332 1312 502 1398 inreligiosi
527 1314 641 1397 quique
664 1333 721 1393 per·
743 1314 903 1397 passiones
924 1313 1043 1397 aliquas
1066 1314 1226 1380 emendari

80 1419 133 1484 dei
157 1437 265 1483 seruos
288 1423 479 1493 contuentur,
510 1419 696 1501 exprobrare
720 1417 787 1482 hmo
809 1418 852 1482 ita
876 1416 988 1483 solent:
1021 1417 1092 1501 „abi
1124 1418 1226 1484 tides?
1250 1440 1278 1477 ro

78 1522 132 1587 nbi
157 1542 230 1602 spes
253 1522 286 1586 in
309 1521 425 1586 deum?
448 1522 500 1586 ubi
524 1521 697 1587 auxiliantis
721 1520 842 1586 uirtus?
865 1520 916 1586 ubi
940 1522 1012 1586 boni
1036 1522 1084 1588 dei
1105 1522 1226 1588 miseri·

78 1627 187 1691 cordia
210 1625 299 1691 est?“
347 1635 454 1691 eontra
477 1646 546 1709 quie
568 1626 659 1690 firmo
683 1626 786 1689 auimo
808 1624 955 1708 fidelique
970 1646 1047 1707 opus
1070 1635 1118 1691 est
1140 1639 1169 1692 et
1193 1627 1224 1691 in

78 1731 236 1795 mandatis
258 1730 308 1795 dei
332 1733 448 1795 intente
471 1738 564 1813 atque
588 1737 744 1810 occupato,
771 1749 811 1794 ne
833 1729 1044 1814 multiplicatis
1069 1738 1113 1795 tot
1135 1732 1167 1795 in
1190 1750 1223 1796 se

79 1835 285 1918 superborum
309 1834 522 1917 iniquitatibus
545 1833 642 1908 cedat,
666 1835 721 1899 sed
738 1853 861 1915 semper
876 1834 974 1899 dieat:
999 1834 1224 1900 bonitatem

78 1936 225 2003 fecisti
260 1957 346 2003 cum
381 1957 497 2003 seruo
532 1945 605 2003 tuo,
640 1938 815 2015 domine;
845 1938 944 2003 utait
967 1937 1019 2004 ille
1042 1940 1221 2019 passionum
1249 1956 1274 1995 1⁵

78 2038 289 2107 humanarum
327 2042 477 2126 gloriosus
512 2054 542 2106 et
578 2042 684 2106 beatus
723 2043 837 2108 uictor:
876 2043 1061 2107 dominus
1100 2044 1222 2126 dedit,

78 2142 267 2211 (lominus
302 2145 485 2223 abstulit,
521 2147 576 2210 sit
607 2165 748 2210 nornen
780 2147 930 2211 domini
953 2147 1222 2213 benedictum.

127 2248 153 2313 1.
179 2250 298 2316 Deinde
321 2250 474 2334 sequitur:
498 2249 737 2333 coagulauit
760 2250 869 2315 sicut
890 2249 954 2315 lac
977 2269 1046 2315 oor
1069 2270 1221 2315 eorum:

78 2366 152 2431 ego
174 2373 270 2420 nero
295 2352 426 2438 legem
451 2359 556 2418 tuam
580 2354 800 2418 meditatus
823 2373 914 2418 sum.
950 2373 1003 2419 cor
1018 2356 1220 2435 superborum

82 2451 127 2516 ait
144 2459 223 2524 sicut
244 2456 293 2523 lae
323 2458 527 2541 coagulatum.
573 2447 619 2523 lac
650 2458 753 2539 specie
783 2465 814 2535 et
844 2477 954 2538 sapore
984 2457 1219 2523 blandissimum
1248 2478 1272 2514 n

79 2568 140 2635 est;
163 2564 247 2646 qnod
269 2562 345 2626 uitio
368 2560 471 2645 aliquo
494 2572 671 2643 corruptum
695 2561 851 2646 coagulari
881 2560 960 2626 solet
989 2569 1020 2627 et
1043 2582 1080 2626 er
1103 2573 1220 2627 naturae

79 2669 142 2728 Stis
164 2668 317 2731 suauitate
348 2666 502 2731 decedens
533 2665 633 2730 inutili
663 2683 774 2746 sapore
808 2683 976 2749 amaroque
1006 2667 1219 2746 corrumpitur.

78 2771 153 2848 ergo
175 2778 267 2836 antea
291 2771 396 2853 iniqui,
420 2789 490 2834 cum
515 2770 545 2833 in
570 2770 715 2835 secundis
737 2769 830 2834 rebus
854 2789 925 2835 esse
948 2769 1130 2852 prophetam
1147 2789 1219 2836 con-

78 2862 245 2952 lucrentur,
268 2873 403 2939 felicium
428 2894 530 2939 rerum
554 2872 653 2950 amici
676 2872 883 2957 simplicitatis
906 2875 1009 2953 specie
1025 2874 1218 2940 blandientes

78 2970 233 3062 illaquam
271 2979 317 3043 lac
351 2977 484 3043 suerunt.
531 2985 561 3042 at
595 2977 647 3041 ubi
682 2996 735 3042 eos
768 2978 807 3041 ab
843 2977 1015 3043 humilitate
1039 2979 1136 3044 sancti
1159 2979 1218 3043 uiri
1244 2996 1271 3034 ²⁶

120 3158 153 3216 16
171 3163 227 3216 lob.
247 3162 267 3227 l,
286 3162 328 3216 21.

123 3322 238 3380 librae
262 3326 287 3379 Γ
338 3327 366 3379 in
394 3342 423 3379 ae
449 3327 476 3378 iu
503 3343 569 3378 aare.
598 3335 701 3378 excutite
728 3326 788 3377 odd.
816 3343 850 3378 ot.
877 3324 897 3377 3
922 3326 947 3379 R
999 3318 1171 3394 diiquitatia
1195 3326 1220 3378 V

82 3392 193 3469 ⁴turdo
210 3431 273 3468 meo
291 3413 333 3467 Rt
386 3412 531 3466 scrutabor
558 3412 635 3465 Risu*
660 3411 804 3465 scrnmbar
828 3429 848 3482 p
874 3412 910 3481 cs.
939 3413 1053 3482 Georper
1078 3413 1115 3479 ΙΙ,
1140 3411 1217 3466 2281

90 3483 104 3534 ⁸
118 3501 274 3569 oppeterem
289 3500 314 3553 Γ
329 3499 508 3569 obprobrium
519 3499 545 3551 R
596 3501 614 3552 8
632 3499 775 3567 intelleget
794 3517 824 3551 ea
842 3498 987 3568 intellegat
1003 3499 1027 3550 Γ
1041 3499 1217 3569 intellegitR

94 3583 207 3647 lbpobrio
223 3587 403 3656 l'obprobrio
412 3586 463 3640 120
469 3585 603 3656 oppbnn
611 3606 630 3655 p
683 3586 699 3636 9
717 3583 865 3639 emendare
877 3588 900 3638 Γ
951 3589 985 3641 10
996 3592 1216 3641 οουΞ1111111111

99 3658 284 3729 Rcontuentur
302 3692 332 3727 er
350 3678 430 3727 cetur
448 3671 514 3725 1112
532 3673 556 3724 Γ
608 3675 636 3726 11
659 3671 706 3726 dm
722 3672 746 3724 V
761 3671 809 3725 dm
827 3691 857 3725 ex
874 3672 910 3726 dt
928 3690 961 3726 m.
979 3669 1000 3726 3
1017 3673 1043 3727 R
1098 3675 1129 3727 12
1147 3689 1215 3742 opus

100 3746 204 3827 (011111)
224 3764 247 3814 t·
300 3762 331 3815 1³
349 3760 452 3814 totiens
479 3759 661 3828 superborum
685 3759 709 3810 Γ
761 3760 794 3813 rt
812 3759 859 3812 aad
886 3777 935 3812 om.
965 3759 990 3810 V
1041 3760 1073 3812 17
1091 3760 1155 3813 tulit
1181 3759 1216 3812 Γι

98 3837 223 3901 lidehinc
238 3847 263 3899 Γ
313 3845 489 3915 coagulatum
502 3845 688 3916 eatsicntpE
739 3861 892 3899 cormeum
907 3846 932 3897 Γ
982 3848 1015 3898 19
1033 3846 1214 3914 superborum

95 3941 119 3978 11
139 3931 157 3984 11
181 3932 224 3988 lae
245 3931 282 4004 p(
284 3934 320 3999 A)
372 3933 405 3987 21
424 3932 496 3986 alico
525 3935 548 3979 (⁷
599 3937 712 3985 naturae
740 3931 893 4013 suaeuitate
916 3932 939 3984 Γ
988 3934 1023 3986 211
1041 3932 1171 3986 decidens
1189 3934 1215 3986 R

86 4085 115 4140 rt
128 4094 188 4141 titt
207 4090 244 4159 tp
298 4088 389 4157 iniqui
412 4035 498 4142 curin¹
511 4106 578 4141 corr.
606 4106 639 4140 m.
664 4087 732 4140 11
759 4032 827 4140 ¹⁰¹⁰i¹1¹1
847 4088 873 4140 rr
924 4090 959 4142 ai
977 4088 1155 4157 simplicitate
1181 4087 1214 4140 ιἰ

82 4173 161 4229 9511)
177 4176 314 4230 umilitate
334 4176 360 4228 lt
383 4174 432 4243 (cf.
451 4175 569 4244 Droeqer
588 4177 659 4242 Spnt
679 4175 701 4239 l,
720 4172 792 4239 621)
817 4190 852 4227 ex
875 4174 1032 4228 humilitate
1058 4174 1091 4228 l'e
1110 4191 1146 4228 ex
1163 4175 1214 4229 hao

78 4260 228 4317 bumilitate
248 4264 310 4333 (pt.
