2790 4844
149 239 209 303 164
496 242 613 294 sancti
638 241 770 295 Hilarii
795 241 954 310 episcopi

190 431 218 494 4.
245 429 332 495 Hauc
356 430 450 513 igitur
472 431 752 511 supereminentem
776 431 807 495 in
831 430 889 496 boe
912 429 1024 496 saeculo
1048 430 1292 516 efferentemque

147 554 181 599 se
204 534 395 599 altitudinem
419 534 571 616 propbeta
589 555 649 600 non
666 535 891 615 pertimescens
914 534 971 599 ait:
996 536 1041 600 ab
1064 534 1291 601 altitudine

149 640 301 703 dierum
326 659 398 702 non
424 640 589 718 timebo;
621 640 714 723 quia
737 639 860 716 multi,
884 641 951 724 qui
975 639 1187 705 debellant
1221 660 1291 717 me,

149 743 359 809 timebunt.
405 746 463 808 scit
496 744 601 809 aeterni
636 743 740 809 iudicii
774 744 867 821 diem,
900 744 984 809 nouit
1018 747 1110 809 etiam
1140 751 1292 810 aeternum

96 873 108 909 s
149 848 255 932 ignem
278 848 376 929 poenis
399 848 523 913 eternis
546 855 767 929 praeparatum:
791 855 883 932 atque
917 849 985 914 ideo
1019 849 1119 933 magis
1153 848 1206 927 illi,
1239 852 1293 933 qui

148 971 218 1016 eum
235 951 392 1017 debellare
412 959 575 1035 temptent,
598 952 757 1030 timebunt,
782 953 853 1037 quia
876 952 935 1018 hoc
958 967 1022 1017 non
1036 960 1142 1018 saneto
1162 953 1292 1018 timente

148 1056 178 1119 in
202 1075 254 1121 eos
278 1056 380 1141 magis
404 1057 508 1121 iudicii
533 1062 632 1122 terror
655 1056 819 1121 incumbet
865 1076 919 1137 pro
943 1055 1056 1121 fiducia
1078 1077 1152 1122 uero
1176 1059 1292 1123 securi-

148 1161 219 1224 tatis
244 1179 305 1224 suae
329 1160 472 1224 subiecit:
498 1180 569 1243 ego
593 1181 688 1226 uero
711 1161 750 1224 in
775 1169 812 1226 te
836 1160 1016 1244 sperabo.
1064 1161 1101 1224 in
1128 1161 1291 1225 domiuo

149 1264 323 1329 laudabo
347 1284 555 1330 sermones
581 1284 686 1329 meos
711 1271 795 1329 tota
826 1265 898 1330 die.
945 1285 1016 1346 spes
1039 1284 1147 1329 omnes
1177 1265 1210 1329 in
1234 1267 1293 1329 deo

97 1393 121 1427 ro
149 1369 287 1433 conlocat
310 1387 529 1452 sermonesque
559 1387 628 1433 suos
653 1374 714 1433 toto
738 1375 876 1450 tempore
899 1370 969 1434 uitae
993 1388 1055 1433 sure
1079 1367 1191 1433 laudat.
1239 1389 1293 1432 ne-

150 1492 209 1556 que
232 1472 396 1537 obscurum
421 1481 476 1551 est,
502 1473 575 1556 quid
599 1474 629 1536 in
654 1472 797 1556 loquente
821 1493 855 1538 se
879 1472 992 1539 laudet.

194 1578 222 1641 5.
251 1576 315 1641 on
340 1578 422 1640 enim
448 1575 514 1641 hero
538 1584 643 1642 sancto
668 1589 713 1642 est
737 1577 840 1661 digna,
864 1597 931 1660 quae
955 1577 1109 1661 sequitur:
1145 1578 1182 1641 in
1220 1579 1294 1642 deo

150 1682 330 1762 sperabo,
367 1701 441 1744 uon
477 1682 624 1746 timebo
660 1682 755 1765 quid
789 1682 915 1747 faciet
949 1681 1046 1746 mihi
1083 1701 1184 1746 caro.
1232 1701 1294 1746 non

150 1783 233 1849 huno
256 1785 372 1869 frangit
395 1785 496 1849 saeouli
528 1792 636 1864 terror,
671 1806 770 1869 neque
805 1786 1044 1867 conspirantium
1080 1787 1229 1851 aduersus
1261 1806 1296 1851 se

99 1909 123 1946 1⁵
151 1890 221 1953 odia
242 1889 430 1970 perturbant.
476 1909 547 1970 spes
571 1890 662 1966 enim,
687 1910 754 1974 quen
778 1890 809 1954 in
833 1892 889 1955 dec
912 1898 968 1966 est,
992 1898 1125 1956 terrores
1144 1889 1295 1954 humano

151 2014 218 2059 rum
242 2013 302 2058 non
326 1994 516 2074 pertimescit
537 1995 682 2059 odiorunr.
728 2015 852 2059 carnem
877 2000 978 2060 autern
995 2015 1050 2076 pro
1065 1993 1296 2079 significatione

149 2095 320 2173 hominurn,
338 2117 393 2178 per
408 2118 500 2181 quam
515 2098 544 2161 in
563 2119 688 2179 corpore
704 2098 907 2177 continentur,
920 2100 1096 2182 frequenter
1108 2100 1296 2180 accipimus;

151 2200 200 2266 uel
223 2221 292 2266 cum
318 2201 429 2266 dicitur
453 2204 492 2266 de
507 2202 627 2283 impiis:
652 2222 725 2266 uon
749 2201 958 2268 habitabit
981 2203 1155 2283 spiritus
1181 2222 1294 2268 meus

151 2308 189 2370 in
224 2305 457 2370 hominibus
493 2307 597 2383 istis,
633 2308 818 2390 quoniam
854 2328 945 2373 caro
980 2313 1079 2381 sunt,
1123 2306 1171 2371 uel
1203 2306 1295 2375 illud:

99 2429 124 2464 2⁰
153 2409 314 2495 uidebgit
351 2411 478 2475 omnis
516 2431 607 2475 caro
646 2411 828 2476 salutare
855 2412 928 2489 dei,
960 2411 1008 2476 uel
1043 2410 1117 2476 illud
1147 2413 1294 2493 apostoli:

151 2534 278 2579 nonne
302 2515 406 2579 est-is
430 2514 618 2580 carnales
641 2525 680 2581 et
703 2518 919 2581 secundum
939 2515 1140 2580 hominem
1165 2517 1294 2581 ambu-

152 2615 275 2684 latis?
321 2624 425 2684 manet
448 2619 550 2702 iteqne
574 2620 787 2701 inperterritus
817 2620 873 2685 sub
898 2620 1107 2684 misericordia
1131 2620 1182 2684 dei
1201 2627 1293 2704 etque

152 2723 220 2787 ideo
243 2723 274 2786 in
299 2743 334 2788 eo
358 2743 486 2804 sperans
510 2743 615 2787 omnes
639 2725 740 2789 carnis
764 2724 897 2803 impetus
921 2724 1201 2808 insectationesque
1216 2715 1219 2720 ’
1235 2745 1293 2789 uon

153 2827 266 2892 metuit
312 2829 367 2892 sed
391 2828 486 2911 digne
509 2827 600 2910 plane
623 2829 714 2892 etiam
742 2827 808 2893 haec
830 2828 990 2912 unigenito
1013 2828 1071 2892 deo
1093 2849 1152 2892 uox
1168 2836 1223 2906 est
1247 2829 1293 2894 cui

100 2949 125 2985 2⁶
153 2931 337 2995 exinanienti
362 2951 395 2996 se
420 2952 456 2996 eu
480 2931 528 2996 dei
553 2932 652 2996 forma
667 2933 810 2997 uirtutem
828 2932 878 2997 dci
905 2938 997 3015 atque
1014 2939 1155 2997 naturam
1172 2931 1295 2998 seruilis

154 3035 253 3099 forma
276 3056 334 3099 non
359 3034 492 3100 abstulit.
538 3036 636 3100 lactus
654 3035 734 3101 enim
753 3056 823 3100 caro
840 3037 915 3102 deus
931 3036 1022 3101 etiam
1036 3037 1067 3099 in
1079 3037 1295 3117 adsumptione

153 3139 254 3204 carnis
278 3140 353 3204 deus
377 3159 444 3204 esse
467 3139 644 3221 permansit,
676 3150 765 3204 utens
798 3140 919 3204 uirtutis
953 3160 1016 3205 suae
1050 3139 1107 3204 sub
1142 3141 1296 3205 consortio

154 3245 248 3309 nostri
273 3245 408 3324 corporis
432 3250 590 3324 potestate.
637 3264 695 3308 non
721 3245 803 3309 enim
828 3264 921 3310 carne
955 3251 1002 3309 est
1035 3245 1233 3328 degrauatus
1258 3265 1296 3310 ne

200 3421 230 3472 ra
250 3418 317 3471 cen.
335 3417 380 3479 vr.
401 3421 424 3471 e.
462 3421 496 3473 ao
514 3419 580 3472 nuo.
600 3419 646 3485 111,
666 3422 691 3474 e.
727 3422 758 3473 ar
779 3420 798 3472 1.
820 3419 880 3472 eor.
900 3423 924 3486 n,
943 3421 967 3472 e.

199 3591 379 3644 llltl'erente
398 3601 416 3660 q
435 3609 462 3644 se
477 3592 502 3644 P
552 3592 731 3661 2profetalt
784 3593 948 3660 badqueR
1001 3595 1130 3646 (insucto
1150 3608 1206 3645 non
1222 3594 1303 3648 PTE

147 3732 169 3788 ,7
196 3729 331 3783 incumbit
360 3731 436 3782 ΡῚἘ
508 3734 539 3784 13
574 3688 658 3784 1ορὧῖ
684 3732 709 3782 I'
736 3732 817 3785 homo
844 3732 914 3785 RTa
943 3733 989 3785 sed
1017 3733 1051 3801 os.
1082 3748 1147 3800 quae
1176 3745 1302 3787 secamur

156 3820 188 3870 18
215 3834 276 3870 cum
305 3817 407 3871 dicitur
426 3816 528 3884 (dicit'l
553 3819 586 3871 de
613 3818 705 3887 impiis
732 3820 827 3871 conieci
850 3836 912 3872 cum
936 3817 981 3871 hic
1007 3818 1042 3870 de
1069 3817 1162 3886 impiis
1183 3820 1209 3871 11
1234 3836 1301 3874 cum

154 3904 199 3957 hio
226 3904 260 3956 de
288 3903 379 3972 impiis
407 3904 476 3956 dicit
495 3905 532 3957 Pb
557 3921 619 3956 cum
643 3904 695 3957 hoc
722 3903 756 3958 de
783 3905 876 3973 impiis
904 3905 1006 3959 dicitur
1031 3905 1055 3957 Τ
1078 3921 1141 3957 cum
1170 3906 1206 3960 de
1230 3906 1304 3976 ipsis

155 4043 223 4095 dicit
250 4062 263 4095 e
338 3990 511 4096 habitabRP
587 4047 618 4097 19
645 4043 706 4097 istis
733 4062 781 4096 om.
810 4045 835 4097 R
860 4046 906 4097 sed
937 4044 970 4112 cs.
1000 4044 1042 4096 Pa.
1072 4042 1170 4097 LXIV
1194 4064 1255 4115 cup.
1286 4049 1304 4100 1

155 4132 188 4183 22
207 4130 381 4199 impterritus
395 4131 419 4181 T
471 4131 560 4198 adque
579 4132 603 4183 R
656 4133 689 4185 23
708 4132 834 4184 omnisit
887 4133 921 4183 24
939 4131 1036 4199 plenae
1055 4131 1080 4183 R
1131 4132 1168 4185 ad
1187 4133 1305 4190 exinani

156 4230 188 4260 Ξ
198 4231 231 4260 2*-
241 4221 304 4271 ente
316 4218 341 4270 11
395 4223 449 4284 atq.
460 4230 536 4262 ΞΞ
546 4217 731 4271 τ’τῖΞυαὶιιτὶ
751 4219 779 4270 Ρ.
