2790 4844
147 239 166 302 6
488 241 604 292 sancti
630 239 764 292 Hilarii
789 239 950 307 episcopi

192 429 220 493 5.
246 428 317 493 Non
342 436 389 493 est
412 448 486 493 uero
502 429 732 512 ambigendum,
756 449 800 505 ea,
825 448 894 511 quae
916 430 947 492 in
971 428 1097 509 psalmis
1112 428 1195 492 dicta
1211 444 1292 503 suut,

149 533 323 597 secundum
347 532 559 617 euangelicam
583 533 832 613 praedicationem
855 533 994 618 intellegi
1018 540 1167 613 oportere,
1198 545 1231 596 ut
1254 555 1293 598 ex

149 658 342 721 quacumque
366 637 438 702 licet
461 658 591 718 persona
621 638 791 719 prophetiae
814 637 939 717 spiritus
968 638 1008 702 sit
1029 636 1155 714 locutus,
1186 647 1293 702 tamen

148 749 244 805 totum
269 741 342 805 illud
366 742 405 805 ad
429 742 636 824 cognitionem
660 744 809 807 aduentus
833 743 948 807 domini
974 743 1069 807 nostri
1093 742 1164 807 lesu
1176 739 1293 806 Christi

106 872 119 911 s
147 854 179 910 et
203 845 424 926 corporationis
448 858 476 910 et
502 847 651 926 passionis
675 855 705 911 et
728 847 824 930 regni,
857 854 888 911 et
916 847 1149 911 resurrectionis
1177 853 1294 910 nostrae

146 949 275 1033 gloriam
299 950 505 1034 uirtutemque
529 951 686 1016 reseratur.
732 957 803 1014 sunt
822 956 925 1015 autem
942 971 1050 1015 omnes
1065 950 1237 1035 prophetiae
1253 952 1294 1014 ad

146 1053 334 1119 mundialem
351 1074 477 1118 sensum
494 1064 524 1120 et
538 1055 733 1136 prudentiam
749 1055 853 1120 saeculi
869 1055 981 1119 clausae
1003 1062 1096 1137 atque
1111 1055 1293 1140 obsignatae,

146 1158 319 1223 secundum
352 1157 427 1222 illud
461 1157 577 1223 Esaiae:
624 1165 662 1224 et
700 1165 818 1224 eruut
854 1159 969 1224 uobis
1002 1159 1127 1224 uerba
1161 1159 1294 1223 omnia

146 1261 228 1326 haec
263 1269 452 1346 tanquam
488 1263 652 1346 eloquia
686 1262 785 1329 libri
815 1263 932 1327 huius
968 1263 1133 1343 signati.
1187 1265 1293 1348 quod

97 1393 121 1429 to
149 1365 271 1449 siqui
306 1367 497 1431 dederint
520 1366 671 1430 homini
696 1366 848 1432 scienti
882 1367 1051 1431 litteras
1086 1367 1292 1432 dieentes:

150 1470 241 1554 lege
272 1470 360 1548 ista,
391 1478 429 1534 et
451 1470 575 1535 dicet:
607 1491 683 1536 non
713 1491 873 1554 possum
898 1470 1049 1554 legere,
1085 1472 1293 1554 signatum

148 1580 210 1639 est
233 1575 348 1638 euim.
394 1581 431 1639 et
461 1576 492 1638 si
523 1575 689 1640 dabitur
720 1574 828 1640 liber
861 1574 926 1639 hic
949 1575 987 1639 in
1012 1595 1148 1639 manus
1172 1574 1293 1638 horni-

147 1678 211 1742 nis
245 1678 475 1743 nescientis
510 1678 684 1756 litterae,
720 1685 757 1744 et
780 1679 942 1743 dicetur
977 1680 1027 1743 ei:
1066 1679 1156 1763 lege
1181 1679 1293 1756 huuc,

149 1790 187 1847 et
210 1782 495 1863 respondebit:
526 1783 667 1848 nescio
702 1783 878 1849 litteras.
924 1783 1077 1864 imperitia
1108 1783 1232 1867 legendi
1263 1791 1293 1848 et

109 1912 121 1949 a
148 1886 351 1969 intellegendi
380 1885 492 1951 librum
516 1885 688 1969 prophetiae
719 1888 775 1951 sub
805 1907 937 1968 persona
969 1887 1125 1971 utriusque
1155 1887 1293 1951 hominis

148 1997 318 2055 monstrata
341 1997 395 2065 est,
419 2009 488 2054 cum
511 1989 723 2075 intellegentia
746 1991 826 2055 docti
842 1992 881 2054 ad
897 1990 1073 2073 legendum,
1097 1990 1293 2074 signaculum

148 2094 245 2159 clausi
269 2094 407 2178 mysterii
430 2114 491 2158 uon
514 2095 662 2171 adeuntis,
685 2093 765 2158 illius
788 2095 903 2159 indocti
927 2095 1112 2178 ignorationi
1128 2115 1184 2175 per
1206 2114 1292 2159 eom-

147 2218 275 2263 munem
306 2198 426 2281 utrique
460 2197 662 2281 intellegendi
691 2198 825 2280 inopiam
856 2209 1059 2282 comparatur.
1105 2212 1176 2263 sunt
1209 2199 1294 2263 enim

149 2302 293 2367 uniuersa
330 2301 503 2385 allegoricis
537 2309 568 2366 et
602 2300 712 2384 typicis
747 2306 888 2365 contexta
921 2302 1099 2366 uirtutibus:
1136 2323 1190 2382 per
1225 2322 1295 2385 quae

97 2436 102 2449 ·
149 2406 252 2470 omnia
297 2405 446 2489 unigeniti
489 2406 538 2469 dei
581 2405 633 2468 lilii
671 2406 701 2469 iu
741 2425 869 2485 corpore
908 2417 939 2470 et
975 2403 1126 2489 gignendi
1168 2413 1200 2470 et
1242 2429 1297 2488 pa·

149 2511 246 2574 liendi
266 2518 296 2574 et
319 2509 467 2573 moriendi
492 2518 522 2573 et
544 2510 727 2594 resurgendi
759 2517 790 2575 ot
818 2510 849 2573 in
874 2517 1022 2574 arternum
1048 2531 1116 2575 curn
1142 2511 1297 2592 conglori-

149 2613 249 2678 ficatis
287 2614 361 2691 sibi,
400 2613 451 2697 qui
489 2613 519 2676 in
559 2634 629 2678 eum
668 2613 871 2687 credideriut,
911 2614 1061 2697 regnandi
1107 2621 1137 2678 et
1174 2621 1297 2679 ceteros

150 2718 305 2782 iudicandi
329 2724 520 2782 sacramenta
555 2720 739 2801 panduntur.
784 2724 814 2782 et
844 2719 914 2801 quia
945 2717 1055 2782 scribto
1085 2727 1115 2783 et
1148 2717 1297 2798 pharisaei

150 2822 201 2886 dei
216 2822 312 2886 filium
330 2831 435 2886 natum
451 2822 482 2884 in
499 2842 627 2905 corpore
642 2842 704 2886 non
720 2822 902 2905 recipientes
937 2821 1080 2885 munibus
1103 2820 1298 2902 propheticus

194 2964 210 3013 8
227 2960 301 3014 Esai.
320 2962 419 3026 XXIX,
439 2964 469 3013 ll
490 2978 530 3028 sq.

196 3093 285 3143 lnon
310 3095 352 3143 est
370 3107 436 3143 uero
455 3090 651 3158 ambigendum
676 3091 701 3142 ta
728 3106 783 3142 uon
811 3093 852 3143 est
880 3106 946 3158 ergo
974 3090 1170 3158 ambigendum
1199 3110 1212 3143 e
1240 3109 1297 3145 non

151 3184 193 3231 est
211 3183 302 3230 eutem
322 3177 482 3245 ambiguum
501 3198 515 3228 r
568 3180 585 3230 3
603 3176 754 3244 prophetes
772 3196 787 3228 r
840 3176 1032 3230 interlocutus
1050 3188 1073 3230 et
1091 3182 1183 3229 tamen
1197 3180 1298 3247 litt..sp

150 3284 222 3335 supr.
247 3283 297 3317 scr.
327 3265 353 3316 R
406 3267 422 3317 6
451 3263 572 3316 refertur
601 3283 615 3315 r
657 3267 722 3315 sunt
752 3263 825 3315 enirn
849 3283 864 3315 r
917 3264 1193 3316 'talem—clausae
1222 3282 1299 3317 mur

150 3354 167 3405 8
194 3351 287 3404 omnia
314 3351 400 3404 uerba
431 3349 499 3402 haec
523 3350 567 3401 rE
617 3353 634 3402 9
658 3348 731 3416 quod
759 3348 783 3402 si
811 3349 860 3417 qui
885 3349 1015 3402 dederint
1041 3352 1134 3418 scripsi
1160 3350 1206 3413 (cf.
1231 3370 1298 3420 puae

150 3440 205 3491 disi
223 3440 295 3491 Stud.
310 3436 391 3501 1886,
404 3435 475 3500 331)
503 3436 575 3504 quod
595 3436 618 3488 si
637 3436 759 3503 quiderit
771 3437 796 3488 ll
823 3446 850 3488 ut
868 3438 975 3502 uidetur,
996 3436 1069 3504 quod
1088 3436 1111 3489 si
1129 3436 1241 3504 quidem
1255 3440 1301 3491 rE

152 3527 186 3579 10
212 3524 336 3578 dicentes
361 3525 405 3576 lta
432 3523 508 3576 dicas
535 3543 549 3575 r
576 3523 685 3576 dicetur
721 3524 749 3575 E
813 3526 841 3576 ll
881 3527 909 3575 et
950 3523 1045 3603 dicerit
1072 3525 1096 3576 a
1143 3524 1216 3577 dicet
1255 3526 1301 3578 ΥΕ

152 3615 185 3666 12
220 3612 341 3669 hominis
377 3630 426 3666 oar.
456 3633 470 3665 r
541 3614 575 3665 14
610 3617 638 3665 et
679 3612 829 3680 respondet
865 3613 889 3664 a
942 3616 970 3663 et
1005 3611 1183 3678 respondebit
1219 3612 1245 3664 ei
1284 3635 1298 3665 r

151 3699 302 3768 respondet
320 3700 348 3751 E
412 3717 464 3768 pro
491 3698 630 3768 imperitia
648 3702 768 3752 locuaom
786 3700 859 3752 babet
880 3719 895 3750 r
952 3699 984 3751 15
1009 3697 1080 3750 liber
1097 3718 1112 3749 r
1167 3700 1199 3751 16
1217 3715 1299 3752 mon·

151 3785 284 3839 strauitr
337 3802 399 3839 cum
428 3786 642 3855 intelligentiam
669 3785 744 3838 docti
762 3785 796 3838 ad
821 3784 1034 3852 intelligendum
1054 3804 1068 3835 r
1122 3787 1154 3837 17
1179 3785 1298 3839 claustri

151 3872 270 3925 misterii
307 3874 331 3924 R
383 3888 438 3925 non
474 3873 605 3926 adeuntes
642 3873 704 3926 illos
739 3893 754 3925 r
816 3874 849 3926 te
884 3871 994 3938 utrique
1031 3872 1056 3922 Il
1082 3871 1227 3938 utriusque
1255 3873 1301 3926 rE

153 3963 381 4027 comparenturr
435 3960 468 4012 19
487 3963 618 4011 contexte
636 3959 690 4010 RE
715 3957 872 4025 conscripta
890 3979 904 4009 r
956 3961 991 4011 20
1009 3957 1101 4010 omniu
1127 3957 1177 4010 illa
1197 3958 1295 4028 unige-

152 4045 237 4098 nitir
271 4047 305 4098 21
325 4050 353 4098 et
370 4045 400 4097 in
418 4048 561 4098 aeternum
580 4043 808 4113 conglorificandi
826 4065 840 4096 r
883 4047 918 4097 22
936 4048 964 4097 et
982 4044 1149 4112 regnaudir
1186 4047 1222 4100 23
1236 4058 1296 4116 post

151 4133 313 4201 panduntur
330 4134 382 4185 des·
406 4134 456 4199 fol.
476 4132 492 4182 1
511 4133 551 4196 rt,
570 4150 634 4201 quoe
659 4141 779 4184 armantur
805 4149 883 4200 usqae
909 4133 946 4183 od
970 4132 1048 4184 uerbo
1076 4133 1126 4184 sub
1153 4138 1294 4200 gestorum

152 4218 269 4272 historie
287 4222 314 4271 in
333 4221 378 4271 doc
395 4221 449 4271 cod.
468 4221 566 4283 desunt,
585 4220 644 4287 quia
663 4219 760 4287 aliquot
770 4217 841 4280 solio
859 4219 1047 4271 interciderunt.
