<?xml version="1.0" encoding="UTF-8"?>
<!DOCTYPE html PUBLIC "-//W3C//DTD XHTML 1.0 Transitional//EN"
    "http://www.w3.org/TR/xhtml1/DTD/xhtml1-transitional.dtd">
<html xmlns="http://www.w3.org/1999/xhtml" xml:lang="en" lang="en">
 <head>
  <title>
</title>
<meta http-equiv="Content-Type" content="text/html;charset=utf-8" />
  <meta name='ocr-system' content='tesseract 3.04.00' />
  <meta name='ocr-capabilities' content='ocr_page ocr_carea ocr_par ocr_line ocrx_word'/>
</head>
<body>
  <div class='ocr_page' id='page_1' title='image "./shilariiepiscop00hilagoog_0427.png"; bbox 0 0 2790 4844; ppageno 0'>
   <div class='ocr_carea' id='block_1_1' title="bbox 155 210 953 279">
    <p class='ocr_par' dir='ltr' id='par_1_1' title="bbox 155 210 953 279">
     <span class='ocr_line' id='line_1_1' title="bbox 155 210 953 279; baseline -0.015 -4"><span class='ocrx_word' id='word_1_1' title='bbox 155 211 218 278; x_wconf 76' lang='grc'>396</span> <span class='ocrx_word' id='word_1_2' title='bbox 499 211 618 264; x_wconf 76' lang='lat' dir='ltr'>sancti</span> <span class='ocrx_word' id='word_1_3' title='bbox 636 210 771 265; x_wconf 82' lang='lat' dir='ltr'>Hilarii</span> <span class='ocrx_word' id='word_1_4' title='bbox 790 210 953 279; x_wconf 74' lang='lat' dir='ltr'><strong>episcopi</strong></span> 
     </span>
    </p>
   </div>
   <div class='ocr_carea' id='block_1_2' title="bbox 94 385 1306 3073">
    <p class='ocr_par' dir='ltr' id='par_1_2' title="bbox 94 385 1274 1926">
     <span class='ocr_line' id='line_1_2' title="bbox 155 385 1272 487; baseline -0.006 -19"><span class='ocrx_word' id='word_1_5' title='bbox 155 411 313 487; x_wconf 90' lang='lat' dir='ltr'>tamqnam</span> <span class='ocrx_word' id='word_1_6' title='bbox 337 402 497 483; x_wconf 88' lang='lat' dir='ltr'>peruiam</span> <span class='ocrx_word' id='word_1_7' title='bbox 520 403 558 466; x_wconf 90' lang='lat' dir='ltr'>ad</span> <span class='ocrx_word' id='word_1_8' title='bbox 584 407 743 485; x_wconf 88' lang='lat' dir='ltr'>peceatum</span> <span class='ocrx_word' id='word_1_9' title='bbox 768 401 846 478; x_wconf 72' lang='lat' dir='ltr'>ilua·</span> <span class='ocrx_word' id='word_1_10' title='bbox 865 401 1018 484; x_wconf 85' lang='lat' dir='ltr'>ingruere.</span> <span class='ocrx_word' id='word_1_11' title='bbox 1062 385 1121 466; x_wconf 87' lang='lat' dir='ltr'>nec</span> <span class='ocrx_word' id='word_1_12' title='bbox 1142 399 1233 465; x_wconf 81' lang='lat' dir='ltr'>solum</span> <span class='ocrx_word' id='word_1_13' title='bbox 1249 397 1272 462; x_wconf 94' lang='lat' dir='ltr'>id</span> 
     </span>
     <span class='ocr_line' id='line_1_3' title="bbox 94 504 1273 589; baseline -0.007 -16"><span class='ocrx_word' id='word_1_14' title='bbox 94 509 96 515; x_wconf 85' lang='lat'>&#39;</span> <span class='ocrx_word' id='word_1_15' title='bbox 154 512 221 572; x_wconf 88' lang='lat' dir='ltr'>orat</span> <span class='ocrx_word' id='word_1_16' title='bbox 245 507 346 583; x_wconf 84' lang='lat' dir='ltr'>deum,</span> <span class='ocrx_word' id='word_1_17' title='bbox 363 507 419 571; x_wconf 86' lang='lat' dir='ltr'>sed</span> <span class='ocrx_word' id='word_1_18' title='bbox 442 505 541 582; x_wconf 81' lang='lat' dir='ltr'>etiam,</span> <span class='ocrx_word' id='word_1_19' title='bbox 563 513 597 570; x_wconf 89' lang='lat' dir='ltr'>ut</span> <span class='ocrx_word' id='word_1_20' title='bbox 619 525 676 589; x_wconf 89' lang='lat' dir='ltr'>per</span> <span class='ocrx_word' id='word_1_21' title='bbox 699 504 799 589; x_wconf 83' lang='lat' dir='ltr'>legem</span> <span class='ocrx_word' id='word_1_22' title='bbox 823 525 910 569; x_wconf 88' lang='lat' dir='ltr'>auam</span> <span class='ocrx_word' id='word_1_23' title='bbox 935 506 1118 570; x_wconf 87' lang='lat' dir='ltr'>misereatur</span> <span class='ocrx_word' id='word_1_24' title='bbox 1133 505 1205 570; x_wconf 87' lang='lat' dir='ltr'>eins.</span> <span class='ocrx_word' id='word_1_25' title='bbox 1233 521 1273 586; x_wconf 83' lang='lat' dir='ltr'>per</span> 
     </span>
     <span class='ocr_line' id='line_1_4' title="bbox 154 609 1273 697; baseline -0.007 -21"><span class='ocrx_word' id='word_1_26' title='bbox 154 611 258 697; x_wconf 78' lang='lat' dir='ltr'>legem</span> <span class='ocrx_word' id='word_1_27' title='bbox 286 617 388 677; x_wconf 88' lang='lat' dir='ltr'>autem</span> <span class='ocrx_word' id='word_1_28' title='bbox 419 609 479 675; x_wconf 89' lang='lat' dir='ltr'>hoc</span> <span class='ocrx_word' id='word_1_29' title='bbox 510 611 601 675; x_wconf 92' lang='lat' dir='ltr'>modo</span> <span class='ocrx_word' id='word_1_30' title='bbox 635 610 879 675; x_wconf 90' lang='lat' dir='ltr'>misericordiam</span> <span class='ocrx_word' id='word_1_31' title='bbox 915 610 1120 692; x_wconf 80' lang='lat' dir='ltr'>consequitur,</span> <span class='ocrx_word' id='word_1_32' title='bbox 1150 610 1224 693; x_wconf 73' lang='lat' dir='ltr'>quia</span> <span class='ocrx_word' id='word_1_33' title='bbox 1250 611 1273 670; x_wconf 91' lang='lat' dir='ltr'>ul</span> 
     </span>
     <span class='ocr_line' id='line_1_5' title="bbox 105 707 1273 799; baseline -0.008 -18"><span class='ocrx_word' id='word_1_34' title='bbox 105 740 108 745; x_wconf 94' lang='lat'>·</span> <span class='ocrx_word' id='word_1_35' title='bbox 154 716 294 797; x_wconf 81' lang='lat' dir='ltr'>nuperius</span> <span class='ocrx_word' id='word_1_36' title='bbox 318 716 445 787; x_wconf 81' lang='lat' dir='ltr'>ostendi,</span> <span class='ocrx_word' id='word_1_37' title='bbox 468 715 512 778; x_wconf 89' lang='lat' dir='ltr'>ita</span> <span class='ocrx_word' id='word_1_38' title='bbox 533 715 564 778; x_wconf 95' lang='lat' dir='ltr'>in</span> <span class='ocrx_word' id='word_1_39' title='bbox 588 713 659 799; x_wconf 82' lang='lat' dir='ltr'>lege</span> <span class='ocrx_word' id='word_1_40' title='bbox 682 723 729 779; x_wconf 87' lang='lat' dir='ltr'>est</span> <span class='ocrx_word' id='word_1_41' title='bbox 751 713 915 794; x_wconf 85' lang='lat' dir='ltr'>scriptum:</span> <span class='ocrx_word' id='word_1_42' title='bbox 949 723 986 779; x_wconf 86' lang='lat' dir='ltr'>et</span> <span class='ocrx_word' id='word_1_43' title='bbox 1009 733 1111 778; x_wconf 90' lang='lat' dir='ltr'>nuno</span> <span class='ocrx_word' id='word_1_44' title='bbox 1135 707 1273 779; x_wconf 82' lang='lat' dir='ltr'>Israhel</span> 
     </span>
     <span class='ocr_line' id='line_1_6' title="bbox 114 818 1273 904; baseline -0.003 -23"><span class='ocrx_word' id='word_1_45' title='bbox 114 820 250 904; x_wconf 85' lang='lat' dir='ltr'>aquid</span> <span class='ocrx_word' id='word_1_46' title='bbox 273 820 457 884; x_wconf 87' lang='lat' dir='ltr'>dominus</span> <span class='ocrx_word' id='word_1_47' title='bbox 481 819 577 884; x_wconf 87' lang='lat' dir='ltr'>dena</span> <span class='ocrx_word' id='word_1_48' title='bbox 601 825 691 883; x_wconf 88' lang='lat' dir='ltr'>tuus</span> <span class='ocrx_word' id='word_1_49' title='bbox 715 819 848 898; x_wconf 85' lang='lat' dir='ltr'>poscit</span> <span class='ocrx_word' id='word_1_50' title='bbox 871 839 888 882; x_wconf 88' lang='lat' dir='ltr'>a</span> <span class='ocrx_word' id='word_1_51' title='bbox 913 827 959 891; x_wconf 87' lang='lat' dir='ltr'>te,</span> <span class='ocrx_word' id='word_1_52' title='bbox 983 818 1063 882; x_wconf 93' lang='lat' dir='ltr'>nisi</span> <span class='ocrx_word' id='word_1_53' title='bbox 1087 828 1128 882; x_wconf 92' lang='lat' dir='ltr'>ut</span> <span class='ocrx_word' id='word_1_54' title='bbox 1150 819 1273 883; x_wconf 86' lang='lat' dir='ltr'>timeas</span> 
     </span>
     <span class='ocr_line' id='line_1_7' title="bbox 154 919 1274 989; baseline -0.008 0"><span class='ocrx_word' id='word_1_55' title='bbox 154 924 357 989; x_wconf 91' lang='lat' dir='ltr'>dominum</span> <span class='ocrx_word' id='word_1_56' title='bbox 380 925 493 989; x_wconf 92' lang='lat' dir='ltr'>deum</span> <span class='ocrx_word' id='word_1_57' title='bbox 529 937 636 987; x_wconf 89' lang='lat' dir='ltr'>tuum</span> <span class='ocrx_word' id='word_1_58' title='bbox 660 930 698 988; x_wconf 87' lang='lat' dir='ltr'>et</span> <span class='ocrx_word' id='word_1_59' title='bbox 720 920 903 987; x_wconf 82' lang='lat' dir='ltr'>ambules</span> <span class='ocrx_word' id='word_1_60' title='bbox 934 923 971 987; x_wconf 94' lang='lat' dir='ltr'>in</span> <span class='ocrx_word' id='word_1_61' title='bbox 1003 922 1187 987; x_wconf 90' lang='lat' dir='ltr'>omnibus</span> <span class='ocrx_word' id='word_1_62' title='bbox 1214 919 1274 985; x_wconf 90' lang='lat' dir='ltr'>uiis</span> 
     </span>
     <span class='ocr_line' id='line_1_8' title="bbox 153 1026 1273 1112; baseline -0.007 -19"><span class='ocrx_word' id='word_1_63' title='bbox 153 1028 240 1094; x_wconf 86' lang='lat' dir='ltr'>eius</span> <span class='ocrx_word' id='word_1_64' title='bbox 263 1039 300 1093; x_wconf 89' lang='lat' dir='ltr'>ot</span> <span class='ocrx_word' id='word_1_65' title='bbox 323 1026 478 1112; x_wconf 79' lang='lat' dir='ltr'>diligas</span> <span class='ocrx_word' id='word_1_66' title='bbox 501 1047 585 1092; x_wconf 91' lang='lat' dir='ltr'>enm</span> <span class='ocrx_word' id='word_1_67' title='bbox 611 1035 648 1092; x_wconf 90' lang='lat' dir='ltr'>et</span> <span class='ocrx_word' id='word_1_68' title='bbox 677 1027 837 1091; x_wconf 84' lang='lat' dir='ltr'>seruias</span> <span class='ocrx_word' id='word_1_69' title='bbox 872 1026 1033 1090; x_wconf 93' lang='lat' dir='ltr'>domino</span> <span class='ocrx_word' id='word_1_70' title='bbox 1057 1027 1132 1092; x_wconf 91' lang='lat' dir='ltr'>deo</span> <span class='ocrx_word' id='word_1_71' title='bbox 1155 1032 1216 1091; x_wconf 93' lang='lat' dir='ltr'>tuo</span> <span class='ocrx_word' id='word_1_72' title='bbox 1241 1042 1273 1087; x_wconf 82' lang='lat' dir='ltr'>er</span> 
     </span>
     <span class='ocr_line' id='line_1_9' title="bbox 152 1130 1273 1198; baseline -0.008 -1"><span class='ocrx_word' id='word_1_73' title='bbox 152 1138 235 1197; x_wconf 89' lang='lat' dir='ltr'>toto</span> <span class='ocrx_word' id='word_1_74' title='bbox 265 1133 386 1198; x_wconf 91' lang='lat' dir='ltr'>corde</span> <span class='ocrx_word' id='word_1_75' title='bbox 420 1139 485 1196; x_wconf 93' lang='lat' dir='ltr'>tuo</span> <span class='ocrx_word' id='word_1_76' title='bbox 517 1139 555 1196; x_wconf 88' lang='lat' dir='ltr'>et</span> <span class='ocrx_word' id='word_1_77' title='bbox 586 1151 631 1195; x_wconf 87' lang='lat' dir='ltr'>ex</span> <span class='ocrx_word' id='word_1_78' title='bbox 661 1139 740 1196; x_wconf 92' lang='lat' dir='ltr'>tota</span> <span class='ocrx_word' id='word_1_79' title='bbox 772 1132 904 1196; x_wconf 91' lang='lat' dir='ltr'>anima</span> <span class='ocrx_word' id='word_1_80' title='bbox 928 1138 991 1195; x_wconf 86' lang='lat' dir='ltr'>tun</span> <span class='ocrx_word' id='word_1_81' title='bbox 1016 1136 1055 1195; x_wconf 89' lang='lat' dir='ltr'>et</span> <span class='ocrx_word' id='word_1_82' title='bbox 1085 1130 1273 1196; x_wconf 80' lang='lat' dir='ltr'>custodias</span> 
     </span>
     <span class='ocr_line' id='line_1_10' title="bbox 153 1234 1273 1318; baseline -0.001 -17"><span class='ocrx_word' id='word_1_83' title='bbox 153 1244 353 1318; x_wconf 76' lang='lat' dir='ltr'>praecepta</span> <span class='ocrx_word' id='word_1_84' title='bbox 388 1237 538 1301; x_wconf 92' lang='lat' dir='ltr'>domini</span> <span class='ocrx_word' id='word_1_85' title='bbox 574 1236 638 1301; x_wconf 93' lang='lat' dir='ltr'>dei</span> <span class='ocrx_word' id='word_1_86' title='bbox 673 1237 730 1300; x_wconf 93' lang='lat' dir='ltr'>tni</span> <span class='ocrx_word' id='word_1_87' title='bbox 765 1243 802 1300; x_wconf 91' lang='lat' dir='ltr'>et</span> <span class='ocrx_word' id='word_1_88' title='bbox 835 1234 1171 1300; x_wconf 85' lang='lat' dir='ltr'>iustificationes</span> <span class='ocrx_word' id='word_1_89' title='bbox 1200 1235 1273 1299; x_wconf 83' lang='lat' dir='ltr'>etus.</span> 
     </span>
     <span class='ocr_line' id='line_1_11' title="bbox 99 1338 1273 1425; baseline -0.009 -19"><span class='ocrx_word' id='word_1_90' title='bbox 99 1360 125 1399; x_wconf 81' lang='grc' dir='ltr'>ιο</span> <span class='ocrx_word' id='word_1_91' title='bbox 152 1361 236 1425; x_wconf 77' lang='lat' dir='ltr'>qnae</span> <span class='ocrx_word' id='word_1_92' title='bbox 260 1361 332 1425; x_wconf 88' lang='lat' dir='ltr'>ego</span> <span class='ocrx_word' id='word_1_93' title='bbox 356 1342 550 1423; x_wconf 81' lang='lat' dir='ltr'>praecipio</span> <span class='ocrx_word' id='word_1_94' title='bbox 573 1341 649 1405; x_wconf 90' lang='lat' dir='ltr'>tibi</span> <span class='ocrx_word' id='word_1_95' title='bbox 673 1339 803 1416; x_wconf 84' lang='lat' dir='ltr'>hodie,</span> <span class='ocrx_word' id='word_1_96' title='bbox 826 1347 867 1404; x_wconf 90' lang='lat' dir='ltr'>ut</span> <span class='ocrx_word' id='word_1_97' title='bbox 889 1339 989 1404; x_wconf 91' lang='lat' dir='ltr'>bene</span> <span class='ocrx_word' id='word_1_98' title='bbox 1013 1338 1069 1403; x_wconf 87' lang='lat' dir='ltr'>sit</span> <span class='ocrx_word' id='word_1_99' title='bbox 1091 1339 1183 1404; x_wconf 87' lang='lat' dir='ltr'>tibi!</span> <span class='ocrx_word' id='word_1_100' title='bbox 1218 1354 1273 1419; x_wconf 80' lang='lat' dir='ltr'>ergo</span> 
     </span>
     <span class='ocr_line' id='line_1_12' title="bbox 152 1438 1273 1520; baseline -0.009 -10"><span class='ocrx_word' id='word_1_101' title='bbox 152 1465 220 1510; x_wconf 91' lang='lat' dir='ltr'>cum</span> <span class='ocrx_word' id='word_1_102' title='bbox 244 1445 292 1510; x_wconf 84' lang='lat' dir='ltr'>lex</span> <span class='ocrx_word' id='word_1_103' title='bbox 316 1447 425 1510; x_wconf 90' lang='lat' dir='ltr'>doceat</span> <span class='ocrx_word' id='word_1_104' title='bbox 448 1447 478 1509; x_wconf 89' lang='lat' dir='ltr'>in</span> <span class='ocrx_word' id='word_1_105' title='bbox 501 1445 560 1510; x_wconf 84' lang='lat' dir='ltr'>niis</span> <span class='ocrx_word' id='word_1_106' title='bbox 583 1446 632 1509; x_wconf 94' lang='lat' dir='ltr'>dei</span> <span class='ocrx_word' id='word_1_107' title='bbox 662 1444 890 1520; x_wconf 86' lang='lat' dir='ltr'>ambulandum,</span> <span class='ocrx_word' id='word_1_108' title='bbox 921 1450 953 1508; x_wconf 91' lang='lat' dir='ltr'>nt</span> <span class='ocrx_word' id='word_1_109' title='bbox 982 1442 1155 1508; x_wconf 78' lang='lat' dir='ltr'>ambulanti</span> <span class='ocrx_word' id='word_1_110' title='bbox 1184 1443 1213 1508; x_wconf 94' lang='lat' dir='ltr'>in</span> <span class='ocrx_word' id='word_1_111' title='bbox 1238 1438 1273 1503; x_wconf 91' lang='lat' dir='ltr'>his</span> 
     </span>
     <span class='ocr_line' id='line_1_13' title="bbox 151 1532 1272 1632; baseline -0.008 -19"><span class='ocrx_word' id='word_1_112' title='bbox 151 1548 231 1614; x_wconf 92' lang='lat' dir='ltr'>bene</span> <span class='ocrx_word' id='word_1_113' title='bbox 254 1550 285 1613; x_wconf 92' lang='lat' dir='ltr'>in</span> <span class='ocrx_word' id='word_1_114' title='bbox 309 1556 465 1632; x_wconf 88' lang='lat' dir='ltr'>posterum</span> <span class='ocrx_word' id='word_1_115' title='bbox 489 1549 537 1625; x_wconf 90' lang='lat' dir='ltr'>ait,</span> <span class='ocrx_word' id='word_1_116' title='bbox 561 1556 592 1614; x_wconf 86' lang='lat' dir='ltr'>et</span> <span class='ocrx_word' id='word_1_117' title='bbox 614 1532 707 1614; x_wconf 29' lang='lat' dir='ltr'>nunc*</span> <span class='ocrx_word' id='word_1_118' title='bbox 725 1547 876 1632; x_wconf 85' lang='lat' dir='ltr'>propbeta</span> <span class='ocrx_word' id='word_1_119' title='bbox 906 1561 972 1614; x_wconf 83' lang='lat' dir='ltr'>oret</span> <span class='ocrx_word' id='word_1_120' title='bbox 1001 1548 1068 1613; x_wconf 83' lang='lat' dir='ltr'>uias</span> <span class='ocrx_word' id='word_1_121' title='bbox 1099 1547 1272 1616; x_wconf 80' lang='lat' dir='ltr'>iniustitiae</span> 
     </span>
     <span class='ocr_line' id='line_1_14' title="bbox 151 1645 1271 1737; baseline -0.006 -20"><span class='ocrx_word' id='word_1_122' title='bbox 151 1673 185 1719; x_wconf 84' lang='lat' dir='ltr'>ae</span> <span class='ocrx_word' id='word_1_123' title='bbox 209 1654 344 1718; x_wconf 85' lang='lat' dir='ltr'>amoueri</span> <span class='ocrx_word' id='word_1_124' title='bbox 366 1654 487 1737; x_wconf 85' lang='lat' dir='ltr'>sibique</span> <span class='ocrx_word' id='word_1_125' title='bbox 510 1661 544 1737; x_wconf 89' lang='lat' dir='ltr'>ut</span> <span class='ocrx_word' id='word_1_126' title='bbox 567 1654 642 1719; x_wconf 88' lang='lat' dir='ltr'>dens</span> <span class='ocrx_word' id='word_1_127' title='bbox 666 1655 848 1718; x_wconf 83' lang='lat' dir='ltr'>misereatur</span> <span class='ocrx_word' id='word_1_128' title='bbox 870 1673 908 1718; x_wconf 83' lang='lat' dir='ltr'>er</span> <span class='ocrx_word' id='word_1_129' title='bbox 931 1651 1009 1736; x_wconf 77' lang='lat' dir='ltr'>lege,</span> <span class='ocrx_word' id='word_1_130' title='bbox 1040 1653 1071 1716; x_wconf 94' lang='lat' dir='ltr'>id</span> <span class='ocrx_word' id='word_1_131' title='bbox 1103 1660 1178 1731; x_wconf 86' lang='lat' dir='ltr'>orat,</span> <span class='ocrx_word' id='word_1_132' title='bbox 1210 1645 1271 1734; x_wconf 87' lang='lat' dir='ltr'>qnod</span> 
     </span>
     <span class='ocr_line' id='line_1_15' title="bbox 152 1753 1273 1840; baseline -0.008 -20"><span class='ocrx_word' id='word_1_133' title='bbox 152 1757 223 1840; x_wconf 83' lang='lat' dir='ltr'>lego</span> <span class='ocrx_word' id='word_1_134' title='bbox 253 1757 431 1823; x_wconf 86' lang='lat' dir='ltr'>conclusum</span> <span class='ocrx_word' id='word_1_135' title='bbox 462 1766 516 1824; x_wconf 85' lang='lat' dir='ltr'>ost.</span> <span class='ocrx_word' id='word_1_136' title='bbox 546 1768 579 1822; x_wconf 92' lang='lat' dir='ltr'>ut</span> <span class='ocrx_word' id='word_1_137' title='bbox 608 1759 639 1821; x_wconf 92' lang='lat' dir='ltr'>in</span> <span class='ocrx_word' id='word_1_138' title='bbox 670 1758 728 1822; x_wconf 87' lang='lat' dir='ltr'>niis</span> <span class='ocrx_word' id='word_1_139' title='bbox 763 1757 812 1822; x_wconf 92' lang='lat' dir='ltr'>dei</span> <span class='ocrx_word' id='word_1_140' title='bbox 846 1755 1008 1821; x_wconf 86' lang='lat' dir='ltr'>ambulans</span> <span class='ocrx_word' id='word_1_141' title='bbox 1039 1758 1070 1821; x_wconf 93' lang='lat' dir='ltr'>in</span> <span class='ocrx_word' id='word_1_142' title='bbox 1105 1753 1273 1822; x_wconf 84' lang='lat' dir='ltr'>beatitudine</span> 
     </span>
     <span class='ocr_line' id='line_1_16' title="bbox 100 1859 325 1926; baseline 0.004 -3"><span class='ocrx_word' id='word_1_143' title='bbox 100 1879 125 1917; x_wconf 84' lang='lat' dir='ltr'>u</span> <span class='ocrx_word' id='word_1_144' title='bbox 152 1859 325 1926; x_wconf 89' lang='lat' dir='ltr'>collocetur.</span> 
     </span>
    </p>

    <p class='ocr_par' dir='ltr' id='par_1_3' title="bbox 151 1958 1305 2362">
     <span class='ocr_line' id='line_1_17' title="bbox 195 1958 1280 2049; baseline -0.009 -21"><span class='ocrx_word' id='word_1_145' title='bbox 195 1964 224 2028; x_wconf 87' lang='lat'>9.</span> <span class='ocrx_word' id='word_1_146' title='bbox 250 1964 369 2030; x_wconf 90' lang='lat' dir='ltr'>Dehinc</span> <span class='ocrx_word' id='word_1_147' title='bbox 393 1966 546 2049; x_wconf 88' lang='lat' dir='ltr'>sequitur:</span> <span class='ocrx_word' id='word_1_148' title='bbox 579 1966 685 2030; x_wconf 88' lang='lat' dir='ltr'>uiam</span> <span class='ocrx_word' id='word_1_149' title='bbox 708 1966 901 2030; x_wconf 84' lang='lat' dir='ltr'>ueritatis</span> <span class='ocrx_word' id='word_1_150' title='bbox 924 1965 1053 2029; x_wconf 86' lang='lat' dir='ltr'>dilexi</span> <span class='ocrx_word' id='word_1_151' title='bbox 1078 1971 1117 2030; x_wconf 87' lang='lat' dir='ltr'>et</span> <span class='ocrx_word' id='word_1_152' title='bbox 1139 1958 1280 2028; x_wconf 83' lang='lat' dir='ltr'>indicia</span> 
     </span>
     <span class='ocr_line' id='line_1_18' title="bbox 152 2067 1287 2153; baseline -0.006 -21"><span class='ocrx_word' id='word_1_153' title='bbox 152 2075 219 2132; x_wconf 86' lang='lat' dir='ltr'>tua</span> <span class='ocrx_word' id='word_1_154' title='bbox 242 2088 316 2132; x_wconf 93' lang='lat' dir='ltr'>non</span> <span class='ocrx_word' id='word_1_155' title='bbox 339 2088 421 2133; x_wconf 85' lang='lat' dir='ltr'>sum</span> <span class='ocrx_word' id='word_1_156' title='bbox 445 2069 608 2134; x_wconf 86' lang='lat' dir='ltr'>oblitus.</span> <span class='ocrx_word' id='word_1_157' title='bbox 654 2071 736 2134; x_wconf 91' lang='lat' dir='ltr'>niam</span> <span class='ocrx_word' id='word_1_158' title='bbox 760 2069 893 2153; x_wconf 75' lang='lat' dir='ltr'>diligunt</span> <span class='ocrx_word' id='word_1_159' title='bbox 915 2067 1011 2145; x_wconf 76' lang='lat' dir='ltr'>multi,</span> <span class='ocrx_word' id='word_1_160' title='bbox 1035 2070 1092 2134; x_wconf 85' lang='lat' dir='ltr'>sed</span> <span class='ocrx_word' id='word_1_161' title='bbox 1108 2088 1169 2133; x_wconf 95' lang='lat' dir='ltr'>non</span> <span class='ocrx_word' id='word_1_162' title='bbox 1184 2075 1287 2130; x_wconf 84' lang='lat' dir='ltr'>omnes</span> 
     </span>
     <span class='ocr_line' id='line_1_19' title="bbox 151 2171 1298 2258; baseline -0.003 -22"><span class='ocrx_word' id='word_1_163' title='bbox 151 2171 283 2258; x_wconf 82' lang='lat' dir='ltr'>diligunt</span> <span class='ocrx_word' id='word_1_164' title='bbox 304 2175 452 2238; x_wconf 85' lang='lat' dir='ltr'>ueritatis.</span> <span class='ocrx_word' id='word_1_165' title='bbox 499 2185 528 2238; x_wconf 84' lang='lat' dir='ltr'>et</span> <span class='ocrx_word' id='word_1_166' title='bbox 551 2176 738 2257; x_wconf 89' lang='lat' dir='ltr'>quicumque</span> <span class='ocrx_word' id='word_1_167' title='bbox 762 2181 813 2238; x_wconf 80' lang='lat' dir='ltr'>aut·</span> <span class='ocrx_word' id='word_1_168' title='bbox 835 2172 1025 2254; x_wconf 82' lang='lat' dir='ltr'>uoluptatum</span> <span class='ocrx_word' id='word_1_169' title='bbox 1048 2181 1101 2238; x_wconf 88' lang='lat' dir='ltr'>ant</span> <span class='ocrx_word' id='word_1_170' title='bbox 1115 2172 1298 2238; x_wconf 75' lang='lat' dir='ltr'>uiduarum</span> 
     </span>
     <span class='ocr_line' id='line_1_20' title="bbox 151 2268 1305 2362; baseline -0.007 -22"><span class='ocrx_word' id='word_1_171' title='bbox 151 2283 202 2341; x_wconf 89' lang='lat' dir='ltr'>aut</span> <span class='ocrx_word' id='word_1_172' title='bbox 225 2276 376 2342; x_wconf 89' lang='lat' dir='ltr'>honomm</span> <span class='ocrx_word' id='word_1_173' title='bbox 410 2280 494 2343; x_wconf 88' lang='lat' dir='ltr'>uiam</span> <span class='ocrx_word' id='word_1_174' title='bbox 524 2280 638 2345; x_wconf 88' lang='lat' dir='ltr'>ineunt.</span> <span class='ocrx_word' id='word_1_175' title='bbox 669 2280 724 2343; x_wconf 86' lang='lat' dir='ltr'>sed</span> <span class='ocrx_word' id='word_1_176' title='bbox 756 2284 786 2343; x_wconf 92' lang='lat' dir='ltr'>et</span> <span class='ocrx_word' id='word_1_177' title='bbox 815 2278 867 2362; x_wconf 89' lang='lat' dir='ltr'>qui</span> <span class='ocrx_word' id='word_1_178' title='bbox 899 2277 1114 2343; x_wconf 86' lang='lat' dir='ltr'>haerelicorum</span> <span class='ocrx_word' id='word_1_179' title='bbox 1145 2268 1305 2341; x_wconf 76' lang='lat' dir='ltr'>doctrinis</span> 
     </span>
    </p>

    <p class='ocr_par' dir='ltr' id='par_1_4' title="bbox 97 2364 1306 3073">
     <span class='ocr_line' id='line_1_21' title="bbox 98 2364 1306 2465; baseline -0.002 -20"><span class='ocrx_word' id='word_1_180' title='bbox 98 2400 123 2438; x_wconf 79' lang='lat' dir='ltr'>ao</span> <span class='ocrx_word' id='word_1_181' title='bbox 150 2382 222 2465; x_wconf 81' lang='lat' dir='ltr'>uagi</span> <span class='ocrx_word' id='word_1_182' title='bbox 246 2387 277 2445; x_wconf 88' lang='lat' dir='ltr'>et</span> <span class='ocrx_word' id='word_1_183' title='bbox 299 2383 406 2447; x_wconf 85' lang='lat' dir='ltr'>incerti</span> <span class='ocrx_word' id='word_1_184' title='bbox 437 2389 467 2447; x_wconf 89' lang='lat' dir='ltr'>et</span> <span class='ocrx_word' id='word_1_185' title='bbox 497 2383 582 2464; x_wconf 83' lang='lat' dir='ltr'>impii</span> <span class='ocrx_word' id='word_1_186' title='bbox 608 2382 798 2457; x_wconf 82' lang='lat' dir='ltr'>differuntur,</span> <span class='ocrx_word' id='word_1_187' title='bbox 828 2383 859 2446; x_wconf 94' lang='lat' dir='ltr'>in</span> <span class='ocrx_word' id='word_1_188' title='bbox 890 2382 941 2446; x_wconf 91' lang='lat' dir='ltr'>uia</span> <span class='ocrx_word' id='word_1_189' title='bbox 970 2382 1096 2465; x_wconf 83' lang='lat' dir='ltr'>quidem</span> <span class='ocrx_word' id='word_1_190' title='bbox 1127 2389 1202 2455; x_wconf 84' lang='lat' dir='ltr'>sunt,</span> <span class='ocrx_word' id='word_1_191' title='bbox 1225 2364 1306 2438; x_wconf 74' lang='lat' dir='ltr'>sad</span> 
     </span>
     <span class='ocr_line' id='line_1_22' title="bbox 150 2481 1306 2568; baseline -0.006 -19"><span class='ocrx_word' id='word_1_192' title='bbox 150 2504 210 2549; x_wconf 93' lang='lat' dir='ltr'>non</span> <span class='ocrx_word' id='word_1_193' title='bbox 233 2493 309 2550; x_wconf 85' lang='lat' dir='ltr'>aunt</span> <span class='ocrx_word' id='word_1_194' title='bbox 328 2487 359 2550; x_wconf 90' lang='lat' dir='ltr'>in</span> <span class='ocrx_word' id='word_1_195' title='bbox 381 2487 433 2550; x_wconf 87' lang='lat' dir='ltr'>uia</span> <span class='ocrx_word' id='word_1_196' title='bbox 455 2488 601 2552; x_wconf 80' lang='lat' dir='ltr'>ueritatis,</span> <span class='ocrx_word' id='word_1_197' title='bbox 647 2487 702 2551; x_wconf 86' lang='lat' dir='ltr'>sed</span> <span class='ocrx_word' id='word_1_198' title='bbox 725 2485 876 2568; x_wconf 83' lang='lat' dir='ltr'>propheta</span> <span class='ocrx_word' id='word_1_199' title='bbox 892 2507 928 2550; x_wconf 85' lang='lat' dir='ltr'>ox</span> <span class='ocrx_word' id='word_1_200' title='bbox 945 2486 1053 2567; x_wconf 88' lang='lat' dir='ltr'>spiritu</span> <span class='ocrx_word' id='word_1_201' title='bbox 1070 2486 1135 2551; x_wconf 84' lang='lat' dir='ltr'>eina</span> <span class='ocrx_word' id='word_1_202' title='bbox 1151 2481 1306 2567; x_wconf 54' lang='lat' dir='ltr'>loquitutt</span> 
     </span>
     <span class='ocr_line' id='line_1_23' title="bbox 150 2581 1304 2675; baseline -0.001 -22"><span class='ocrx_word' id='word_1_203' title='bbox 150 2590 202 2672; x_wconf 92' lang='lat' dir='ltr'>qui</span> <span class='ocrx_word' id='word_1_204' title='bbox 237 2590 398 2670; x_wconf 81' lang='lat' dir='ltr'>adsumpto</span> <span class='ocrx_word' id='word_1_205' title='bbox 432 2610 561 2671; x_wconf 83' lang='lat' dir='ltr'>corpore</span> <span class='ocrx_word' id='word_1_206' title='bbox 595 2592 732 2656; x_wconf 87' lang='lat' dir='ltr'>dicturus</span> <span class='ocrx_word' id='word_1_207' title='bbox 757 2597 860 2671; x_wconf 78' lang='lat' dir='ltr'>postea</span> <span class='ocrx_word' id='word_1_208' title='bbox 885 2600 966 2655; x_wconf 85' lang='lat' dir='ltr'>erat:</span> <span class='ocrx_word' id='word_1_209' title='bbox 999 2610 1073 2675; x_wconf 85' lang='lat' dir='ltr'>ego</span> <span class='ocrx_word' id='word_1_210' title='bbox 1107 2608 1186 2655; x_wconf 87' lang='lat' dir='ltr'>sum</span> <span class='ocrx_word' id='word_1_211' title='bbox 1212 2581 1304 2647; x_wconf 59' lang='lat' dir='ltr'>uia</span> 
     </span>
     <span class='ocr_line' id='line_1_24' title="bbox 149 2683 1303 2785; baseline -0.003 -28"><span class='ocrx_word' id='word_1_212' title='bbox 149 2694 314 2765; x_wconf 79' lang='lat' dir='ltr'>ueritas,</span> <span class='ocrx_word' id='word_1_213' title='bbox 338 2695 430 2759; x_wconf 85' lang='lat' dir='ltr'>uita.</span> <span class='ocrx_word' id='word_1_214' title='bbox 477 2702 506 2759; x_wconf 92' lang='lat' dir='ltr'>et</span> <span class='ocrx_word' id='word_1_215' title='bbox 530 2694 683 2779; x_wconf 89' lang='lat' dir='ltr'>quiahoc</span> <span class='ocrx_word' id='word_1_216' title='bbox 707 2697 851 2761; x_wconf 90' lang='lat' dir='ltr'>iudicium</span> <span class='ocrx_word' id='word_1_217' title='bbox 876 2702 932 2767; x_wconf 83' lang='lat' dir='ltr'>est,</span> <span class='ocrx_word' id='word_1_218' title='bbox 961 2695 1129 2760; x_wconf 88' lang='lat' dir='ltr'>secundum</span> <span class='ocrx_word' id='word_1_219' title='bbox 1154 2688 1224 2776; x_wconf 88' lang='lat' dir='ltr'>qnod</span> <span class='ocrx_word' id='word_1_220' title='bbox 1241 2683 1303 2785; x_wconf 64' lang='lat' dir='ltr'>itt</span> 
     </span>
     <span class='ocr_line' id='line_1_25' title="bbox 149 2793 1300 2882; baseline 0 -22"><span class='ocrx_word' id='word_1_221' title='bbox 149 2797 320 2882; x_wconf 82' lang='lat' dir='ltr'>euangeliis</span> <span class='ocrx_word' id='word_1_222' title='bbox 351 2799 539 2864; x_wconf 78' lang='lat' dir='ltr'>continetur:</span> <span class='ocrx_word' id='word_1_223' title='bbox 577 2799 651 2865; x_wconf 88' lang='lat' dir='ltr'>hoc</span> <span class='ocrx_word' id='word_1_224' title='bbox 683 2801 785 2865; x_wconf 88' lang='lat' dir='ltr'>enim</span> <span class='ocrx_word' id='word_1_225' title='bbox 816 2800 1013 2864; x_wconf 91' lang='lat' dir='ltr'>iudicium</span> <span class='ocrx_word' id='word_1_226' title='bbox 1044 2807 1113 2864; x_wconf 84' lang='lat' dir='ltr'>est.</span> <span class='ocrx_word' id='word_1_227' title='bbox 1143 2793 1300 2876; x_wconf 73' lang='lat' dir='ltr'>nt,ql1¹</span> 
     </span>
     <span class='ocr_line' id='line_1_26' title="bbox 97 2896 1300 2982; baseline -0.004 -17"><span class='ocrx_word' id='word_1_228' title='bbox 97 2916 123 2956; x_wconf 62' lang='grc' dir='ltr'>ιι</span> <span class='ocrx_word' id='word_1_229' title='bbox 149 2902 282 2965; x_wconf 88' lang='lat' dir='ltr'>credit</span> <span class='ocrx_word' id='word_1_230' title='bbox 304 2903 341 2965; x_wconf 93' lang='lat' dir='ltr'>in</span> <span class='ocrx_word' id='word_1_231' title='bbox 367 2922 430 2977; x_wconf 84' lang='lat' dir='ltr'>me,</span> <span class='ocrx_word' id='word_1_232' title='bbox 460 2902 608 2968; x_wconf 89' lang='lat' dir='ltr'>babeat</span> <span class='ocrx_word' id='word_1_233' title='bbox 639 2905 764 2968; x_wconf 89' lang='lat' dir='ltr'>uitam</span> <span class='ocrx_word' id='word_1_234' title='bbox 788 2910 985 2977; x_wconf 73' lang='lat' dir='ltr'>aeternam,</span> <span class='ocrx_word' id='word_1_235' title='bbox 1009 2904 1118 2968; x_wconf 87' lang='lat' dir='ltr'>merito</span> <span class='ocrx_word' id='word_1_236' title='bbox 1141 2896 1300 2982; x_wconf 54' lang='lat' dir='ltr'>prophet*</span> 
     </span>
     <span class='ocr_line' id='line_1_27' title="bbox 149 3001 1295 3073; baseline -0.003 -5"><span class='ocrx_word' id='word_1_237' title='bbox 149 3005 206 3069; x_wconf 90' lang='lat' dir='ltr'>ait:</span> <span class='ocrx_word' id='word_1_238' title='bbox 237 3007 338 3070; x_wconf 88' lang='lat' dir='ltr'>uiam</span> <span class='ocrx_word' id='word_1_239' title='bbox 371 3008 564 3072; x_wconf 86' lang='lat' dir='ltr'>ueritatis</span> <span class='ocrx_word' id='word_1_240' title='bbox 595 3007 721 3073; x_wconf 82' lang='lat' dir='ltr'>dilexi</span> <span class='ocrx_word' id='word_1_241' title='bbox 753 3015 791 3072; x_wconf 88' lang='lat' dir='ltr'>et</span> <span class='ocrx_word' id='word_1_242' title='bbox 823 3008 977 3072; x_wconf 88' lang='lat' dir='ltr'>iudicia</span> <span class='ocrx_word' id='word_1_243' title='bbox 1008 3016 1073 3073; x_wconf 86' lang='lat' dir='ltr'>tuo</span> <span class='ocrx_word' id='word_1_244' title='bbox 1109 3001 1295 3070; x_wconf 70' lang='lat' dir='ltr'>nonsuss]</span> 
     </span>
    </p>
   </div>
   <div class='ocr_carea' id='block_1_3' title="bbox 191 3144 1119 3215">
    <p class='ocr_par' dir='ltr' id='par_1_5' title="bbox 191 3144 1119 3215">
     <span class='ocr_line' id='line_1_28' title="bbox 191 3144 1119 3215; baseline 0.004 -20"><span class='ocrx_word' id='word_1_245' title='bbox 191 3144 307 3199; x_wconf 69' lang='lat' dir='ltr'>luent.</span> <span class='ocrx_word' id='word_1_246' title='bbox 327 3146 358 3208; x_wconf 78' lang='lat' dir='ltr'>x.</span> <span class='ocrx_word' id='word_1_247' title='bbox 378 3148 412 3199; x_wconf 88' lang='grc' dir='ltr'>ι2</span> <span class='ocrx_word' id='word_1_248' title='bbox 430 3163 470 3214; x_wconf 71' lang='lat' dir='ltr'>sq.</span> <span class='ocrx_word' id='word_1_249' title='bbox 506 3149 540 3200; x_wconf 88' lang='grc'>22</span> <span class='ocrx_word' id='word_1_250' title='bbox 559 3147 615 3200; x_wconf 81' lang='lat' dir='ltr'>ron.</span> <span class='ocrx_word' id='word_1_251' title='bbox 635 3146 706 3213; x_wconf 82' lang='lat' dir='ltr'>xm,</span> <span class='ocrx_word' id='word_1_252' title='bbox 725 3152 749 3200; x_wconf 88' lang='lat' dir='ltr'>a.</span> <span class='ocrx_word' id='word_1_253' title='bbox 784 3150 819 3201; x_wconf 79' lang='grc'>22</span> <span class='ocrx_word' id='word_1_254' title='bbox 838 3146 893 3200; x_wconf 76' lang='lat' dir='ltr'>ran.</span> <span class='ocrx_word' id='word_1_255' title='bbox 913 3147 960 3215; x_wconf 89' lang='lat' dir='ltr'>m,</span> <span class='ocrx_word' id='word_1_256' title='bbox 981 3149 1013 3200; x_wconf 79' lang='lat'>15</span> <span class='ocrx_word' id='word_1_257' title='bbox 1031 3154 1058 3202; x_wconf 79' lang='lat' dir='ltr'>et</span> <span class='ocrx_word' id='word_1_258' title='bbox 1080 3150 1119 3200; x_wconf 83' lang='lat' dir='ltr'>ro.</span> 
     </span>
    </p>
   </div>
   <div class='ocr_carea' id='block_1_4' title="bbox 193 3245 1289 3324">
    <p class='ocr_par' dir='ltr' id='par_1_6' title="bbox 193 3245 1289 3324">
     <span class='ocr_line' id='line_1_29' title="bbox 193 3245 1289 3324; baseline 0.001 -18"><span class='ocrx_word' id='word_1_259' title='bbox 193 3254 262 3306; x_wconf 87' lang='lat' dir='ltr'>lad</span> <span class='ocrx_word' id='word_1_260' title='bbox 279 3256 339 3306; x_wconf 68' lang='lat' dir='ltr'>ulid.</span> <span class='ocrx_word' id='word_1_261' title='bbox 359 3255 430 3307; x_wconf 66' lang='grc'>221)</span> <span class='ocrx_word' id='word_1_262' title='bbox 456 3255 479 3306; x_wconf 98' lang='grc' dir='ltr'>Γ</span> <span class='ocrx_word' id='word_1_263' title='bbox 528 3256 797 3324; x_wconf 73' lang='lat' dir='ltr'>dconsequetu1·l&#39;</span> <span class='ocrx_word' id='word_1_264' title='bbox 846 3255 1003 3309; x_wconf 76' lang='lat' dir='ltr'>doatendit</span> <span class='ocrx_word' id='word_1_265' title='bbox 1023 3257 1048 3309; x_wconf 73' lang='lat' dir='ltr'>lt</span> <span class='ocrx_word' id='word_1_266' title='bbox 1100 3255 1135 3309; x_wconf 84' lang='lat' dir='ltr'>eit</span> <span class='ocrx_word' id='word_1_267' title='bbox 1153 3245 1289 3318; x_wconf 59' lang='lat' dir='ltr'>scriptun*</span> 
     </span>
    </p>
   </div>
   <div class='ocr_carea' id='block_1_5' title="bbox 148 3314 1288 3414">
    <p class='ocr_par' dir='ltr' id='par_1_7' title="bbox 148 3314 1288 3414">
     <span class='ocr_line' id='line_1_30' title="bbox 148 3314 1288 3414; baseline -0.002 -22"><span class='ocrx_word' id='word_1_268' title='bbox 148 3337 296 3403; x_wconf 74' lang='lat' dir='ltr'>(scribtum</span> <span class='ocrx_word' id='word_1_269' title='bbox 321 3340 355 3405; x_wconf 88' lang='lat' dir='ltr'>V)</span> <span class='ocrx_word' id='word_1_270' title='bbox 383 3341 458 3412; x_wconf 65' lang='lat' dir='ltr'>l&#39;lj&#39;pb</span> <span class='ocrx_word' id='word_1_271' title='bbox 512 3346 540 3395; x_wconf 87' lang='lat' dir='ltr'>et</span> <span class='ocrx_word' id='word_1_272' title='bbox 558 3360 631 3395; x_wconf 88' lang='lat' dir='ltr'>nunc</span> <span class='ocrx_word' id='word_1_273' title='bbox 651 3348 693 3396; x_wconf 77' lang='lat' dir='ltr'>ada</span> <span class='ocrx_word' id='word_1_274' title='bbox 712 3343 734 3394; x_wconf 86' lang='lat' dir='ltr'>l&#39;</span> <span class='ocrx_word' id='word_1_275' title='bbox 783 3344 882 3397; x_wconf 76' lang='lat' dir='ltr'>btuua</span> <span class='ocrx_word' id='word_1_276' title='bbox 900 3360 985 3414; x_wconf 78' lang='lat' dir='ltr'>onap</span> <span class='ocrx_word' id='word_1_277' title='bbox 1038 3341 1234 3396; x_wconf 72' lang='lat' dir='ltr'>idonrinoom.</span> <span class='ocrx_word' id='word_1_278' title='bbox 1256 3314 1288 3375; x_wconf 58' lang='grc' dir='ltr'><em>Β</em></span> 
     </span>
    </p>
   </div>
   <div class='ocr_carea' id='block_1_6' title="bbox 147 3429 1281 3551">
    <p class='ocr_par' dir='ltr' id='par_1_8' title="bbox 147 3429 1281 3572">
     <span class='ocr_line' id='line_1_31' title="bbox 147 3429 1281 3551; baseline 0.003 -21"><span class='ocrx_word' id='word_1_279' title='bbox 147 3477 198 3531; x_wconf 85' lang='lat' dir='ltr'>deo</span> <span class='ocrx_word' id='word_1_280' title='bbox 226 3496 273 3531; x_wconf 71' lang='lat' dir='ltr'>one.</span> <span class='ocrx_word' id='word_1_281' title='bbox 308 3480 329 3530; x_wconf 87' lang='grc' dir='ltr'>Γ</span> <span class='ocrx_word' id='word_1_282' title='bbox 382 3495 416 3532; x_wconf 82' lang='lat' dir='ltr'>ex</span> <span class='ocrx_word' id='word_1_283' title='bbox 443 3484 502 3533; x_wconf 91' lang='lat' dir='ltr'>toto</span> <span class='ocrx_word' id='word_1_284' title='bbox 529 3499 559 3534; x_wconf 81' lang='lat' dir='ltr'>ec</span> <span class='ocrx_word' id='word_1_285' title='bbox 585 3486 644 3535; x_wconf 90' lang='lat' dir='ltr'>toto</span> <span class='ocrx_word' id='word_1_286' title='bbox 672 3482 744 3534; x_wconf 69' lang='grc'>222</span> <span class='ocrx_word' id='word_1_287' title='bbox 770 3483 792 3534; x_wconf 88' lang='grc' dir='ltr'>Γ</span> <span class='ocrx_word' id='word_1_288' title='bbox 841 3429 920 3535; x_wconf 54' lang='lat' dir='ltr'>ilriurlr</span> <span class='ocrx_word' id='word_1_289' title='bbox 948 3487 976 3536; x_wconf 87' lang='lat' dir='ltr'>et-</span> <span class='ocrx_word' id='word_1_290' title='bbox 992 3502 1011 3551; x_wconf 71' lang='grc' dir='ltr'><strong><em>μ</em></strong></span> <span class='ocrx_word' id='word_1_291' title='bbox 1030 3481 1071 3534; x_wconf 88' lang='lat' dir='ltr'>tui</span> <span class='ocrx_word' id='word_1_292' title='bbox 1097 3481 1118 3533; x_wconf 86' lang='grc' dir='ltr'>Γ</span> <span class='ocrx_word' id='word_1_293' title='bbox 1170 3470 1281 3542; x_wconf 61' lang='grc' dir='ltr'>102ῠἸ</span> 
     </span>
    </p>
   </div>
   <div class='ocr_carea' id='block_1_7' title="bbox 148 3569 1275 3724">
    <p class='ocr_par' dir='ltr' id='par_1_9' title="bbox 148 3569 1275 3724">
     <span class='ocr_line' id='line_1_32' title="bbox 148 3569 1275 3724; baseline -0.012 -26"><span class='ocrx_word' id='word_1_294' title='bbox 148 3648 198 3724; x_wconf 59' lang='grc' dir='ltr'>βὲθ</span> <span class='ocrx_word' id='word_1_295' title='bbox 218 3635 261 3703; x_wconf 70' lang='grc' dir='ltr'>Ην</span> <span class='ocrx_word' id='word_1_296' title='bbox 315 3652 381 3704; x_wconf 81' lang='lat' dir='ltr'>ergo</span> <span class='ocrx_word' id='word_1_297' title='bbox 408 3639 468 3689; x_wconf 85' lang='lat' dir='ltr'>odd.</span> <span class='ocrx_word' id='word_1_298' title='bbox 496 3637 567 3690; x_wconf 74' lang='grc'>222</span> <span class='ocrx_word' id='word_1_299' title='bbox 592 3638 616 3689; x_wconf 91' lang='grc' dir='ltr'>Γ</span> <span class='ocrx_word' id='word_1_300' title='bbox 667 3641 696 3693; x_wconf 88' lang='lat' dir='ltr'>ll</span> <span class='ocrx_word' id='word_1_301' title='bbox 718 3637 870 3724; x_wconf 71' lang='lat' dir='ltr'>ambulanti</span> <span class='ocrx_word' id='word_1_302' title='bbox 899 3637 921 3703; x_wconf 87' lang='lat' dir='ltr'>(t</span> <span class='ocrx_word' id='word_1_303' title='bbox 939 3640 965 3691; x_wconf 82' lang='lat' dir='ltr'>in</span> <span class='ocrx_word' id='word_1_304' title='bbox 984 3635 1049 3705; x_wconf 82' lang='lat' dir='ltr'>raa.)</span> <span class='ocrx_word' id='word_1_305' title='bbox 1078 3639 1103 3690; x_wconf 77' lang='lat' dir='ltr'>lr</span> <span class='ocrx_word' id='word_1_306' title='bbox 1129 3569 1275 3700; x_wconf 48' lang='lat' dir='ltr'>antelmii</span> 
     </span>
    </p>
   </div>
   <div class='ocr_carea' id='block_1_8' title="bbox 146 3720 1271 3897">
    <p class='ocr_par' dir='ltr' id='par_1_10' title="bbox 146 3720 1271 3897">
     <span class='ocr_line' id='line_1_33' title="bbox 146 3720 1271 3812; baseline 0.008 -23"><span class='ocrx_word' id='word_1_307' title='bbox 146 3735 285 3791; x_wconf 66' lang='grc'>2222222</span> <span class='ocrx_word' id='word_1_308' title='bbox 312 3740 335 3791; x_wconf 89' lang='grc' dir='ltr'>Γ</span> <span class='ocrx_word' id='word_1_309' title='bbox 387 3742 419 3792; x_wconf 72' lang='lat'>12²</span> <span class='ocrx_word' id='word_1_310' title='bbox 437 3744 464 3793; x_wconf 85' lang='lat' dir='ltr'>et</span> <span class='ocrx_word' id='word_1_311' title='bbox 484 3758 556 3795; x_wconf 88' lang='lat' dir='ltr'>nunc</span> <span class='ocrx_word' id='word_1_312' title='bbox 584 3742 655 3796; x_wconf 86' lang='lat' dir='ltr'>forte</span> <span class='ocrx_word' id='word_1_313' title='bbox 681 3742 816 3812; x_wconf 82' lang='lat' dir='ltr'>propheta</span> <span class='ocrx_word' id='word_1_314' title='bbox 843 3741 966 3811; x_wconf 82' lang='lat' dir='ltr'>(profeta</span> <span class='ocrx_word' id='word_1_315' title='bbox 991 3742 1025 3808; x_wconf 67' lang='lat' dir='ltr'>l)</span> <span class='ocrx_word' id='word_1_316' title='bbox 1053 3743 1110 3797; x_wconf 81' lang='lat' dir='ltr'>l&#39;Ce</span> <span class='ocrx_word' id='word_1_317' title='bbox 1163 3743 1194 3796; x_wconf 78' lang='lat' dir='ltr'>ld</span> <span class='ocrx_word' id='word_1_318' title='bbox 1209 3720 1271 3807; x_wconf 68' lang='grc' dir='ltr'>(111θά</span> 
     </span>
     <span class='ocr_line' id='line_1_34' title="bbox 146 3818 1270 3897; baseline 0.006 -19"><span class='ocrx_word' id='word_1_319' title='bbox 146 3825 261 3893; x_wconf 80' lang='lat' dir='ltr'>delego</span> <span class='ocrx_word' id='word_1_320' title='bbox 287 3827 309 3877; x_wconf 89' lang='lat' dir='ltr'>l&#39;</span> <span class='ocrx_word' id='word_1_321' title='bbox 361 3829 393 3879; x_wconf 77' lang='lat' dir='ltr'>lt</span> <span class='ocrx_word' id='word_1_322' title='bbox 411 3827 446 3880; x_wconf 89' lang='lat' dir='ltr'>ad</span> <span class='ocrx_word' id='word_1_323' title='bbox 464 3828 665 3883; x_wconf 85' lang='lat' dir='ltr'>beatitudinem</span> <span class='ocrx_word' id='word_1_324' title='bbox 692 3831 713 3880; x_wconf 90' lang='grc' dir='ltr'>Γ</span> <span class='ocrx_word' id='word_1_325' title='bbox 766 3834 797 3885; x_wconf 86' lang='grc'>16</span> <span class='ocrx_word' id='word_1_326' title='bbox 816 3836 844 3884; x_wconf 80' lang='lat' dir='ltr'>et</span> <span class='ocrx_word' id='word_1_327' title='bbox 862 3849 901 3882; x_wconf 86' lang='lat' dir='ltr'>om</span> <span class='ocrx_word' id='word_1_328' title='bbox 924 3831 962 3884; x_wconf 82' lang='lat' dir='ltr'>Rc</span> <span class='ocrx_word' id='word_1_329' title='bbox 1017 3831 1049 3884; x_wconf 82' lang='lat'>17</span> <span class='ocrx_word' id='word_1_330' title='bbox 1068 3830 1151 3884; x_wconf 83' lang='lat' dir='ltr'>multi</span> <span class='ocrx_word' id='word_1_331' title='bbox 1168 3818 1270 3897; x_wconf 66' lang='lat' dir='ltr'>diligunt</span> 
     </span>
    </p>
   </div>
   <div class='ocr_carea' id='block_1_9' title="bbox 146 3914 1272 4091">
    <p class='ocr_par' dir='ltr' id='par_1_11' title="bbox 146 3914 1272 4091">
     <span class='ocr_line' id='line_1_35' title="bbox 152 3914 1269 4005; baseline 0.006 -26"><span class='ocrx_word' id='word_1_332' title='bbox 152 3928 243 4005; x_wconf 57' lang='lat' dir='ltr'>Vflpla&#39;</span> <span class='ocrx_word' id='word_1_333' title='bbox 278 3929 695 3999; x_wconf 82' lang='lat' dir='ltr'>18diliguntuiamueritatisE</span> <span class='ocrx_word' id='word_1_334' title='bbox 736 3914 883 4002; x_wconf 53' lang='lat' dir='ltr'>uoluptati</span> <span class='ocrx_word' id='word_1_335' title='bbox 887 3954 907 4004; x_wconf 76' lang='lat' dir='ltr'><em>p</em></span> <span class='ocrx_word' id='word_1_336' title='bbox 919 3934 1096 3989; x_wconf 82' lang='lat' dir='ltr'>uoluntatem</span> <span class='ocrx_word' id='word_1_337' title='bbox 1116 3936 1141 3987; x_wconf 90' lang='grc' dir='ltr'>Γ</span> <span class='ocrx_word' id='word_1_338' title='bbox 1189 3935 1219 3987; x_wconf 86' lang='grc'>19</span> <span class='ocrx_word' id='word_1_339' title='bbox 1234 3921 1269 3985; x_wconf 74' lang='lat' dir='ltr'>ael</span> 
     </span>
     <span class='ocr_line' id='line_1_36' title="bbox 146 4012 1272 4091; baseline 0.004 -24"><span class='ocrx_word' id='word_1_340' title='bbox 146 4016 192 4082; x_wconf 91' lang='lat' dir='ltr'>qui</span> <span class='ocrx_word' id='word_1_341' title='bbox 211 4016 233 4067; x_wconf 93' lang='grc' dir='ltr'>Γ</span> <span class='ocrx_word' id='word_1_342' title='bbox 277 4016 463 4070; x_wconf 82' lang='lat' dir='ltr'>hereticorum</span> <span class='ocrx_word' id='word_1_343' title='bbox 482 4020 527 4071; x_wconf 74' lang='grc' dir='ltr'>ΓΗ</span> <span class='ocrx_word' id='word_1_344' title='bbox 579 4020 614 4072; x_wconf 73' lang='lat'>22</span> <span class='ocrx_word' id='word_1_345' title='bbox 631 4018 757 4074; x_wconf 80' lang='lat' dir='ltr'>dictumue</span> <span class='ocrx_word' id='word_1_346' title='bbox 775 4027 872 4090; x_wconf 89' lang='lat' dir='ltr'>aponte</span> <span class='ocrx_word' id='word_1_347' title='bbox 891 4027 951 4075; x_wconf 86' lang='lat' dir='ltr'>erat</span> <span class='ocrx_word' id='word_1_348' title='bbox 966 4021 991 4074; x_wconf 84' lang='grc' dir='ltr'>Γ</span> <span class='ocrx_word' id='word_1_349' title='bbox 1041 4023 1076 4076; x_wconf 75' lang='grc'>23</span> <span class='ocrx_word' id='word_1_350' title='bbox 1095 4028 1124 4077; x_wconf 82' lang='lat' dir='ltr'>et</span> <span class='ocrx_word' id='word_1_351' title='bbox 1143 4023 1201 4078; x_wconf 84' lang='lat' dir='ltr'>nita</span> <span class='ocrx_word' id='word_1_352' title='bbox 1218 4012 1272 4091; x_wconf 79' lang='lat' dir='ltr'>ltpl</span> 
     </span>
    </p>
   </div>
   <div class='ocr_carea' id='block_1_10' title="bbox 144 4104 1274 4242">
    <p class='ocr_par' dir='ltr' id='par_1_12' title="bbox 144 4104 1274 4242">
     <span class='ocr_line' id='line_1_37' title="bbox 145 4104 1274 4178; baseline 0.007 -24"><span class='ocrx_word' id='word_1_353' title='bbox 145 4106 188 4154; x_wconf 83' lang='lat' dir='ltr'>eat</span> <span class='ocrx_word' id='word_1_354' title='bbox 214 4120 262 4154; x_wconf 88' lang='lat' dir='ltr'>om.</span> <span class='ocrx_word' id='word_1_355' title='bbox 290 4105 312 4154; x_wconf 69' lang='lat'>(¹</span> <span class='ocrx_word' id='word_1_356' title='bbox 362 4105 435 4171; x_wconf 90' lang='lat' dir='ltr'>quod</span> <span class='ocrx_word' id='word_1_357' title='bbox 463 4123 510 4157; x_wconf 83' lang='grc'>222.</span> <span class='ocrx_word' id='word_1_358' title='bbox 541 4108 563 4157; x_wconf 83' lang='lat' dir='ltr'>l&#39;</span> <span class='ocrx_word' id='word_1_359' title='bbox 613 4106 642 4158; x_wconf 90' lang='lat' dir='ltr'>in</span> <span class='ocrx_word' id='word_1_360' title='bbox 670 4124 718 4159; x_wconf 86' lang='lat' dir='ltr'>om.</span> <span class='ocrx_word' id='word_1_361' title='bbox 748 4108 801 4178; x_wconf 75' lang='lat' dir='ltr'>Cpb</span> <span class='ocrx_word' id='word_1_362' title='bbox 854 4108 994 4161; x_wconf 69' lang='lat' dir='ltr'>attritam</span> <span class='ocrx_word' id='word_1_363' title='bbox 1022 4126 1053 4161; x_wconf 75' lang='lat' dir='ltr'>ea·</span> <span class='ocrx_word' id='word_1_364' title='bbox 1077 4109 1154 4163; x_wconf 77' lang='lat' dir='ltr'>uiam</span> <span class='ocrx_word' id='word_1_365' title='bbox 1179 4129 1210 4165; x_wconf 78' lang='grc'>22.</span> <span class='ocrx_word' id='word_1_366' title='bbox 1229 4104 1274 4163; x_wconf 80' lang='lat' dir='ltr'>ll</span> 
     </span>
     <span class='ocr_line' id='line_1_38' title="bbox 144 4189 346 4242; baseline 0.005 -1"><span class='ocrx_word' id='word_1_367' title='bbox 144 4189 179 4241; x_wconf 73' lang='lat'>26</span> <span class='ocrx_word' id='word_1_368' title='bbox 198 4192 226 4240; x_wconf 80' lang='lat' dir='ltr'>et</span> <span class='ocrx_word' id='word_1_369' title='bbox 247 4207 295 4241; x_wconf 85' lang='lat' dir='ltr'>om.</span> <span class='ocrx_word' id='word_1_370' title='bbox 316 4190 346 4242; x_wconf 79' lang='lat' dir='ltr'>R.</span> 
     </span>
    </p>
   </div>
   <div class='ocr_carea' id='block_1_11' title="bbox 0 0 1400 4844">
    <p class='ocr_par' dir='ltr' id='par_1_13' title="bbox 0 0 1400 4844">
     <span class='ocr_line' id='line_1_39' title="bbox 0 0 1400 4844; baseline 0 1"><span class='ocrx_word' id='word_1_371' title='bbox 0 0 1400 4844; x_wconf 95' lang='lat' dir='ltr'> </span> 
     </span>
    </p>
   </div>
  </div>
 </body>
</html>
