2790 4844
279 252 459 300 tractatus
478 247 512 299 in
531 247 700 314 psalmum
719 246 890 300 CXXXVIII.
1093 245 1155 311 769

10 440 68 503 sed
92 438 150 502 ait:
175 440 242 521 qui
266 458 325 503 me
347 439 470 513 uidet,
493 438 607 501 uidet
630 443 668 501 et
690 443 854 516 patrem.
879 435 1155 517 perindifferentis

10 548 130 607 naturae
154 543 298 608 uirtutem
322 562 400 619 eum,
424 544 546 625 dequo
578 541 782 625 quaerebatur,
813 552 934 622 patrem
965 542 1101 623 conspici
1126 552 1155 607 ct

10 647 40 711 in
76 667 111 712 se
145 667 214 712 esse
249 647 423 727 respondit3
447 656 478 710 et
501 647 530 710 id
556 646 659 711 adhuc
688 646 857 711 absolutius
887 645 1032 712 subiecit:
1063 667 1152 731 quo·

10 754 126 816 modo
149 758 189 815 tu
211 751 333 816 dicis:
357 750 527 816 ostende
551 751 669 815 nobis
692 749 872 831 patrem?
915 769 992 814 non
1015 752 1155 817 eredis

10 855 121 931 mihi,
154 855 343 938 quoniam
377 875 450 939 ego
474 856 512 918 in
537 860 651 935 patre
686 861 724 919 et
759 861 873 934 pater
906 855 945 917 in
981 875 1037 920 me
1067 857 1154 921 est?
1194 881 1206 918 a

10 958 144 1035 narba,
168 979 250 1042 quae
274 979 346 1043 ego
369 959 514 1043 loquor
537 959 661 1036 nobis,
685 979 760 1023 non
782 977 875 1022 ame
898 957 1060 1043 loqn0r;
1083 961 1153 1025 sed

10 1071 135 1139 nater,
159 1063 286 1147 quiin
310 1083 367 1129 mo
392 1070 531 1141 manet,
562 1063 652 1145 ipse
677 1062 781 1127 iacit
802 1083 924 1143 opera
947 1083 1028 1128 sua.
1073 1084 1153 1129 cre·

10 1168 97 1234 Iite
132 1167 238 1244 mihi,
262 1168 451 1251 quoniam
487 1187 559 1252 ego
592 1168 632 1232 in
667 1175 782 1247 patre
817 1174 855 1233 et
883 1169 1062 1249 paterio
1086 1187 1151 1233 me.

10 1273 72 1336 sin
109 1281 248 1347 autem,
283 1270 345 1336 uel
380 1279 549 1354 propter
585 1292 709 1354 opera
741 1273 910 1337 credite.
955 1272 1058 1357 arguit
1090 1292 1152 1336 non

10 1376 241 1458 nteliegentem
267 1381 299 1440 et
332 1374 435 1440 adhuc
469 1379 508 1441 de
542 1384 630 1457 patre
663 1383 852 1459 quaerentem
884 1382 914 1441 et
944 1397 1000 1458 per
1022 1396 1151 1461 operum
1180 1400 1205 1436 ιο

10 1479 211 1546 efficientiam
233 1480 379 1545 uirtutem
395 1480 491 1563 patris
505 1480 536 1543 in
552 1480 713 1564 unigenito
729 1499 788 1543 non
807 1487 1012 1545 contuentem.
1047 1488 1153 1546 manet

10 1584 92 1648 enim
117 1583 148 1647 in
171 1603 207 1648 eo
229 1591 327 1664 pater.
373 1593 420 1648 est
443 1604 577 1666 namque
606 1584 730 1668 genitus
760 1605 798 1649 en
828 1604 874 1661 eo
904 1604 965 1649 non
989 1592 1037 1650 est
1059 1586 1089 1649 in
1114 1604 1151 1650 eo

10 1706 99 1752 nouae
133 1687 297 1752 creationis
330 1687 432 1752 aliena
465 1695 584 1752 natura.
630 1689 742 1752 uirtute
776 1687 857 1753 filius
896 1698 951 1767 est,
990 1689 1151 1754 diuinitate

10 1790 91 1856 ilius
115 1797 169 1866 est,
193 1793 366 1856 substantia
399 1790 480 1856 filius
514 1799 569 1869 est,
606 1792 808 1875 generatione
841 1790 923 1857 filius
957 1800 1011 1857 est.
1057 1813 1151 1873 opera

10 1902 171 1970 ostentet,
194 1903 364 1976 potestates
386 1895 537 1974 locuntur,
571 1915 627 1977 per
658 1902 776 1961 naturae
810 1897 992 1981 progeniem
1026 1897 1057 1961 in
1088 1895 1151 1961 filio
1180 1925 1204 1964 n

10 2008 129 2080 patrem
164 2020 234 2065 esse
269 2005 299 2064 et
332 2020 387 2084 per
421 1999 566 2085 legitimae
600 2000 731 2084 originis
764 2001 968 2065 substantiam
998 2001 1095 2064 filium
1119 2001 1150 2064 in

10 2111 96 2185 patre
121 2124 198 2170 esse.
244 2125 304 2170 non
340 2105 484 2170 dissentit
516 2104 584 2169 haec
618 2104 657 2169 ab
680 2104 819 2189 ingenito
843 2112 915 2170 nata
938 2106 1148 2189 generositas:

10 2228 104 2273 onum
128 2210 219 2273 ambo
242 2216 320 2273 sunt.
366 2214 453 2292 pater
482 2209 606 2274 uidetur
635 2210 666 2273 in
697 2208 759 2273 filio
790 2216 820 2274 et
849 2209 972 2274 uidetur
1002 2229 1062 2276 non
1095 2230 1151 2290 per

10 2310 172 2377 inuisibilis
194 2313 285 2377 nobis
308 2319 424 2377 naturae
448 2313 748 2393 contemplationem,
782 2313 837 2378 sed
861 2334 914 2394 per
943 2333 1069 2394 operum
1094 2315 1147 2379 ad·

12 2417 211 2481 mirationem.
257 2416 311 2481 filii
335 2417 416 2481 enim
439 2437 533 2497 opera
566 2437 660 2498 opera
689 2418 887 2500 patrissant,
918 2438 979 2483 non
1003 2416 1147 2483 inbecillo
1176 2445 1202 2482 a

14 2521 51 2584 ed
71 2520 236 2587 efficienda
258 2542 296 2587 ea
318 2520 380 2585 filio
404 2540 504 2604 neque
528 2521 651 2586 diuerso
674 2522 787 2587 uirtute
811 2532 943 2586 natorae:
967 2524 1021 2586 sed
1038 2521 1070 2585 id
1085 2520 1148 2585 filio

17 2621 170 2701 efficiente,
202 2625 353 2709 quidquid
378 2626 412 2699 is,
437 2645 456 2688 a
478 2646 538 2708 quo
561 2626 629 2706 ipse
652 2633 699 2691 est
729 2626 861 2710 genitos,
886 2625 1008 2690 efficiat.
1054 2632 1146 2709 atque

17 2723 78 2792 ideo
100 2750 155 2810 per
177 2730 218 2806 id,
241 2732 324 2813 quod
346 2730 377 2793 in
401 2731 563 2795 maiestate
586 2749 712 2811 opernm
731 2728 812 2794 filins
825 2728 1075 2810 'contemplabilis
1091 2736 1146 2806 est,

19 2836 96 2904 peter
117 2854 238 2917 quoqne
261 2833 384 2898 uidetur
405 2834 436 2897 in
459 2833 533 2898 filio.

55 2935 102 3001 36.
126 2937 183 3003 His
207 2957 281 3021 ergo
305 2937 409 3012 scafis,
433 2939 486 3022 qui
509 2940 713 3004 aeternitatenr
737 2941 768 3003 in
792 2939 855 3003 filio
871 2945 1006 3020 paterna
1024 2939 1147 3004 uirtutiS
1175 2963 1200 3000 a

14 3049 201 3122 mutuentur,
218 3043 249 3106 id
266 3049 313 3107 est
331 3041 477 3122 apostolis
494 3043 525 3107 id
541 3049 692 3126 precatur,
708 3051 741 3107 nt
756 3043 787 3106 in
804 3042 854 3107 dei
870 3042 948 3106 libro
964 3042 1148 3120 scribantur,

12 3152 153 3211 maneant
175 3146 293 3210 scilicet
316 3147 346 3210 in
370 3147 554 3210 memoriam
578 3152 735 3220 aeternam,
765 3167 820 3227 pro
844 3147 956 3230 quibus
978 3146 1029 3211 teli
1054 3166 1145 3230 prece

10 3236 39 3302 in
66 3249 234 3334 euangeliis
258 3250 371 3314 orauit:
406 3256 532 3330 pater,
567 3251 834 3316 manifestani
868 3270 1009 3315 nomen
1040 3257 1146 3315 tuum

11 3337 248 3428 hominibus,
272 3373 370 3436 quos
394 3354 547 3418 dedisti
572 3354 670 3419 mini
694 3356 740 3420 de
763 3353 928 3432 saeeu103
952 3355 1007 3419 tui
1026 3361 1147 3431 erant,

12 3454 49 3512 tt
72 3457 164 3522 mihi
189 3479 255 3524 eos
278 3457 446 3537 dedisti,
469 3467 506 3522 et
527 3460 694 3524 uerbum
726 3468 834 3524 tuum
865 3465 1145 3524 seruauerunt.
1173 3481 1199 3520 so

14 3565 109 3626 nnnc
141 3569 433 3646 cognoueruna
467 3565 657 3646 qnoniam
691 3563 837 3640 omnia,
872 3582 955 3646 qnae
990 3563 1146 3628 dedisti

18 3659 116 3742 nihi,
137 3667 232 3731 dedi
256 3667 324 3742 eis,
348 3672 385 3730 et
407 3667 489 3746 ipsi
513 3681 760 3747 acceperunt
782 3668 1021 3732 etseierunt
1043 3687 1146 3744 nere,

59 3822 141 3877 eloh.
160 3824 231 3891 XIV,
250 3827 344 3878 9—12.
381 3825 489 3878 seloh.
507 3825 592 3892 XVII,
612 3830 628 3879 6
647 3844 686 3893 eq.

61 3962 128 4016 ime
146 3963 224 4016 uidet
242 3964 287 4016 Ra
305 3963 383 4017 uidet
402 3982 475 4017 mea
528 3965 592 4019 3in
610 3983 638 4018 se
657 3982 715 4018 ease
735 3966 760 4017 R
778 3965 806 4017 in
825 3981 885 4018 sese
904 3984 916 4018 e
935 3965 964 4017 in
982 3981 1041 4018 sese
1060 3965 1145 4017 esset

29 4043 52 4097 12
65 4050 132 4104 enim
160 4051 188 4103 in
217 4067 249 4104 eo
280 4052 372 4103 Rened.
400 4052 472 4103 enim
501 4053 540 4104 Re
596 4054 626 4106 13
645 4054 724 4105 uerbo
751 4052 898 4105 diuinitate
916 4052 1146 4120 -generatione

27 4126 81 4189 filins
107 4143 149 4192 est
174 4155 222 4190 ons.
247 4138 273 4191 R
327 4141 359 4191 15
377 4139 554 4206 quuntnrR
606 4142 640 4193 20
659 4156 743 4208 opera
769 4141 845 4192 seam!
871 4158 919 4192 scr.
938 4139 964 4191 R
1016 4140 1050 4191 22
1067 4137 1147 4192 hisa

24 4225 104 4288 qnoR
155 4227 189 4279 27
208 4240 308 4293 praece
326 4225 352 4277 R
404 4227 438 4278 3‘2
457 4226 519 4279 dedi
538 4225 582 4278 his
602 4228 632 4279 R.

61 4345 128 4386 xxn.
142 4345 214 4386 nitu.
229 4345 286 4386 mea
301 4355 352 4395 pm
367 4347 385 4386 1.
956 4333 991 4385 49
