2790 4844
411 272 592 321 tractatus
615 268 650 321 in
669 269 838 337 psalmum
857 267 927 322 LIV.
1178 270 1240 335 149

95 456 178 538 qnia,
204 457 257 540 qui
281 464 421 522 naturam
445 457 590 523 audiendi
615 456 749 523 humano
772 459 879 543 generi
904 458 1038 543 inpertit,
1063 461 1129 543 ipse
1153 467 1240 525 entra

95 560 220 626 auditus
243 579 304 625 non
328 567 520 644 potestesse
544 566 684 626 naturam
708 569 746 633 et,
771 561 822 645 qni
846 563 960 645 ubique
983 561 1066 627 hunc
1094 562 1126 627 in
1149 564 1239 628 nobis

98 682 224 729 sensum
258 665 422 730 auditionis
456 671 610 750 operatur,
644 686 704 731 uon
738 672 840 748 potest
874 687 934 733 non
966 667 1079 750 ubique
1110 667 1141 733 in
1172 669 1240 749 ipso

101 786 177 849 esse,
201 770 284 852 quod
307 774 439 850 praestat.
486 769 562 834 deus
585 770 687 854 itaque
712 770 824 854 ubique
856 778 886 836 et
916 790 1039 854 semper
1060 771 1161 850 andit;
1184 772 1239 837 sed

104 890 160 936 non
183 874 320 937 omnium
354 874 455 939 meriti
489 881 545 952 est,
568 880 601 939 ut
631 875 713 958 quod
743 874 828 939 audit
857 879 887 940 et
917 874 1066 940 inauriat:
1100 876 1236 940 auditum
1265 902 1278 939 s

108 976 222 1056 quidem
245 977 312 1042 eius
334 977 451 1042 orantis
473 998 549 1043 uoce
584 985 770 1058 penetrante,
797 979 853 1044 sed
876 978 1087 1063 dignationem
1123 999 1239 1056 eorum,

113 1096 171 1158 qua
192 1082 362 1160 audiantur,
386 1081 558 1148 inauriendi
583 1082 649 1148 sole
671 1083 817 1147 orationis
840 1083 1015 1148 innocentia
1036 1090 1239 1167 promerente.

150 1183 176 1247 l.
197 1184 321 1267 Triplex
354 1191 458 1251 autem
477 1187 524 1252 .in
560 1187 685 1252 exordio
727 1187 803 1252 ratio
840 1187 1026 1267 precationis
1063 1193 1111 1252 est
1148 1187 1239 1252 edita.

118 1288 202 1368 prima
234 1291 319 1356 enim
354 1310 389 1355 ea
428 1297 483 1367 est,
523 1298 554 1354 nt
593 1291 762 1356 inauriat-ur
796 1291 900 1356 oratio.
945 1310 1081 1374 sequens
1115 1296 1170 1369 cst,
1201 1311 1240 1356 ne

122 1390 281 1474 despiciatur
299 1395 484 1479 deprecatio.
520 1395 610 1459 tertia
626 1400 680 1472 est,
696 1402 729 1459 nt
746 1394 885 1460 intendat
901 1395 959 1459 sibi
977 1414 1071 1480 seque
1087 1395 1238 1460 exandiat.
1268 1423 1292 1457 ιο

125 1502 148 1557 et
163 1517 276 1565 necesse
300 1505 348 1563 est
371 1498 535 1564 discretam
559 1518 628 1563 csse
658 1498 899 1581 uniuscuiusque
928 1499 1054 1583 generis
1088 1503 1240 1580 naturam,

126 1605 214 1665 utnon
237 1603 320 1668 idem
344 1603 384 1667 sit
413 1602 545 1668 inaurire
569 1609 684 1667 elnon
708 1603 876 1686 despicere,
906 1622 1093 1686 rursumque
1116 1601 1240 1668 differat

128 1701 156 1762 dl
183 1714 301 1790 utroque
338 1707 499 1771 intendere
537 1713 567 1771 et
604 1706 756 1771 exaudire.
808 1714 839 1771 et
872 1707 945 1790 quia
982 1708 1021 1772 dc
1058 1706 1239 1772 inaurienda

129 1808 234 1876 outone
256 1811 331 1894 quid
354 1810 493 1895 intellegi
517 1819 630 1894 posset,
662 1811 863 1888 ostendimus,
894 1811 969 1894 qnid
1001 1811 1076 1876 illud
1105 1812 1161 1876 sit:
1192 1831 1238 1877 ne

131 1907 340 1993 despexeris
363 1915 699 1998 deprecationem
723 1935 854 1992 meam,
877 1915 1071 1981 tractandum
1095 1922 1150 1982 est.
1186 1917 1239 1980 de·

131 2014 266 2092 spicimtur
281 2019 434 2084 orationes
451 2019 543 2097 leues,
556 2019 751 2089 dissidentes.
766 2019 899 2096 inutiles,
912 2020 1015 2086 sacculi
1033 2021 1114 2086 curis
1130 2021 1238 2098 anxia,

133 2131 205 2187 rerum
226 2122 428 2207 corporalium
452 2123 614 2188 desideriis
637 2122 812 2203 implicatae,
835 2123 987 2189 bonomm
1013 2145 1141 2208 operum
1158 2125 1239 2190 sruc-

132 2218 189 2288 tibns
212 2228 392 2293 infecunde.
439 2226 487 2291 hae
522 2229 617 2311 igitur
651 2226 856 2308 despicabiles
891 2237 961 2292 sunt
995 2228 1157 2307 orationes
1188 2229 1236 2295 dei

133 2320 359 2408 dignationenon
385 2332 497 2416 digna,
521 2333 559 2397 de
583 2331 695 2415 quibus
719 2351 774 2411 per
804 2330 929 2395 Esaiam
960 2331 1146 2416 prophetam
1180 2333 1236 2397 ait:

131 2436 240 2501 ticum
262 2436 540 2501 extenderitis
564 2456 701 2499 manns
723 2437 947 2502 nestrasad
966 2456 1030 2518 me,
1055 2443 1235 2502 auertam

132 2535 235 2604 oculos
266 2559 375 2606 meos
409 2562 425 2603 a
457 2539 579 2604 nobis.
626 2547 656 2604 et
688 2559 812 2605 causam
848 2541 1055 2622 despiciendae
1088 2541 1236 2606 orationis

132 2639 239 2708 continuo
260 2643 391 2710 subiecit
410 2644 530 2709 dicens:
554 2662 691 2708 manus
715 2650 862 2709 nostre
884 2645 1084 2728 sangnine
1107 2643 1237 2726 plenae

132 2752 204 2810 Stul.
243 2750 294 2814 ubi
330 2768 405 2832 crgo
439 2747 575 2829 operatio
609 2747 778 2832 iniqnitatis
814 2748 938 2825 extabit,
973 2749 1034 2814 illic
1068 2749 1238 2829 despicitur

160 2864 244 2926 a-sa
260 2871 334 2925 mai.
354 2872 374 2938 r,
395 2872 433 2924 ιι.

161 2970 330 3040 lqniam.1·'
381 2974 687 3041 extraltraartdmff)
712 2976 736 3027 V
785 2976 914 3030 2isssl'
964 2974 1239 3030 dsedocld.m.2V

132 3048 496 3117 emeritisereritizteT
548 3067 575 3116 et
594 3062 678 3115 inriat
693 3063 717 3114 V
767 3063 916 3131 liquidem¹
932 3081 962 3117 es
980 3063 1107 3130 quiadem
1127 3081 1158 3114 m.
1179 3061 1241 3115 Ν

131 3134 171 3192 sius
190 3150 240 3201 odd.
264 3169 297 3203 m.
324 3148 345 3202 2
376 3150 401 3204 V
452 3149 614 3218 penetrante
644 3150 669 3201 1'
692 3149 849 3218 inpetrants
882 3149 906 3198 V
957 3150 1049 3204 'isola
1076 3149 1184 3203 excolu
1203 3168 1237 3202 m.

131 3217 144 3270 9
154 3224 171 3276 V
207 3236 267 3290 din
285 3235 402 3291 exordio
420 3237 491 3290 ratio
510 3234 551 3301 (es
569 3236 684 3290 rationis
702 3253 768 3289 corr.
782 3256 813 3289 in.
828 3235 857 3301 2)
875 3236 1060 3305 praecationis
1077 3237 1100 3289 V
1115 3235 1144 3289 in
1157 3252 1236 3290 exor-

131 3308 163 3362 lld
175 3322 246 3377 oratio
263 3322 448 3394 praecationis
468 3321 532 3384 aa)
551 3323 581 3375 in
599 3322 706 3377 exordii
732 3323 891 3392 precatione
914 3323 1003 3377 oratio
1023 3324 1072 3376 PT
1123 3325 1140 3376 9
1158 3323 1236 3377 inau-

130 3398 233 3463 rnen&
248 3410 423 3465 inocuriatur
440 3429 472 3462 m.
496 3411 509 3462 1
533 3410 557 3461 V
610 3411 642 3463 10
660 3409 822 3477 dispiciatur
841 3411 866 3462 lt
918 3410 971 3463 sibi
990 3428 1020 3463 ec
1037 3410 1107 3464 seibi
1126 3429 1158 3463 sn.
1178 3410 1193 3462 I
1216 3410 1240 3463 V

130 3484 282 3563 despicere
301 3497 366 3551 ιμ’
417 3496 511 3552 dinen
530 3496 554 3548 r
604 3499 637 3550 ra
655 3496 690 3550 ab
708 3501 826 3564 utroque
845 3496 988 3565 (queam
1006 3516 1038 3549 m.
1058 3495 1113 3549 21:
1132 3494 1239 3561 ructu

127 3568 256 3637 immenso
289 3584 314 3637 V
337 3584 494 3638 inauriendi
522 3584 547 3637 R
609 3584 642 3636 14
660 3588 752 3652 posset
776 3601 806 3636 ex
832 3583 920 3652 possit
946 3602 978 3635 m.
1012 3585 1024 3636 1
1050 3584 1077 3637 R
1103 3599 1182 3652 posse
1217 3583 1239 3635 V

125 3663 190 3725 Μ
204 3669 248 3723 Vs
301 3672 333 3726 15
351 3670 504 3740 dispexeris
514 3667 578 3723 nl*
631 3689 703 3724 mices
722 3670 897 3724 tractandum
916 3674 958 3724 est
976 3671 1063 3723 inPT
1079 3688 1161 3740 snpra
1175 3681 1236 3740 post

124 3743 178 3802 illud
190 3755 220 3809 sit
237 3760 356 3826 qunntar
407 3757 599 3826 despiciuntur
617 3775 647 3810 es
665 3757 851 3825 dispiciuntur
864 3758 889 3809 R
907 3775 937 3810 es
954 3756 1106 3825 despicitur
1124 3775 1157 3809 m.
1176 3755 1195 3809 2
1214 3757 1237 3809 l'

121 3836 147 3887 ld
163 3835 318 3898 &dementes
336 3845 358 3895 l'
408 3843 526 3898 saeculis
544 3844 566 3895 l'
607 3843 908 3898 cnrisesscuriesm.2
929 3845 950 3897 V
994 3848 1026 3899 17
1044 3849 1175 3899 etrerum
1186 3844 1237 3896 PE

114 3937 255 4044 implesse
274 4002 305 4035 ni.
331 3984 352 4036 2
385 3983 408 4035 V
432 3976 557 4051 {plicitae
585 3983 637 4035 nr
688 3984 720 4036 18
747 3982 926 4038 infaecnndse
956 3984 1005 4036 ΒΤ
1031 3980 1179 4036 infecunda
1205 3999 1235 4035 es

109 4061 257 4124 admones
283 4068 355 4123 na?
380 4069 403 4121 V
461 4068 528 4123 haec
563 4070 609 4122 Vll
673 4073 705 4124 le
724 4070 757 4123 dc
785 4071 884 4137 quibus
909 4089 958 4122 ona
984 4072 1009 4123 R
1070 4070 1180 4123 Essiam
1214 4069 1236 4121 V

107 4150 236 4208 tatur
286 4158 322 4210 ω
339 4155 520 4210 extenderitis
548 4174 578 4210 es
604 4156 790 4211 extenderetis
809 4155 881 4210 sn.2
905 4157 929 4208 l'
978 4159 1009 4210 al
1030 4173 1105 4209 meos
1123 4157 1183 4209 odd.
1202 4174 1236 4206 m.

101 4239 165 4297 sl
210 4243 244 4295 22
261 4242 413 4312 sanguines
438 4243 484 4294 l'Il
535 4246 570 4299 28
588 4261 655 4314 ergo
679 4261 751 4314 supr.
769 4261 818 4298 scr.
838 4244 870 4297 R.
