<?xml version="1.0" encoding="UTF-8"?>
<!DOCTYPE html PUBLIC "-//W3C//DTD XHTML 1.0 Transitional//EN"
    "http://www.w3.org/TR/xhtml1/DTD/xhtml1-transitional.dtd">
<html xmlns="http://www.w3.org/1999/xhtml" xml:lang="en" lang="en">
 <head>
  <title>
</title>
<meta http-equiv="Content-Type" content="text/html;charset=utf-8" />
  <meta name='ocr-system' content='tesseract 3.04.00' />
  <meta name='ocr-capabilities' content='ocr_page ocr_carea ocr_par ocr_line ocrx_word'/>
</head>
<body>
  <div class='ocr_page' id='page_1' title='image "./shilariiepiscop00hilagoog_0913.png"; bbox 0 0 2790 4844; ppageno 0'>
   <div class='ocr_carea' id='block_1_1' title="bbox 593 281 1261 351">
    <p class='ocr_par' dir='ltr' id='par_1_1' title="bbox 593 281 1261 351">
     <span class='ocr_line' id='line_1_1' title="bbox 593 281 1261 351; baseline 0.016 -16"><span class='ocrx_word' id='word_1_1' title='bbox 593 281 787 351; x_wconf 80' lang='lat' dir='ltr'><strong>Appendix.</strong></span> <span class='ocrx_word' id='word_1_2' title='bbox 1199 281 1261 345; x_wconf 86' lang='lat'><strong>883</strong></span> 
     </span>
    </p>
   </div>
   <div class='ocr_carea' id='block_1_2' title="bbox 94 471 1342 4201">
    <p class='ocr_par' dir='ltr' id='par_1_2' title="bbox 112 471 1342 2433">
     <span class='ocr_line' id='line_1_2' title="bbox 163 471 1261 555; baseline 0 -19"><span class='ocrx_word' id='word_1_3' title='bbox 163 475 191 536; x_wconf 76' lang='grc' dir='ltr'><strong>ε’).</strong></span> <span class='ocrx_word' id='word_1_4' title='bbox 215 473 408 553; x_wconf 79' lang='lat' dir='ltr'>Quoniam</span> <span class='ocrx_word' id='word_1_5' title='bbox 432 475 627 538; x_wconf 90' lang='lat' dir='ltr'><strong>bonorum</strong></span> <span class='ocrx_word' id='word_1_6' title='bbox 650 491 824 536; x_wconf 85' lang='lat' dir='ltr'><strong>meorum</strong></span> <span class='ocrx_word' id='word_1_7' title='bbox 850 491 922 534; x_wconf 94' lang='lat' dir='ltr'><strong>non</strong></span> <span class='ocrx_word' id='word_1_8' title='bbox 947 471 1127 555; x_wconf 89' lang='lat' dir='ltr'><strong>indiges;</strong></span> <span class='ocrx_word' id='word_1_9' title='bbox 1151 492 1261 536; x_wconf 82' lang='lat' dir='ltr'><strong>sano·</strong></span> 
     </span>
     <span class='ocr_line' id='line_1_3' title="bbox 119 577 1260 660; baseline 0.001 -20"><span class='ocrx_word' id='word_1_10' title='bbox 119 578 179 645; x_wconf 84' lang='lat' dir='ltr'><strong>tis.</strong></span> <span class='ocrx_word' id='word_1_11' title='bbox 203 578 268 660; x_wconf 90' lang='lat' dir='ltr'><strong>qui</strong></span> <span class='ocrx_word' id='word_1_12' title='bbox 303 585 398 643; x_wconf 91' lang='lat' dir='ltr'><strong>sunt</strong></span> <span class='ocrx_word' id='word_1_13' title='bbox 433 579 470 640; x_wconf 93' lang='lat' dir='ltr'><strong>iu</strong></span> <span class='ocrx_word' id='word_1_14' title='bbox 502 586 620 642; x_wconf 91' lang='lat' dir='ltr'><strong>terra.</strong></span> <span class='ocrx_word' id='word_1_15' title='bbox 666 577 738 660; x_wconf 89' lang='lat' dir='ltr'><strong>quid</strong></span> <span class='ocrx_word' id='word_1_16' title='bbox 763 581 825 639; x_wconf 91' lang='lat' dir='ltr'><strong>tam</strong></span> <span class='ocrx_word' id='word_1_17' title='bbox 850 595 1042 658; x_wconf 83' lang='lat' dir='ltr'><strong>consequens</strong></span> <span class='ocrx_word' id='word_1_18' title='bbox 1073 584 1140 640; x_wconf 88' lang='lat' dir='ltr'><strong>erat</strong></span> <span class='ocrx_word' id='word_1_19' title='bbox 1167 597 1260 660; x_wconf 90' lang='lat' dir='ltr'><strong>quam</strong></span> 
     </span>
     <span class='ocr_line' id='line_1_4' title="bbox 117 681 1263 764; baseline 0.002 -21"><span class='ocrx_word' id='word_1_20' title='bbox 117 685 200 763; x_wconf 81' lang='lat' dir='ltr'><strong>quod</strong></span> <span class='ocrx_word' id='word_1_21' title='bbox 223 682 266 746; x_wconf 93' lang='lat' dir='ltr'><strong>ait</strong></span> <span class='ocrx_word' id='word_1_22' title='bbox 288 684 370 746; x_wconf 89' lang='lat' dir='ltr'><strong>bona</strong></span> <span class='ocrx_word' id='word_1_23' title='bbox 392 702 447 746; x_wconf 88' lang='lat' dir='ltr'><strong>sua</strong></span> <span class='ocrx_word' id='word_1_24' title='bbox 470 683 647 747; x_wconf 77' lang='lat' dir='ltr'><strong>necessaria</strong></span> <span class='ocrx_word' id='word_1_25' title='bbox 669 701 729 744; x_wconf 94' lang='lat' dir='ltr'><strong>nou</strong></span> <span class='ocrx_word' id='word_1_26' title='bbox 752 700 820 745; x_wconf 88' lang='lat' dir='ltr'><strong>esse</strong></span> <span class='ocrx_word' id='word_1_27' title='bbox 847 681 963 745; x_wconf 81' lang='lat' dir='ltr'><strong>sanatis</strong></span> <span class='ocrx_word' id='word_1_28' title='bbox 978 686 1077 756; x_wconf 78' lang='lat' dir='ltr'><strong>terrae,</strong></span> <span class='ocrx_word' id='word_1_29' title='bbox 1102 699 1203 764; x_wconf 91' lang='lat' dir='ltr'><strong>neque</strong></span> <span class='ocrx_word' id='word_1_30' title='bbox 1225 701 1263 746; x_wconf 91' lang='lat' dir='ltr'><strong>ea</strong></span> 
     </span>
     <span class='ocr_line' id='line_1_5' title="bbox 118 782 1261 867; baseline 0.001 -20"><span class='ocrx_word' id='word_1_31' title='bbox 118 786 197 848; x_wconf 83' lang='lat' dir='ltr'><strong>bona</strong></span> <span class='ocrx_word' id='word_1_32' title='bbox 221 787 337 851; x_wconf 90' lang='lat' dir='ltr'><strong>domini</strong></span> <span class='ocrx_word' id='word_1_33' title='bbox 363 787 401 850; x_wconf 89' lang='lat' dir='ltr'><strong>ad</strong></span> <span class='ocrx_word' id='word_1_34' title='bbox 425 806 516 851; x_wconf 92' lang='lat' dir='ltr'><strong>usum</strong></span> <span class='ocrx_word' id='word_1_35' title='bbox 540 806 609 851; x_wconf 91' lang='lat' dir='ltr'><strong>esse</strong></span> <span class='ocrx_word' id='word_1_36' title='bbox 632 791 809 849; x_wconf 85' lang='lat' dir='ltr'><strong>sanatorum</strong></span> <span class='ocrx_word' id='word_1_37' title='bbox 834 791 922 848; x_wconf 84' lang='lat' dir='ltr'><strong>terreo</strong></span> <span class='ocrx_word' id='word_1_38' title='bbox 939 782 1170 849; x_wconf 69' lang='lat' dir='ltr'><strong>habitatorum?</strong></span> <span class='ocrx_word' id='word_1_39' title='bbox 1193 804 1261 867; x_wconf 85' lang='lat' dir='ltr'><strong>quae</strong></span> 
     </span>
     <span class='ocr_line' id='line_1_6' title="bbox 116 889 1314 972; baseline 0.002 -22"><span class='ocrx_word' id='word_1_40' title='bbox 116 896 220 953; x_wconf 89' lang='lat' dir='ltr'><strong>autem</strong></span> <span class='ocrx_word' id='word_1_41' title='bbox 243 898 315 954; x_wconf 92' lang='lat' dir='ltr'><strong>sunt</strong></span> <span class='ocrx_word' id='word_1_42' title='bbox 338 892 417 956; x_wconf 66' lang='lat' dir='ltr'><strong>brana</strong></span> <span class='ocrx_word' id='word_1_43' title='bbox 443 890 568 968; x_wconf 77' lang='lat' dir='ltr'><strong>Christi,</strong></span> <span class='ocrx_word' id='word_1_44' title='bbox 593 910 661 972; x_wconf 77' lang='lat' dir='ltr'><strong>qua</strong></span> <span class='ocrx_word' id='word_1_45' title='bbox 686 891 765 954; x_wconf 93' lang='lat' dir='ltr'><strong>bona</strong></span> <span class='ocrx_word' id='word_1_46' title='bbox 788 889 857 952; x_wconf 90' lang='lat' dir='ltr'><strong>noni</strong></span> <span class='ocrx_word' id='word_1_47' title='bbox 886 889 1059 953; x_wconf 78' lang='lat' dir='ltr'>testamenti</span> <span class='ocrx_word' id='word_1_48' title='bbox 1086 889 1144 952; x_wconf 90' lang='lat' dir='ltr'><strong>nisi</strong></span> <span class='ocrx_word' id='word_1_49' title='bbox 1161 890 1262 972; x_wconf 90' lang='lat' dir='ltr'><strong>gratia</strong></span> <span class='ocrx_word' id='word_1_50' title='bbox 1302 917 1314 952; x_wconf 76' lang='lat' dir='ltr'><strong>a</strong></span> 
     </span>
     <span class='ocr_line' id='line_1_7' title="bbox 116 992 1262 1074; baseline 0.001 -19"><span class='ocrx_word' id='word_1_51' title='bbox 116 995 258 1074; x_wconf 83' lang='lat' dir='ltr'><strong>gratuita,</strong></span> <span class='ocrx_word' id='word_1_52' title='bbox 294 996 351 1058; x_wconf 91' lang='lat' dir='ltr'><strong>nisi</strong></span> <span class='ocrx_word' id='word_1_53' title='bbox 384 1000 582 1074; x_wconf 80' lang='lat' dir='ltr'><strong>peceatorum</strong></span> <span class='ocrx_word' id='word_1_54' title='bbox 617 992 784 1057; x_wconf 78' lang='lat' dir='ltr'><strong>remissio?</strong></span> <span class='ocrx_word' id='word_1_55' title='bbox 831 993 897 1056; x_wconf 82' lang='lat' dir='ltr'><strong>baeo</strong></span> <span class='ocrx_word' id='word_1_56' title='bbox 922 992 1002 1055; x_wconf 92' lang='lat' dir='ltr'><strong>bona</strong></span> <span class='ocrx_word' id='word_1_57' title='bbox 1032 993 1149 1065; x_wconf 81' lang='lat' dir='ltr'><strong>sanatis</strong></span> <span class='ocrx_word' id='word_1_58' title='bbox 1172 1003 1262 1057; x_wconf 75' lang='lat' dir='ltr'><strong>terrae</strong></span> 
     </span>
     <span class='ocr_line' id='line_1_8' title="bbox 116 1096 1342 1180; baseline 0.003 -22"><span class='ocrx_word' id='word_1_59' title='bbox 116 1098 366 1161; x_wconf 83' lang='lat' dir='ltr'><strong>neeessarianon</strong></span> <span class='ocrx_word' id='word_1_60' title='bbox 387 1106 466 1162; x_wconf 90' lang='lat' dir='ltr'><strong>suut.</strong></span> <span class='ocrx_word' id='word_1_61' title='bbox 514 1118 588 1160; x_wconf 94' lang='lat' dir='ltr'><strong>non</strong></span> <span class='ocrx_word' id='word_1_62' title='bbox 612 1105 742 1180; x_wconf 81' lang='lat' dir='ltr'><strong>egent,</strong></span> <span class='ocrx_word' id='word_1_63' title='bbox 766 1096 831 1179; x_wconf 87' lang='lat' dir='ltr'><strong>qui</strong></span> <span class='ocrx_word' id='word_1_64' title='bbox 856 1098 942 1161; x_wconf 90' lang='lat' dir='ltr'><strong>sani</strong></span> <span class='ocrx_word' id='word_1_65' title='bbox 967 1108 1071 1175; x_wconf 86' lang='lat' dir='ltr'><strong>sunt,</strong></span> <span class='ocrx_word' id='word_1_66' title='bbox 1096 1097 1261 1172; x_wconf 82' lang='lat' dir='ltr'><strong>medico,</strong></span> <span class='ocrx_word' id='word_1_67' title='bbox 1340 1148 1342 1152; x_wconf 14' lang='lat' dir='ltr'><strong>a</strong></span> 
     </span>
     <span class='ocr_line' id='line_1_9' title="bbox 116 1200 1261 1284; baseline 0.001 -20"><span class='ocrx_word' id='word_1_68' title='bbox 116 1203 185 1264; x_wconf 88' lang='lat' dir='ltr'><strong>sed</strong></span> <span class='ocrx_word' id='word_1_69' title='bbox 211 1203 275 1284; x_wconf 87' lang='lat' dir='ltr'><strong>qui</strong></span> <span class='ocrx_word' id='word_1_70' title='bbox 300 1202 400 1266; x_wconf 88' lang='lat' dir='ltr'><strong>male</strong></span> <span class='ocrx_word' id='word_1_71' title='bbox 426 1202 587 1267; x_wconf 87' lang='lat' dir='ltr'><strong>habent.</strong></span> <span class='ocrx_word' id='word_1_72' title='bbox 634 1211 663 1267; x_wconf 92' lang='lat' dir='ltr'><strong>et</strong></span> <span class='ocrx_word' id='word_1_73' title='bbox 687 1201 807 1282; x_wconf 78' lang='lat' dir='ltr'><strong>proprie</strong></span> <span class='ocrx_word' id='word_1_74' title='bbox 831 1200 908 1276; x_wconf 84' lang='lat' dir='ltr'><strong>illos,</strong></span> <span class='ocrx_word' id='word_1_75' title='bbox 933 1201 983 1284; x_wconf 91' lang='lat' dir='ltr'><strong>qui</strong></span> <span class='ocrx_word' id='word_1_76' title='bbox 1009 1221 1042 1264; x_wconf 88' lang='lat' dir='ltr'><strong>se</strong></span> <span class='ocrx_word' id='word_1_77' title='bbox 1065 1203 1095 1265; x_wconf 92' lang='lat' dir='ltr'><strong>in</strong></span> <span class='ocrx_word' id='word_1_78' title='bbox 1116 1201 1261 1281; x_wconf 84' lang='lat' dir='ltr'><strong>operibus</strong></span> 
     </span>
     <span class='ocr_line' id='line_1_10' title="bbox 115 1303 1262 1385; baseline 0.003 -18"><span class='ocrx_word' id='word_1_79' title='bbox 115 1307 181 1368; x_wconf 88' lang='lat' dir='ltr'><strong>suis</strong></span> <span class='ocrx_word' id='word_1_80' title='bbox 216 1306 391 1377; x_wconf 84' lang='lat' dir='ltr'><strong>iustificant,</strong></span> <span class='ocrx_word' id='word_1_81' title='bbox 427 1312 550 1371; x_wconf 81' lang='lat' dir='ltr'><strong>sanctos</strong></span> <span class='ocrx_word' id='word_1_82' title='bbox 586 1326 645 1370; x_wconf 92' lang='lat' dir='ltr'><strong>non</strong></span> <span class='ocrx_word' id='word_1_83' title='bbox 680 1304 757 1378; x_wconf 82' lang='lat' dir='ltr'><strong>eaeli,</strong></span> <span class='ocrx_word' id='word_1_84' title='bbox 793 1304 848 1370; x_wconf 85' lang='lat' dir='ltr'><strong>sed</strong></span> <span class='ocrx_word' id='word_1_85' title='bbox 883 1312 974 1369; x_wconf 80' lang='lat' dir='ltr'><strong>terra</strong></span> <span class='ocrx_word' id='word_1_86' title='bbox 1008 1303 1189 1385; x_wconf 83' lang='lat' dir='ltr'><strong>appellauit3</strong></span> <span class='ocrx_word' id='word_1_87' title='bbox 1224 1325 1262 1370; x_wconf 82' lang='lat' dir='ltr'><strong>ex</strong></span> 
     </span>
     <span class='ocr_line' id='line_1_11' title="bbox 116 1407 1313 1493; baseline -0.001 -23"><span class='ocrx_word' id='word_1_88' title='bbox 116 1407 293 1474; x_wconf 89' lang='lat' dir='ltr'><strong>bominibus</strong></span> <span class='ocrx_word' id='word_1_89' title='bbox 317 1412 399 1475; x_wconf 89' lang='lat' dir='ltr'><strong>euim</strong></span> <span class='ocrx_word' id='word_1_90' title='bbox 425 1411 490 1474; x_wconf 89' lang='lat' dir='ltr'><strong>laus</strong></span> <span class='ocrx_word' id='word_1_91' title='bbox 514 1432 629 1482; x_wconf 80' lang='lat' dir='ltr'><strong>eorum,</strong></span> <span class='ocrx_word' id='word_1_92' title='bbox 653 1431 713 1473; x_wconf 93' lang='lat' dir='ltr'><strong>non</strong></span> <span class='ocrx_word' id='word_1_93' title='bbox 738 1430 773 1474; x_wconf 83' lang='lat' dir='ltr'><strong>ex</strong></span> <span class='ocrx_word' id='word_1_94' title='bbox 797 1412 855 1474; x_wconf 95' lang='lat' dir='ltr'><strong>deo</strong></span> <span class='ocrx_word' id='word_1_95' title='bbox 879 1419 941 1474; x_wconf 90' lang='lat' dir='ltr'><strong>est:</strong></span> <span class='ocrx_word' id='word_1_96' title='bbox 965 1408 1073 1493; x_wconf 89' lang='lat' dir='ltr'><strong>quales</strong></span> <span class='ocrx_word' id='word_1_97' title='bbox 1089 1409 1185 1473; x_wconf 91' lang='lat' dir='ltr'><strong>suisse</strong></span> <span class='ocrx_word' id='word_1_98' title='bbox 1208 1428 1261 1474; x_wconf 89' lang='lat' dir='ltr'><strong>eos</strong></span> <span class='ocrx_word' id='word_1_99' title='bbox 1290 1435 1313 1470; x_wconf 86' lang='lat' dir='ltr'><strong>lo</strong></span> 
     </span>
     <span class='ocr_line' id='line_1_12' title="bbox 114 1501 1261 1595; baseline 0.003 -20"><span class='ocrx_word' id='word_1_100' title='bbox 114 1514 258 1579; x_wconf 90' lang='lat' dir='ltr'><strong>dominus</strong></span> <span class='ocrx_word' id='word_1_101' title='bbox 292 1524 378 1578; x_wconf 89' lang='lat' dir='ltr'><strong>notat</strong></span> <span class='ocrx_word' id='word_1_102' title='bbox 413 1514 613 1580; x_wconf 76' lang='lat' dir='ltr'><strong>iustificantes</strong></span> <span class='ocrx_word' id='word_1_103' title='bbox 636 1535 670 1580; x_wconf 89' lang='lat' dir='ltr'><strong>se</strong></span> <span class='ocrx_word' id='word_1_104' title='bbox 693 1516 722 1578; x_wconf 91' lang='lat' dir='ltr'><strong>iu</strong></span> <span class='ocrx_word' id='word_1_105' title='bbox 747 1521 914 1594; x_wconf 79' lang='lat' dir='ltr'><strong>conspeetu</strong></span> <span class='ocrx_word' id='word_1_106' title='bbox 945 1513 1118 1587; x_wconf 87' lang='lat' dir='ltr'><strong>bominum,</strong></span> <span class='ocrx_word' id='word_1_107' title='bbox 1149 1501 1261 1595; x_wconf 89' lang='lat' dir='ltr'><strong>quibus</strong></span> 
     </span>
     <span class='ocr_line' id='line_1_13' title="bbox 115 1617 1261 1702; baseline 0.004 -23"><span class='ocrx_word' id='word_1_108' title='bbox 115 1617 425 1696; x_wconf 84' lang='lat' dir='ltr'><strong>reprehendentibus.</strong></span> <span class='ocrx_word' id='word_1_109' title='bbox 450 1622 532 1702; x_wconf 88' lang='lat' dir='ltr'><strong>quod</strong></span> <span class='ocrx_word' id='word_1_110' title='bbox 556 1640 624 1683; x_wconf 80' lang='lat' dir='ltr'><strong>otim</strong></span> <span class='ocrx_word' id='word_1_111' title='bbox 651 1618 822 1699; x_wconf 77' lang='lat' dir='ltr'><strong>publicanis</strong></span> <span class='ocrx_word' id='word_1_112' title='bbox 845 1620 1037 1683; x_wconf 82' lang='lat' dir='ltr'><strong>conuiuaret:</strong></span> <span class='ocrx_word' id='word_1_113' title='bbox 1063 1637 1138 1680; x_wconf 91' lang='lat' dir='ltr'><strong>non</strong></span> <span class='ocrx_word' id='word_1_114' title='bbox 1161 1618 1261 1686; x_wconf 70' lang='lat' dir='ltr'><strong>ueni,</strong></span> 
     </span>
     <span class='ocr_line' id='line_1_14' title="bbox 116 1720 1262 1804; baseline 0.001 -21"><span class='ocrx_word' id='word_1_115' title='bbox 116 1722 225 1804; x_wconf 86' lang='lat' dir='ltr'><strong>inquit,</strong></span> <span class='ocrx_word' id='word_1_116' title='bbox 261 1723 391 1787; x_wconf 91' lang='lat' dir='ltr'><strong>iustos</strong></span> <span class='ocrx_word' id='word_1_117' title='bbox 426 1723 564 1787; x_wconf 83' lang='lat' dir='ltr'><strong>saluos</strong></span> <span class='ocrx_word' id='word_1_118' title='bbox 600 1724 745 1798; x_wconf 83' lang='lat' dir='ltr'><strong>iacere,</strong></span> <span class='ocrx_word' id='word_1_119' title='bbox 769 1723 840 1788; x_wconf 91' lang='lat' dir='ltr'><strong>sed</strong></span> <span class='ocrx_word' id='word_1_120' title='bbox 872 1731 1121 1802; x_wconf 77' lang='lat' dir='ltr'><strong>peccatores,</strong></span> <span class='ocrx_word' id='word_1_121' title='bbox 1168 1720 1262 1804; x_wconf 89' lang='lat' dir='ltr'><strong>igitur</strong></span> 
     </span>
     <span class='ocr_line' id='line_1_15' title="bbox 114 1825 1259 1909; baseline 0 -21"><span class='ocrx_word' id='word_1_122' title='bbox 114 1825 216 1907; x_wconf 86' lang='lat' dir='ltr'><strong>gratia</strong></span> <span class='ocrx_word' id='word_1_123' title='bbox 250 1828 385 1909; x_wconf 87' lang='lat' dir='ltr'><strong>gratuita</strong></span> <span class='ocrx_word' id='word_1_124' title='bbox 409 1835 440 1892; x_wconf 89' lang='lat' dir='ltr'><strong>et</strong></span> <span class='ocrx_word' id='word_1_125' title='bbox 464 1828 601 1892; x_wconf 82' lang='lat' dir='ltr'><strong>remissio</strong></span> <span class='ocrx_word' id='word_1_126' title='bbox 635 1839 833 1908; x_wconf 77' lang='lat' dir='ltr'><strong>peecatorum</strong></span> <span class='ocrx_word' id='word_1_127' title='bbox 869 1828 956 1892; x_wconf 86' lang='lat' dir='ltr'><strong>iustis</strong></span> <span class='ocrx_word' id='word_1_128' title='bbox 992 1825 1166 1891; x_wconf 79' lang='lat' dir='ltr'><strong>necessaria</strong></span> <span class='ocrx_word' id='word_1_129' title='bbox 1200 1844 1259 1888; x_wconf 94' lang='lat' dir='ltr'><strong>non</strong></span> 
     </span>
     <span class='ocr_line' id='line_1_16' title="bbox 114 1931 1313 2014; baseline -0.003 -22"><span class='ocrx_word' id='word_1_130' title='bbox 114 1940 170 1995; x_wconf 84' lang='lat' dir='ltr'><strong>ost.</strong></span> <span class='ocrx_word' id='word_1_131' title='bbox 195 1932 248 1994; x_wconf 92' lang='lat' dir='ltr'><strong>sed</strong></span> <span class='ocrx_word' id='word_1_132' title='bbox 280 1932 383 2013; x_wconf 91' lang='lat' dir='ltr'><strong>utique</strong></span> <span class='ocrx_word' id='word_1_133' title='bbox 408 1932 505 2007; x_wconf 84' lang='lat' dir='ltr'><strong>iustis,</strong></span> <span class='ocrx_word' id='word_1_134' title='bbox 530 1933 580 2014; x_wconf 91' lang='lat' dir='ltr'><strong>qui</strong></span> <span class='ocrx_word' id='word_1_135' title='bbox 606 1952 639 1996; x_wconf 91' lang='lat' dir='ltr'><strong>se</strong></span> <span class='ocrx_word' id='word_1_136' title='bbox 662 1933 756 1996; x_wconf 90' lang='lat' dir='ltr'><strong>iustos</strong></span> <span class='ocrx_word' id='word_1_137' title='bbox 781 1939 905 2010; x_wconf 89' lang='lat' dir='ltr'><strong>putant;</strong></span> <span class='ocrx_word' id='word_1_138' title='bbox 929 1950 998 1994; x_wconf 92' lang='lat' dir='ltr'><strong>nam</strong></span> <span class='ocrx_word' id='word_1_139' title='bbox 1020 1950 1093 1994; x_wconf 90' lang='lat' dir='ltr'><strong>uere</strong></span> <span class='ocrx_word' id='word_1_140' title='bbox 1109 1931 1205 1993; x_wconf 88' lang='lat' dir='ltr'><strong>iustus</strong></span> <span class='ocrx_word' id='word_1_141' title='bbox 1222 1948 1260 1993; x_wconf 83' lang='lat' dir='ltr'><strong>er</strong></span> <span class='ocrx_word' id='word_1_142' title='bbox 1290 1953 1313 1989; x_wconf 77' lang='lat' dir='ltr'><strong>a</strong></span> 
     </span>
     <span class='ocr_line' id='line_1_17' title="bbox 114 2032 1258 2118; baseline 0.002 -23"><span class='ocrx_word' id='word_1_143' title='bbox 114 2035 177 2096; x_wconf 88' lang='lat' dir='ltr'><strong>tide</strong></span> <span class='ocrx_word' id='word_1_144' title='bbox 200 2034 283 2098; x_wconf 90' lang='lat' dir='ltr'><strong>uiuit.</strong></span> <span class='ocrx_word' id='word_1_145' title='bbox 329 2036 380 2099; x_wconf 91' lang='lat' dir='ltr'><strong>isti</strong></span> <span class='ocrx_word' id='word_1_146' title='bbox 405 2036 508 2118; x_wconf 89' lang='lat' dir='ltr'><strong>itaque</strong></span> <span class='ocrx_word' id='word_1_147' title='bbox 543 2037 641 2100; x_wconf 86' lang='lat' dir='ltr'><strong>saneti</strong></span> <span class='ocrx_word' id='word_1_148' title='bbox 675 2057 735 2100; x_wconf 94' lang='lat' dir='ltr'><strong>non</strong></span> <span class='ocrx_word' id='word_1_149' title='bbox 770 2036 912 2118; x_wconf 86' lang='lat' dir='ltr'><strong>indigent</strong></span> <span class='ocrx_word' id='word_1_150' title='bbox 942 2035 1090 2098; x_wconf 92' lang='lat' dir='ltr'><strong>bonorum</strong></span> <span class='ocrx_word' id='word_1_151' title='bbox 1122 2032 1177 2096; x_wconf 86' lang='lat' dir='ltr'><strong>filii</strong></span> <span class='ocrx_word' id='word_1_152' title='bbox 1202 2033 1258 2097; x_wconf 89' lang='lat' dir='ltr'><strong>sui.</strong></span> 
     </span>
     <span class='ocr_line' id='line_1_18' title="bbox 113 2137 1261 2224; baseline 0.002 -24"><span class='ocrx_word' id='word_1_153' title='bbox 113 2137 313 2219; x_wconf 84' lang='lat' dir='ltr'><strong>itaqueinsra</strong></span> <span class='ocrx_word' id='word_1_154' title='bbox 332 2141 389 2203; x_wconf 93' lang='lat' dir='ltr'><strong>ait:</strong></span> <span class='ocrx_word' id='word_1_155' title='bbox 414 2160 488 2203; x_wconf 91' lang='lat' dir='ltr'><strong>non</strong></span> <span class='ocrx_word' id='word_1_156' title='bbox 513 2140 777 2224; x_wconf 74' lang='lat' dir='ltr'><strong>congregabo</strong></span> <span class='ocrx_word' id='word_1_157' title='bbox 801 2158 1033 2222; x_wconf 83' lang='lat' dir='ltr'><strong>synagogas</strong></span> <span class='ocrx_word' id='word_1_158' title='bbox 1057 2156 1190 2203; x_wconf 90' lang='lat' dir='ltr'><strong>eorum</strong></span> <span class='ocrx_word' id='word_1_159' title='bbox 1215 2137 1261 2202; x_wconf 90' lang='lat' dir='ltr'><strong>de</strong></span> 
     </span>
     <span class='ocr_line' id='line_1_19' title="bbox 113 2232 1260 2325; baseline -0.002 -20"><span class='ocrx_word' id='word_1_160' title='bbox 113 2244 314 2325; x_wconf 91' lang='lat' dir='ltr'><strong>sanguine</strong></span> <span class='ocrx_word' id='word_1_161' title='bbox 348 2263 440 2309; x_wconf 85' lang='lat' dir='ltr'><strong>meo.</strong></span> <span class='ocrx_word' id='word_1_162' title='bbox 487 2232 547 2309; x_wconf 85' lang='lat' dir='ltr'><strong>uon</strong></span> <span class='ocrx_word' id='word_1_163' title='bbox 572 2250 620 2309; x_wconf 88' lang='lat' dir='ltr'><strong>est</strong></span> <span class='ocrx_word' id='word_1_164' title='bbox 642 2245 723 2309; x_wconf 89' lang='lat' dir='ltr'><strong>enim</strong></span> <span class='ocrx_word' id='word_1_165' title='bbox 760 2242 872 2308; x_wconf 91' lang='lat' dir='ltr'><strong>talibus</strong></span> <span class='ocrx_word' id='word_1_166' title='bbox 903 2243 1074 2325; x_wconf 88' lang='lat' dir='ltr'><strong>redemptio</strong></span> <span class='ocrx_word' id='word_1_167' title='bbox 1106 2262 1160 2321; x_wconf 90' lang='lat' dir='ltr'><strong>per</strong></span> <span class='ocrx_word' id='word_1_168' title='bbox 1190 2260 1260 2304; x_wconf 90' lang='lat' dir='ltr'><strong>san-</strong></span> 
     </span>
     <span class='ocr_line' id='line_1_20' title="bbox 112 2347 1143 2433; baseline 0 -24"><span class='ocrx_word' id='word_1_169' title='bbox 112 2347 238 2429; x_wconf 83' lang='lat' dir='ltr'><strong>guinem</strong></span> <span class='ocrx_word' id='word_1_170' title='bbox 265 2368 367 2412; x_wconf 91' lang='lat' dir='ltr'><strong>meum</strong></span> <span class='ocrx_word' id='word_1_171' title='bbox 391 2349 575 2426; x_wconf 78' lang='lat' dir='ltr'><strong>necessaria,</strong></span> <span class='ocrx_word' id='word_1_172' title='bbox 600 2349 652 2433; x_wconf 90' lang='lat' dir='ltr'><strong>qui</strong></span> <span class='ocrx_word' id='word_1_173' title='bbox 676 2369 709 2414; x_wconf 87' lang='lat' dir='ltr'><strong>se</strong></span> <span class='ocrx_word' id='word_1_174' title='bbox 732 2349 828 2412; x_wconf 89' lang='lat' dir='ltr'><strong>iustos</strong></span> <span class='ocrx_word' id='word_1_175' title='bbox 852 2368 920 2413; x_wconf 89' lang='lat' dir='ltr'><strong>esse</strong></span> <span class='ocrx_word' id='word_1_176' title='bbox 942 2347 1143 2412; x_wconf 89' lang='lat' dir='ltr'><strong>arbitrantur.</strong></span> 
     </span>
    </p>

    <p class='ocr_par' dir='ltr' id='par_1_3' title="bbox 94 2449 1311 4201">
     <span class='ocr_line' id='line_1_21' title="bbox 157 2449 1311 2533; baseline -0.005 -20"><span class='ocrx_word' id='word_1_177' title='bbox 157 2451 186 2513; x_wconf 88' lang='lat'><strong>6.</strong></span> <span class='ocrx_word' id='word_1_178' title='bbox 213 2451 274 2514; x_wconf 86' lang='lat' dir='ltr'><strong>Sed</strong></span> <span class='ocrx_word' id='word_1_179' title='bbox 305 2471 399 2533; x_wconf 88' lang='lat' dir='ltr'><strong>quare</strong></span> <span class='ocrx_word' id='word_1_180' title='bbox 432 2452 490 2516; x_wconf 89' lang='lat' dir='ltr'><strong>ait:</strong></span> <span class='ocrx_word' id='word_1_181' title='bbox 526 2453 606 2533; x_wconf 90' lang='lat' dir='ltr'><strong>ipsi</strong></span> <span class='ocrx_word' id='word_1_182' title='bbox 641 2453 765 2516; x_wconf 90' lang='lat' dir='ltr'><strong>miras</strong></span> <span class='ocrx_word' id='word_1_183' title='bbox 799 2450 988 2516; x_wconf 77' lang='lat' dir='ltr'><strong>feserunt</strong></span> <span class='ocrx_word' id='word_1_184' title='bbox 1020 2449 1259 2515; x_wconf 82' lang='lat' dir='ltr'><strong>uoluntates</strong></span> <span class='ocrx_word' id='word_1_185' title='bbox 1286 2470 1311 2506; x_wconf 79' lang='lat' dir='ltr'><strong>ao</strong></span> 
     </span>
     <span class='ocr_line' id='line_1_22' title="bbox 112 2554 1258 2636; baseline -0.001 -20"><span class='ocrx_word' id='word_1_186' title='bbox 112 2562 204 2618; x_wconf 90' lang='lat' dir='ltr'><strong>tuas</strong></span> <span class='ocrx_word' id='word_1_187' title='bbox 227 2554 265 2618; x_wconf 92' lang='lat' dir='ltr'><strong>in</strong></span> <span class='ocrx_word' id='word_1_188' title='bbox 289 2575 345 2632; x_wconf 87' lang='lat' dir='ltr'><strong>se;</strong></span> <span class='ocrx_word' id='word_1_189' title='bbox 382 2554 668 2636; x_wconf 78' lang='lat' dir='ltr'><strong>multiplicata</strong></span> <span class='ocrx_word' id='word_1_190' title='bbox 692 2567 784 2620; x_wconf 90' lang='lat' dir='ltr'><strong>sunt</strong></span> <span class='ocrx_word' id='word_1_191' title='bbox 807 2555 1085 2619; x_wconf 79' lang='lat' dir='ltr'><strong>infirmitates</strong></span> <span class='ocrx_word' id='word_1_192' title='bbox 1110 2567 1258 2618; x_wconf 87' lang='lat' dir='ltr'><strong>eornm:</strong></span> 
     </span>
     <span class='ocr_line' id='line_1_23' title="bbox 107 2655 1258 2741; baseline -0.002 -20"><span class='ocrx_word' id='word_1_193' title='bbox 107 2666 204 2741; x_wconf 92' lang='lat' dir='ltr'><strong>post</strong></span> <span class='ocrx_word' id='word_1_194' title='bbox 228 2658 307 2723; x_wconf 67' lang='lat' dir='ltr'><strong>baie</strong></span> <span class='ocrx_word' id='word_1_195' title='bbox 331 2660 702 2726; x_wconf 77' lang='lat' dir='ltr'><strong>ateoelerauerunt‘?</strong></span> <span class='ocrx_word' id='word_1_196' title='bbox 747 2667 857 2724; x_wconf 88' lang='lat' dir='ltr'><strong>traotat</strong></span> <span class='ocrx_word' id='word_1_197' title='bbox 879 2658 962 2724; x_wconf 86' lang='lat' dir='ltr'><strong>huno</strong></span> <span class='ocrx_word' id='word_1_198' title='bbox 986 2659 1086 2724; x_wconf 82' lang='lat' dir='ltr'><strong>locum</strong></span> <span class='ocrx_word' id='word_1_199' title='bbox 1102 2655 1258 2737; x_wconf 84' lang='lat' dir='ltr'><strong>apostolus</strong></span> 
     </span>
     <span class='ocr_line' id='line_1_24' title="bbox 105 2743 1259 2849; baseline 0.001 -23"><span class='ocrx_word' id='word_1_200' title='bbox 105 2762 292 2841; x_wconf 86' lang='lat' dir='ltr'><strong>plenissime</strong></span> <span class='ocrx_word' id='word_1_201' title='bbox 317 2765 356 2828; x_wconf 92' lang='lat' dir='ltr'><strong>ad</strong></span> <span class='ocrx_word' id='word_1_202' title='bbox 382 2764 545 2843; x_wconf 78' lang='lat' dir='ltr'><strong>Romanos,</strong></span> <span class='ocrx_word' id='word_1_203' title='bbox 582 2767 685 2849; x_wconf 85' lang='lat' dir='ltr'><strong>qnod</strong></span> <span class='ocrx_word' id='word_1_204' title='bbox 719 2763 781 2829; x_wconf 84' lang='lat' dir='ltr'><strong>lex</strong></span> <span class='ocrx_word' id='word_1_205' title='bbox 814 2765 1015 2837; x_wconf 79' lang='lat' dir='ltr'><strong>introiuit,</strong></span> <span class='ocrx_word' id='word_1_206' title='bbox 1037 2743 1090 2827; x_wconf 59' lang='lat' dir='ltr'><strong>&#39;ut</strong></span> <span class='ocrx_word' id='word_1_207' title='bbox 1120 2762 1259 2843; x_wconf 90' lang='lat' dir='ltr'><strong>ampli·</strong></span> 
     </span>
     <span class='ocr_line' id='line_1_25' title="bbox 100 2867 1258 2952; baseline 0.003 -24"><span class='ocrx_word' id='word_1_208' title='bbox 100 2867 317 2932; x_wconf 79' lang='lat' dir='ltr'><strong>ficeretur</strong></span> <span class='ocrx_word' id='word_1_209' title='bbox 348 2878 568 2949; x_wconf 84' lang='lat' dir='ltr'><strong>peceatum.</strong></span> <span class='ocrx_word' id='word_1_210' title='bbox 614 2870 679 2933; x_wconf 93' lang='lat' dir='ltr'><strong>ubi</strong></span> <span class='ocrx_word' id='word_1_211' title='bbox 704 2868 1006 2952; x_wconf 83' lang='lat' dir='ltr'><strong>amplificatum</strong></span> <span class='ocrx_word' id='word_1_212' title='bbox 1031 2874 1092 2932; x_wconf 90' lang='lat' dir='ltr'><strong>est</strong></span> <span class='ocrx_word' id='word_1_213' title='bbox 1122 2886 1258 2947; x_wconf 88' lang='lat' dir='ltr'><strong>peooa·</strong></span> 
     </span>
     <span class='ocr_line' id='line_1_26' title="bbox 100 2971 1311 3055; baseline 0 -21"><span class='ocrx_word' id='word_1_214' title='bbox 100 2976 201 3045; x_wconf 85' lang='lat' dir='ltr'><strong>tum,</strong></span> <span class='ocrx_word' id='word_1_215' title='bbox 232 2972 288 3035; x_wconf 93' lang='lat' dir='ltr'><strong>ibi</strong></span> <span class='ocrx_word' id='word_1_216' title='bbox 320 2974 456 3055; x_wconf 90' lang='lat' dir='ltr'><strong>gratia</strong></span> <span class='ocrx_word' id='word_1_217' title='bbox 485 2973 717 3038; x_wconf 91' lang='lat' dir='ltr'><strong>abundauit.</strong></span> <span class='ocrx_word' id='word_1_218' title='bbox 764 2986 928 3055; x_wconf 90' lang='lat' dir='ltr'><strong>postquam</strong></span> <span class='ocrx_word' id='word_1_219' title='bbox 952 2972 1035 3036; x_wconf 87' lang='lat' dir='ltr'><strong>euim</strong></span> <span class='ocrx_word' id='word_1_220' title='bbox 1058 2971 1258 3052; x_wconf 89' lang='lat' dir='ltr'><strong>repudiantes</strong></span> <span class='ocrx_word' id='word_1_221' title='bbox 1286 2989 1311 3025; x_wconf 75' lang='lat' dir='ltr'><strong>a</strong></span> 
     </span>
     <span class='ocr_line' id='line_1_27' title="bbox 95 3074 1257 3160; baseline 0.001 -21"><span class='ocrx_word' id='word_1_222' title='bbox 95 3074 243 3160; x_wconf 78' lang='lat' dir='ltr'><strong>gratiam</strong></span> <span class='ocrx_word' id='word_1_223' title='bbox 268 3077 316 3139; x_wconf 91' lang='lat' dir='ltr'><strong>dei</strong></span> <span class='ocrx_word' id='word_1_224' title='bbox 340 3077 456 3141; x_wconf 89' lang='lat' dir='ltr'><strong>inuenti</strong></span> <span class='ocrx_word' id='word_1_225' title='bbox 481 3079 605 3141; x_wconf 90' lang='lat' dir='ltr'><strong>suntin</strong></span> <span class='ocrx_word' id='word_1_226' title='bbox 630 3077 773 3158; x_wconf 91' lang='lat' dir='ltr'><strong>operibus</strong></span> <span class='ocrx_word' id='word_1_227' title='bbox 798 3077 885 3159; x_wconf 82' lang='lat' dir='ltr'><strong>legis,</strong></span> <span class='ocrx_word' id='word_1_228' title='bbox 917 3075 1049 3140; x_wconf 90' lang='lat' dir='ltr'><strong>infirmis</strong></span> <span class='ocrx_word' id='word_1_229' title='bbox 1073 3074 1153 3139; x_wconf 88' lang='lat' dir='ltr'><strong>mira</strong></span> <span class='ocrx_word' id='word_1_230' title='bbox 1176 3075 1257 3140; x_wconf 82' lang='lat' dir='ltr'><strong>faeta</strong></span> 
     </span>
     <span class='ocr_line' id='line_1_28' title="bbox 94 3178 1257 3265; baseline -0.001 -21"><span class='ocrx_word' id='word_1_231' title='bbox 94 3185 156 3244; x_wconf 75' lang='lat' dir='ltr'><strong>est</strong></span> <span class='ocrx_word' id='word_1_232' title='bbox 181 3178 323 3244; x_wconf 92' lang='lat' dir='ltr'><strong>uoluntas</strong></span> <span class='ocrx_word' id='word_1_233' title='bbox 347 3181 405 3253; x_wconf 83' lang='lat' dir='ltr'><strong>dei,</strong></span> <span class='ocrx_word' id='word_1_234' title='bbox 440 3201 500 3263; x_wconf 86' lang='lat' dir='ltr'><strong>qna</strong></span> <span class='ocrx_word' id='word_1_235' title='bbox 531 3182 569 3245; x_wconf 92' lang='lat' dir='ltr'><strong>ad</strong></span> <span class='ocrx_word' id='word_1_236' title='bbox 601 3182 734 3265; x_wconf 88' lang='lat' dir='ltr'><strong>gratiam</strong></span> <span class='ocrx_word' id='word_1_237' title='bbox 759 3201 844 3246; x_wconf 90' lang='lat' dir='ltr'><strong>suam</strong></span> <span class='ocrx_word' id='word_1_238' title='bbox 871 3181 1055 3260; x_wconf 81' lang='lat' dir='ltr'><strong>prouocabat</strong></span> <span class='ocrx_word' id='word_1_239' title='bbox 1079 3199 1145 3243; x_wconf 89' lang='lat' dir='ltr'><strong>eos.</strong></span> <span class='ocrx_word' id='word_1_240' title='bbox 1191 3179 1257 3262; x_wconf 91' lang='lat' dir='ltr'><strong>qui-</strong></span> 
     </span>
     <span class='ocr_line' id='line_1_29' title="bbox 95 3282 1257 3368; baseline -0.003 -20"><span class='ocrx_word' id='word_1_241' title='bbox 95 3303 243 3366; x_wconf 79' lang='lat' dir='ltr'><strong>cumque</strong></span> <span class='ocrx_word' id='word_1_242' title='bbox 268 3303 343 3366; x_wconf 89' lang='lat' dir='ltr'><strong>ergo</strong></span> <span class='ocrx_word' id='word_1_243' title='bbox 366 3283 432 3348; x_wconf 93' lang='lat' dir='ltr'><strong>nult</strong></span> <span class='ocrx_word' id='word_1_244' title='bbox 455 3283 559 3349; x_wconf 90' lang='lat' dir='ltr'><strong>saluus</strong></span> <span class='ocrx_word' id='word_1_245' title='bbox 583 3304 660 3357; x_wconf 81' lang='lat' dir='ltr'><strong>esse,</strong></span> <span class='ocrx_word' id='word_1_246' title='bbox 695 3291 815 3367; x_wconf 92' lang='lat' dir='ltr'><strong>oportet</strong></span> <span class='ocrx_word' id='word_1_247' title='bbox 847 3292 880 3349; x_wconf 92' lang='lat' dir='ltr'><strong>ut</strong></span> <span class='ocrx_word' id='word_1_248' title='bbox 914 3285 1015 3368; x_wconf 84' lang='lat' dir='ltr'><strong>gratia</strong></span> <span class='ocrx_word' id='word_1_249' title='bbox 1049 3284 1098 3348; x_wconf 86' lang='lat' dir='ltr'><strong>dei</strong></span> <span class='ocrx_word' id='word_1_250' title='bbox 1133 3282 1257 3348; x_wconf 89' lang='lat' dir='ltr'><strong>liberari</strong></span> 
     </span>
     <span class='ocr_line' id='line_1_30' title="bbox 98 3386 1259 3470; baseline -0.002 -18"><span class='ocrx_word' id='word_1_251' title='bbox 98 3386 194 3452; x_wconf 88' lang='lat' dir='ltr'><strong>uelit.</strong></span> <span class='ocrx_word' id='word_1_252' title='bbox 256 3387 359 3470; x_wconf 87' lang='lat' dir='ltr'><strong>itaque</strong></span> <span class='ocrx_word' id='word_1_253' title='bbox 399 3388 476 3453; x_wconf 90' lang='lat' dir='ltr'><strong>bene</strong></span> <span class='ocrx_word' id='word_1_254' title='bbox 516 3388 653 3468; x_wconf 91' lang='lat' dir='ltr'><strong>psalmus</strong></span> <span class='ocrx_word' id='word_1_255' title='bbox 691 3389 747 3453; x_wconf 89' lang='lat' dir='ltr'><strong>ait:</strong></span> <span class='ocrx_word' id='word_1_256' title='bbox 787 3389 866 3468; x_wconf 88' lang='lat' dir='ltr'><strong>ipsi</strong></span> <span class='ocrx_word' id='word_1_257' title='bbox 904 3389 1028 3454; x_wconf 90' lang='lat' dir='ltr'><strong>miras</strong></span> <span class='ocrx_word' id='word_1_258' title='bbox 1067 3388 1259 3453; x_wconf 83' lang='lat' dir='ltr'><strong>feserunt</strong></span> 
     </span>
     <span class='ocr_line' id='line_1_31' title="bbox 101 3490 1311 3572; baseline 0 -18"><span class='ocrx_word' id='word_1_259' title='bbox 101 3491 344 3557; x_wconf 83' lang='lat' dir='ltr'><strong>uoluntates</strong></span> <span class='ocrx_word' id='word_1_260' title='bbox 368 3504 458 3557; x_wconf 89' lang='lat' dir='ltr'><strong>tuas</strong></span> <span class='ocrx_word' id='word_1_261' title='bbox 482 3494 520 3557; x_wconf 92' lang='lat' dir='ltr'><strong>in</strong></span> <span class='ocrx_word' id='word_1_262' title='bbox 544 3514 601 3568; x_wconf 90' lang='lat' dir='ltr'><strong>se;</strong></span> <span class='ocrx_word' id='word_1_263' title='bbox 633 3492 922 3572; x_wconf 76' lang='lat' dir='ltr'><strong>multiplicata</strong></span> <span class='ocrx_word' id='word_1_264' title='bbox 957 3500 1049 3558; x_wconf 88' lang='lat' dir='ltr'><strong>sunt</strong></span> <span class='ocrx_word' id='word_1_265' title='bbox 1082 3490 1256 3557; x_wconf 86' lang='lat' dir='ltr'><strong>infirmi·</strong></span> <span class='ocrx_word' id='word_1_266' title='bbox 1284 3507 1311 3545; x_wconf 75' lang='lat'><strong>³⁰</strong></span> 
     </span>
     <span class='ocr_line' id='line_1_32' title="bbox 101 3590 1255 3676; baseline -0.002 -15"><span class='ocrx_word' id='word_1_267' title='bbox 101 3590 219 3661; x_wconf 82' lang='lat' dir='ltr'><strong>tates</strong></span> <span class='ocrx_word' id='word_1_268' title='bbox 253 3617 406 3660; x_wconf 90' lang='lat' dir='ltr'><strong>eorum:</strong></span> <span class='ocrx_word' id='word_1_269' title='bbox 441 3604 534 3676; x_wconf 93' lang='lat' dir='ltr'><strong>post</strong></span> <span class='ocrx_word' id='word_1_270' title='bbox 568 3597 649 3663; x_wconf 84' lang='lat' dir='ltr'><strong>haee</strong></span> <span class='ocrx_word' id='word_1_271' title='bbox 683 3597 1031 3662; x_wconf 78' lang='lat' dir='ltr'><strong>acceleranorunt.</strong></span> <span class='ocrx_word' id='word_1_272' title='bbox 1078 3618 1149 3662; x_wconf 87' lang='lat' dir='ltr'><strong>oum</strong></span> <span class='ocrx_word' id='word_1_273' title='bbox 1173 3595 1255 3660; x_wconf 84' lang='lat' dir='ltr'><strong>enim</strong></span> 
     </span>
     <span class='ocr_line' id='line_1_33' title="bbox 106 3699 1256 3784; baseline 0.001 -19"><span class='ocrx_word' id='word_1_274' title='bbox 106 3699 319 3780; x_wconf 75' lang='lat' dir='ltr'><strong>multiplicata</strong></span> <span class='ocrx_word' id='word_1_275' title='bbox 343 3710 413 3764; x_wconf 91' lang='lat' dir='ltr'><strong>sunt</strong></span> <span class='ocrx_word' id='word_1_276' title='bbox 437 3701 636 3766; x_wconf 89' lang='lat' dir='ltr'><strong>infirmitates</strong></span> <span class='ocrx_word' id='word_1_277' title='bbox 667 3721 780 3775; x_wconf 83' lang='lat' dir='ltr'><strong>eorum,</strong></span> <span class='ocrx_word' id='word_1_278' title='bbox 815 3701 923 3784; x_wconf 88' lang='lat' dir='ltr'><strong>quise</strong></span> <span class='ocrx_word' id='word_1_279' title='bbox 948 3702 978 3765; x_wconf 91' lang='lat' dir='ltr'><strong>in</strong></span> <span class='ocrx_word' id='word_1_280' title='bbox 1002 3702 1145 3782; x_wconf 91' lang='lat' dir='ltr'><strong>operibus</strong></span> <span class='ocrx_word' id='word_1_281' title='bbox 1169 3701 1256 3766; x_wconf 92' lang='lat' dir='ltr'><strong>iusti-</strong></span> 
     </span>
     <span class='ocr_line' id='line_1_34' title="bbox 106 3803 1257 3889; baseline 0.002 -21"><span class='ocrx_word' id='word_1_282' title='bbox 106 3805 196 3870; x_wconf 82' lang='lat' dir='ltr'><strong>ficari</strong></span> <span class='ocrx_word' id='word_1_283' title='bbox 220 3803 370 3873; x_wconf 86' lang='lat' dir='ltr'><strong>uolebant.</strong></span> <span class='ocrx_word' id='word_1_284' title='bbox 405 3805 491 3869; x_wconf 71' lang='lat' dir='ltr'><strong>mirae</strong></span> <span class='ocrx_word' id='word_1_285' title='bbox 515 3805 604 3870; x_wconf 77' lang='lat' dir='ltr'><strong>fauts</strong></span> <span class='ocrx_word' id='word_1_286' title='bbox 628 3811 700 3871; x_wconf 90' lang='lat' dir='ltr'><strong>sunt</strong></span> <span class='ocrx_word' id='word_1_287' title='bbox 722 3805 895 3870; x_wconf 89' lang='lat' dir='ltr'><strong>uoluntates</strong></span> <span class='ocrx_word' id='word_1_288' title='bbox 919 3807 978 3874; x_wconf 84' lang='lat' dir='ltr'><strong>dei.</strong></span> <span class='ocrx_word' id='word_1_289' title='bbox 1002 3826 1074 3889; x_wconf 85' lang='lat' dir='ltr'><strong>quae</strong></span> <span class='ocrx_word' id='word_1_290' title='bbox 1098 3806 1136 3869; x_wconf 90' lang='lat' dir='ltr'><strong>ad</strong></span> <span class='ocrx_word' id='word_1_291' title='bbox 1160 3803 1257 3870; x_wconf 89' lang='lat' dir='ltr'><strong>fidem</strong></span> 
     </span>
     <span class='ocr_line' id='line_1_35' title="bbox 108 3908 1258 3994; baseline 0.002 -23"><span class='ocrx_word' id='word_1_292' title='bbox 108 3909 217 3992; x_wconf 66' lang='lat' dir='ltr'><strong>gratiae</strong></span> <span class='ocrx_word' id='word_1_293' title='bbox 240 3908 403 3973; x_wconf 88' lang='lat' dir='ltr'><strong>uooabant.</strong></span> <span class='ocrx_word' id='word_1_294' title='bbox 451 3909 559 3974; x_wconf 89' lang='lat' dir='ltr'><strong>horum</strong></span> <span class='ocrx_word' id='word_1_295' title='bbox 583 3910 678 3992; x_wconf 89' lang='lat' dir='ltr'><strong>igitur</strong></span> <span class='ocrx_word' id='word_1_296' title='bbox 700 3929 885 3993; x_wconf 81' lang='lat' dir='ltr'><strong>synagogas,</strong></span> <span class='ocrx_word' id='word_1_297' title='bbox 916 3910 966 3983; x_wconf 76' lang='lat' dir='ltr'><strong>ait,</strong></span> <span class='ocrx_word' id='word_1_298' title='bbox 991 3930 1051 3973; x_wconf 93' lang='lat' dir='ltr'><strong>non</strong></span> <span class='ocrx_word' id='word_1_299' title='bbox 1075 3909 1258 3994; x_wconf 81' lang='lat' dir='ltr'><strong>aggregabo</strong></span> 
     </span>
     <span class='ocr_line' id='line_1_36' title="bbox 107 3997 1310 4096; baseline 0.002 -20"><span class='ocrx_word' id='word_1_300' title='bbox 107 4014 145 4076; x_wconf 91' lang='lat' dir='ltr'><strong>de</strong></span> <span class='ocrx_word' id='word_1_301' title='bbox 169 4012 321 4094; x_wconf 86' lang='lat' dir='ltr'><strong>sanguine</strong></span> <span class='ocrx_word' id='word_1_302' title='bbox 347 4034 423 4088; x_wconf 81' lang='lat' dir='ltr'><strong>meo,</strong></span> <span class='ocrx_word' id='word_1_303' title='bbox 448 4014 480 4077; x_wconf 94' lang='lat' dir='ltr'><strong>id</strong></span> <span class='ocrx_word' id='word_1_304' title='bbox 504 4021 632 4079; x_wconf 87' lang='lat' dir='ltr'><strong>estnon</strong></span> <span class='ocrx_word' id='word_1_305' title='bbox 659 4014 807 4078; x_wconf 90' lang='lat' dir='ltr'><strong>redimam</strong></span> <span class='ocrx_word' id='word_1_306' title='bbox 833 4034 896 4088; x_wconf 89' lang='lat' dir='ltr'><strong>eos,</strong></span> <span class='ocrx_word' id='word_1_307' title='bbox 927 4015 978 4096; x_wconf 89' lang='lat' dir='ltr'><strong>qui</strong></span> <span class='ocrx_word' id='word_1_308' title='bbox 1011 3997 1310 4094; x_wconf 76' lang='lat' dir='ltr'><strong>redemptionom³⁶</strong></span> 
     </span>
     <span class='ocr_line' id='line_1_37' title="bbox 109 4117 1257 4201; baseline 0.003 -21"><span class='ocrx_word' id='word_1_309' title='bbox 109 4137 185 4180; x_wconf 83' lang='lat' dir='ltr'><strong>meae</strong></span> <span class='ocrx_word' id='word_1_310' title='bbox 202 4117 311 4198; x_wconf 74' lang='lat' dir='ltr'><strong>gratiae</strong></span> <span class='ocrx_word' id='word_1_311' title='bbox 328 4138 386 4181; x_wconf 94' lang='lat' dir='ltr'><strong>non</strong></span> <span class='ocrx_word' id='word_1_312' title='bbox 401 4119 573 4201; x_wconf 89' lang='lat' dir='ltr'><strong>requirunt.</strong></span> <span class='ocrx_word' id='word_1_313' title='bbox 605 4138 675 4182; x_wconf 85' lang='lat' dir='ltr'><strong>nee</strong></span> <span class='ocrx_word' id='word_1_314' title='bbox 700 4119 959 4193; x_wconf 82' lang='lat' dir='ltr'><strong>memorabor,</strong></span> <span class='ocrx_word' id='word_1_315' title='bbox 975 4119 1082 4200; x_wconf 86' lang='lat' dir='ltr'><strong>inquit,</strong></span> <span class='ocrx_word' id='word_1_316' title='bbox 1098 4119 1257 4183; x_wconf 89' lang='lat' dir='ltr'><strong>nomina</strong></span> 
     </span>
    </p>
   </div>
   <div class='ocr_carea' id='block_1_3' title="bbox 152 4257 1100 4416">
    <p class='ocr_par' dir='ltr' id='par_1_4' title="bbox 152 4257 1100 4416">
     <span class='ocr_line' id='line_1_38' title="bbox 152 4257 881 4325; baseline 0.001 -16"><span class='ocrx_word' id='word_1_317' title='bbox 152 4258 169 4309; x_wconf 86' lang='lat'>5</span> <span class='ocrx_word' id='word_1_318' title='bbox 187 4260 239 4324; x_wconf 78' lang='lat' dir='ltr'><strong>gia</strong></span> <span class='ocrx_word' id='word_1_319' title='bbox 256 4257 380 4325; x_wconf 84' lang='lat' dir='ltr'><strong>gratuita</strong></span> <span class='ocrx_word' id='word_1_320' title='bbox 437 4261 465 4311; x_wconf 93' lang='lat' dir='ltr'><strong>ll</strong></span> <span class='ocrx_word' id='word_1_321' title='bbox 487 4257 567 4325; x_wconf 87' lang='lat' dir='ltr'><strong>quib;</strong></span> <span class='ocrx_word' id='word_1_322' title='bbox 621 4260 655 4310; x_wconf 73' lang='grc'><strong>22</strong></span> <span class='ocrx_word' id='word_1_323' title='bbox 674 4265 881 4311; x_wconf 85' lang='lat' dir='ltr'><strong>aoeerauerunt.</strong></span> 
     </span>
     <span class='ocr_line' id='line_1_39' title="bbox 1046 4365 1100 4416; baseline 0 0"><span class='ocrx_word' id='word_1_324' title='bbox 1046 4365 1100 4416; x_wconf 77' lang='grc'><strong>56*</strong></span> 
     </span>
    </p>
   </div>
   <div class='ocr_carea' id='block_1_4' title="bbox 0 0 1400 4844">
    <p class='ocr_par' dir='ltr' id='par_1_5' title="bbox 0 0 1400 4844">
     <span class='ocr_line' id='line_1_40' title="bbox 0 0 1400 4844; baseline 0 1"><span class='ocrx_word' id='word_1_325' title='bbox 0 0 1400 4844; x_wconf 95' lang='lat' dir='ltr'><strong> </strong></span> 
     </span>
    </p>
   </div>
  </div>
 </body>
</html>
