2790 4844
310 283 492 333 tractatus
511 280 546 332 in
568 281 741 348 psalmum
760 281 839 335 CXL.
1078 281 1141 348 793

78 468 207 534 meabile
239 476 286 534 est
316 507 356 515 —
388 470 444 534 sed
479 475 511 533 nt
544 469 755 536 excusationes
789 490 979 536 excusemus.
1024 472 1141 537 crimen

78 573 199 638 tcaedis
230 579 321 656 atque
345 573 486 638 adulterii
509 579 540 638 et
563 572 668 637 talium
703 580 877 639 ceterorum
909 595 966 657 per
999 581 1140 640 naturam

78 677 332 760 sindignitatem
356 677 429 742 lacti
452 676 659 742 inexcusabile
692 686 747 742 est.
792 680 848 743 sed
880 680 932 762 qui
962 679 992 742 in
1017 700 1053 744 eo
1084 680 1142 745 erit

79 780 220 857 ehensus
237 781 409 846 condicet:
434 780 619 846 adulterium
636 787 688 846 aut
702 782 804 847 caedes
820 803 880 847 non
897 781 993 848 babet
1014 785 1141 861 crimen,

78 886 174 950 dicet:
204 883 316 950 mulier
346 887 517 966 inportuna,
547 885 751 963 incontinens,
781 885 987 976 adblandiens
1017 886 1142 968 pellexit
1167 917 1180 953 s
1252 952 1255 965 ,

78 988 292 1070 tuoluptatem
316 989 426 1074 coegit.
472 988 520 1054 uel
552 988 629 1054 alius
659 988 709 1054 ille
732 991 828 1055 dicet:
863 991 1012 1056 conuiciis
1046 992 1142 1056 mouit

78 1093 229 1169 ,iniuriis
252 1093 382 1156 armauit
412 1092 560 1167 dolorem,
591 1111 681 1158 casus
712 1093 772 1158 litis
795 1094 912 1159 caedem
934 1095 1065 1179 peregit.
1105 1096 1141 1160 'in

90 1197 185 1261 uerba
207 1215 260 1261 cor
290 1216 368 1272 sese,
399 1205 564 1279 postquam
591 1197 630 1260 ab
653 1217 690 1260 eo
713 1204 874 1277 peccatum
908 1203 963 1276 est,
998 1197 1141 1276 declinat,

78 1301 256 1366 :cusationes
271 1301 398 1381 pcccati,
415 1301 496 1383 quod
513 1301 648 1377 admisit,
667 1307 800 1367 excuset.
838 1322 889 1367 cor
905 1308 1006 1366 autem
1022 1308 1141 1367 rectum

78 1426 90 1468 e
116 1425 225 1484 purum
248 1405 280 1468 in
302 1405 398 1470 uerba
421 1404 652 1469 excusationum
682 1426 743 1470 non
774 1406 917 1484 declinat,
948 1408 1004 1471 sed
1035 1414 1143 1472 manet
1169 1434 1194 1471 ιο

78 1508 180 1572 latum
203 1515 296 1591 atque
319 1522 463 1573 constans
486 1509 553 1573 sine
577 1508 781 1575 sollicitudine
799 1511 972 1593 uerborum
986 1512 1026 1575 ad
1050 1531 1140 1576 excu-

78 1632 112 1676 as
136 1613 348 1677 excusationes
373 1613 619 1696 quaerendorum,
643 1633 713 1678 cum
736 1614 809 1678 uitae
830 1614 1005 1679 innocentia
1024 1615 1142 1699 peccati

78 1717 195 1781 satione
225 1737 285 1780 uon
317 1724 417 1800 egeat.
462 1724 493 1781 et
524 1715 592 1782 haec
615 1717 741 1801 quidem
764 1717 795 1782 in
819 1717 1026 1799 corporalibus
1049 1719 1142 1784 rebus

78 1827 142 1885 unt.
187 1821 219 1884 in
250 1819 300 1884 his
328 1840 407 1898 uero,
438 1840 508 1904 quae
539 1819 688 1901 spiritalia
718 1822 940 1899 existimantur,
970 1821 1002 1887 id
1033 1830 1080 1887 est
1109 1825 1141 1888 in

78 1944 151 1989 sees
175 1925 325 2002 doctrina,
347 1924 528 1990 incredibile
558 1932 605 1991 est
634 1945 694 2008 quo
729 1926 830 1991 cordis
852 1926 964 2004 labore,
989 1946 1050 2010 qua
1071 1946 1140 1992 uer·
1170 1956 1194 1993 n

78 2048 107 2092 m
142 2028 346 2112 exquisitione
381 2029 594 2094 excusationes
627 2049 698 2094 suas
734 2029 872 2095 haerelici
907 2038 1063 2095 excusent.
1109 2031 1141 2095 in

89 2133 193 2197 omnia
216 2153 256 2198 ne
278 2132 450 2198 declinetur
483 2152 536 2198 cor
570 2153 667 2212 suum,
703 2134 799 2199 iustus
834 2135 978 2215 exposcit,
1017 2156 1055 2200 ne
1086 2155 1141 2215 per

78 2236 247 2301 declinati
271 2237 371 2301 cordis
394 2238 433 2300 ad
457 2239 648 2302 excusandas
681 2237 893 2303 excusationes
924 2239 1141 2303 necessitatem
1160 2265 1163 2275 ·

92 2339 197 2406 electis
221 2360 328 2405 eorum
352 2340 541 2405 conbinetur.

95 2443 142 2508 Ilt
176 2465 251 2509 non
286 2444 524 2522 conbinabo,
559 2445 666 2528 inquit,
701 2464 785 2510 cum
817 2444 963 2511 electis
995 2466 1138 2511 eorum.
1167 2475 1192 2513 eo

78 2547 156 2612 lnan
182 2568 252 2613 cum
276 2548 381 2614 electis
404 2549 577 2632 iniquorum
613 2568 674 2612 non
703 2548 769 2616 uult
797 2549 955 2631 propheta
1000 2549 1141 2615 meminit

78 2670 265 2718 inumerum
291 2651 373 2717 bunc
395 2653 489 2717 rebus
512 2653 668 2717 inmundis
692 2654 880 2733 deputatum,
911 2673 980 2718 cum
1010 2655 1050 2718 ad
1072 2653 1141 2719 Noe

78 2756 265 2821 econdendis
288 2757 320 2820 in
348 2776 420 2821 arca
450 2755 635 2821 animalibus
665 2757 858 2823 constituitur
887 2765 1091 2838 praeceptum:
1122 2778 1141 2822 a

83 2860 219 2924 oribus
250 2866 383 2927 autem
416 2861 577 2925 mundis
610 2861 780 2926 induces
803 2863 849 2927 ad
874 2868 1080 2942 teseptem
1103 2867 1142 2927 et

83 2969 153 3028 tem
178 2973 215 3028 et
238 2986 256 3029 a
278 2965 498 3045 pecoribus
530 2964 735 3030 inmundis
766 2965 859 3029 bina
886 2973 924 3030 ct
946 2966 1047 3030 bina.
1094 2971 1141 3030 est
1168 2992 1193 3030 ce

78 3067 151 3132 taius
175 3067 278 3134 adbuc
300 3077 330 3133 et
353 3067 522 3133 absolutius
544 3067 658 3133 inutilis
689 3067 778 3133 buius
808 3069 926 3133 numeri
958 3069 1140 3144 exemplum.

78 3168 140 3237 inus
164 3173 248 3238 enim
261 3179 366 3238 noster
382 3172 470 3238 lesus
483 3171 622 3237 Obristus
638 3193 746 3237 omnes
762 3172 962 3238 inmunditias
978 3181 1098 3238 nostras
1110 3180 1141 3239 et

78 3280 124 3339 ata
135 3277 279 3341 auferens
299 3276 400 3341 fecit
415 3278 586 3341 secundum
599 3275 767 3357 apostolum
784 3281 916 3341 utrum
926 3296 999 3360 que
1014 3297 1141 3355 unum,

78 3381 220 3444 ecundum
244 3381 386 3456 eundem,
418 3387 450 3445 ut
472 3381 548 3444 duos
572 3381 718 3445 conderet
740 3380 771 3444 in
795 3401 829 3445 se
852 3380 883 3445 in
907 3401 1002 3445 unum
1025 3401 1140 3446 nonum

78 3533 159 3590 lGen.
177 3536 237 3604 Vll,
256 3539 280 3589 2.
316 3539 351 3589 28
369 3536 469 3604 Ephes.
488 3537 522 3603 II,
543 3539 581 3590 14.
617 3540 652 3590 29
670 3536 738 3591 lbid.
760 3538 798 3590 15.

82 3680 105 3727 et
133 3675 231 3728 talium
263 3691 312 3742 per
341 3680 469 3727 naturam
500 3680 654 3728 ceterorum
685 3675 711 3727 lt
774 3677 792 3727 4
815 3674 1003 3743 deprehensus
1034 3676 1088 3728 erit
1115 3676 1144 3727 E

78 3757 93 3812 'tt
110 3780 138 3814 cs
156 3761 254 3815 caedes
273 3780 305 3813 m.
324 3760 343 3812 3
362 3762 387 3813 R
440 3763 456 3812 9
475 3766 506 3814 ut
522 3760 818 3814 excusationesBened.
835 3763 861 3813 in
874 3760 1058 3832 adn.os.enpr.
1069 3762 1141 3815 ital

78 3847 104 3900 ir.
122 3851 165 3902 lin.
186 3851 221 3902 Id
240 3853 271 3901 ut
290 3848 467 3901 excusatione
487 3848 512 3900 R
530 3852 562 3901 ut
579 3864 629 3916 per
647 3848 838 3901 excusationes
856 3848 885 3900 E
936 3864 965 3902 ee
984 3854 1098 3902 excuset
1115 3850 1144 3902 E

78 3936 197 3989 nnumin
216 3953 266 3989 uer
284 3933 333 4001 (itt
346 3935 371 3986 G
389 3952 489 4003 purum
508 3935 537 3987 in
557 3935 624 3988 haec
636 3935 786 3988 uerbaRE
839 3938 869 3988 ll
889 3936 1101 3989 constantissise
1116 3936 1142 3989 G

78 4023 317 4076 nnetautimimum
343 4020 433 4087 cinei)
489 4024 521 4075 14
539 4022 567 4073 in
592 4021 719 4075 hereseos
740 4022 764 4073 R
817 4023 849 4076 16
868 4022 1053 4089 exquisitione
1070 4042 1141 4093 supr.

78 4126 97 4161 n.
116 4109 132 4161 1
151 4110 177 4162 R
230 4108 346 4162 heretici
367 4109 391 4160 R
443 4111 478 4162 20
497 4109 675 4163 combinabor
695 4109 745 4161 Ed.
764 4108 827 4162 Bos.
842 4108 918 4161 1550
937 4109 1056 4162 etPcrle.
1068 4109 1142 4162 1572

78 4248 236 4302 archelio
290 4250 324 4300 24
345 4199 529 4315 vll-Septen
576 4250 609 4301 26
623 4205 753 4301 ilatilisR
796 4250 831 4302 28
840 4254 868 4300 et
878 4252 992 4316 peccata
1002 4254 1097 4302 nostra
1106 4249 1144 4302 E.
