2790 4844
343 276 525 323 tractatus
544 271 579 322 in
598 270 769 338 psalmum
789 271 959 325 CXXXVIII.
1164 272 1226 337 765

78 460 185 525 Adam
209 467 302 544 atque
325 461 393 525 Ilua
415 460 571 540 apostolus
594 467 749 535 tractaret,
784 461 827 525 ita
860 463 918 526 ait:
953 462 1026 527 boc
1057 483 1158 528 nunc
1183 482 1227 527 os

78 562 126 628 de
151 567 317 631 ossibus
341 566 441 631 meis
465 573 611 630 etcaro
628 568 674 630 de
694 585 814 630 carne
838 567 1223 647 meaaderpositionem

78 667 156 732 dicti
179 668 269 734 huius
293 670 404 750 adiecit
427 671 550 735 dicens:
586 669 658 734 boc
682 672 924 753 mysterium
948 691 1132 755 magnum
1155 679 1227 739 est.

78 791 154 855 ego
192 784 322 839 autem
361 775 450 839 dico
484 776 522 838 in
559 773 724 839 Christo
760 783 798 839 θῖ
830 775 869 838 in
904 775 1095 840 ccclesia.
1141 779 1223 859 quod

78 884 184 940 nutem
208 898 264 957 per
287 879 532 944 misericordiam
567 879 615 942 dei
640 880 735 959 patris
766 878 905 944 ecclesiae
929 878 996 943 hac
1019 878 1137 944 occulta
1159 901 1220 944 non
1265 909 1277 943 r

78 977 203 1052 fuerint,
226 982 293 1062 ipse
317 983 461 1048 dominus
484 984 514 1046 in
540 983 703 1067 euangelio
727 991 854 1048 testatus
878 992 932 1058 cst,
956 1003 1026 1047 curn
1050 985 1106 1048 ait:
1140 1005 1225 1048 cou-

78 1080 209 1150 fiteor
231 1089 314 1158 tibi,
332 1089 492 1152 domine
517 1094 641 1169 pater.
659 1087 1227 1183 dominecaelorumetterrae,

79 1190 173 1267 quia
197 1192 454 1257 abscondisti
477 1191 927 1273 haecasapientibuset
948 1193 1222 1273 prudentibus

82 1299 119 1355 et
142 1296 341 1361 reuelasti
366 1318 410 1361 ea
443 1295 645 1376 paruulis:
680 1298 737 1361 ita
771 1304 895 1377 puter,
930 1299 1026 1380 quia
1055 1298 1113 1361 sic
1145 1297 1224 1360 suit

84 1395 276 1471 placitum
299 1409 392 1466 ante
416 1394 461 1466 te.
509 1402 547 1466 ab
572 1422 607 1465 eo
630 1401 725 1484 igitur
746 1402 836 1466 nobis
852 1421 912 1464 non
929 1400 1128 1476 occultantur,
1153 1422 1221 1484 quae
1252 1426 1275 1460 ιο

87 1498 161 1567 lacta
184 1510 256 1569 sunt
279 1506 310 1568 in
333 1505 462 1571 occulto.
508 1506 598 1570 nobis
629 1506 755 1588 quidem
787 1527 849 1570 non
879 1504 1032 1570 occultata
1054 1512 1133 1579 sunt,
1165 1508 1220 1570 sed

91 1608 184 1671 saculi
207 1608 298 1673 huius
321 1611 523 1690 prudentibus
547 1610 627 1675 facta
651 1610 776 1674 suntin
800 1609 927 1674 occulto.

129 1709 174 1776 30.
198 1712 283 1792 Quod
322 1722 425 1779 antem
463 1715 567 1778 omnia
605 1713 822 1779 ecclesiasticae
862 1714 928 1794 spei
962 1720 1157 1778 sacramenta
1191 1715 1221 1777 in

94 1815 198 1881 occulto
215 1817 337 1891 fuerint,
361 1825 490 1883 testatur
513 1827 543 1883 et
566 1818 722 1902 apostolus
746 1819 869 1883 dicens:
893 1825 1012 1898 prout
1042 1819 1222 1898 potestis

91 1912 334 2006 intellegere
385 1922 648 1987 intellectum
702 1943 828 1986 meum
879 1922 917 1985 in
963 1929 1274 1986 sacramentam

89 2016 248 2102 Christi,
280 2029 381 2109 quod
413 2027 510 2091 aliis
540 2028 795 2107 temporibus
830 2047 904 2091 nou
929 2032 991 2091 est
1014 2027 1220 2110 cognitum

78 2120 190 2194 filiis
213 2130 424 2204 bominum,
448 2133 556 2196 sicut
584 2152 684 2196 nunc
712 2131 940 2196 reuelaturu
970 2137 1033 2195 est
1063 2131 1222 2195 sanctis

78 2226 169 2297 3Ius
190 2234 391 2317 apostolis
414 2245 452 2300 θῖ
473 2235 688 2316 prophetis
711 2237 750 2299 in
774 2236 925 2316 spiritu
961 2255 1051 2300 esse
1075 2245 1221 2318 gentes

78 2332 308 2404 =0hereoes
332 2348 370 2403 et
399 2339 720 2420 concorporales
744 2347 782 2404 et
804 2339 1115 2419 conparticipes
1138 2338 1221 2421 pol-

79 2431 333 2508 iciracionis
368 2445 453 2509 eius
488 2445 526 2508 In
559 2444 734 2509 Christo.
779 2451 810 2508 et
839 2444 965 2509 iterum:
1001 2446 1220 2508 secundum
1249 2462 1274 2498 rr

86 2535 436 2625 ispensationem
461 2549 532 2622 dei,
564 2569 647 2632 quan
678 2552 773 2614 data
803 2561 864 2614 est
894 2548 991 2612 milri
1014 2548 1060 2612 ad
1082 2568 1152 2611 uos
1175 2550 1221 2612 ad

78 2650 1221 2736 [lpleudumuerbumdei,sacramentumquodabscon·

82 2742 208 2819 itum
234 2756 310 2820 fuit
333 2765 425 2822 ante
449 2757 600 2822 saeoula
632 2764 670 2822 et
692 2779 710 2820 a
733 2757 1084 2841 generationibus,
1117 2777 1222 2820 nunc

78 2860 344 2925 raniscsrura
368 2869 430 2926 est
453 2863 612 2927 sanctis
636 2862 732 2937 eius,
757 2863 904 2945 quibus
935 2861 1068 2925 uoluit
1090 2866 1222 2925 osten·

84 2965 371 3029 01·odiuitias
394 2965 537 3049 glories
567 2966 820 3030 sacramenti
843 2966 907 3030 dei
931 2967 1043 3030 inter
1065 2971 1221 3048 gentes,
1250 2981 1275 3017 2⁶

87 3069 184 3131 u0d
216 3078 277 3133 ost
301 3068 492 3135 Christus
515 3071 553 3134 in
588 3072 706 3135 uobis
740 3090 834 3151 spes
869 3069 1019 3153 glorias.
1065 3068 1218 3134 occultum

78 3171 187 3244 laque
219 3174 402 3255 mysterium
437 3174 501 3246 fuit,
536 3178 617 3257 quod
651 3174 822 3240 reuelatum
846 3184 901 3242 est.
936 3195 1006 3238 esse
1030 3176 1087 3239 deo
1112 3182 1221 3257 gentes

80 3257 252 3341 rheredes
275 3294 305 3341 ea
328 3279 561 3359 concorporales
585 3287 616 3344 ct
638 3280 862 3360 conparticipes
893 3278 1121 3359 pollicitationis
1156 3279 1222 3342 cius
1331 3326 1333 3329 ψ

108 3455 129 3505 1
164 3466 225 3521 oen.
244 3470 277 3535 rr,
296 3471 338 3522 aa
374 3472 391 3523 3
410 3469 509 3538 Ephes.
529 3471 560 3534 v,
579 3475 620 3524 aa.
657 3476 673 3525 s
693 3471 791 3525 aratra.
810 3473 856 3538 xi,
875 3473 908 3523 25
926 3490 966 3538 sq.
1004 3475 1037 3524 rr
1055 3471 1154 3538 Ephes.
1175 3470 1222 3535 ru,

78 3538 159 3615 leq.
192 3557 225 3610 ao
244 3555 346 3609 coloss,
366 3558 385 3623 1,
404 3560 438 3610 ‘25
457 3574 497 3624 sq.

119 3719 136 3770 l
162 3744 231 3781 nunc
258 3748 289 3781 er
314 3746 386 3782 nono
405 3749 438 3783 m.
457 3729 474 3782 1
493 3731 518 3783 R
570 3731 639 3784 2de
658 3731 764 3784 ossibus
785 3732 861 3783 Rex
880 3731 986 3784 ossibus
1008 3732 1034 3782 Ε
1084 3730 1222 3784 dediscit

84 3798 177 3866 dicens
197 3816 221 3867 c·
238 3815 340 3870 aereos
368 3816 508 3870 ascensu
528 3818 705 3871 ecclaesiae
757 3823 775 3870 4
792 3818 821 3870 in
838 3827 893 3885 xpo
921 3824 949 3870 er
972 3818 1001 3870 in
1025 3817 1125 3870 eclesia
1146 3818 1170 3869 c
1192 3817 1222 3870 sn

90 3891 186 3954 christo
204 3908 232 3956 et
250 3902 289 3968 (θῖ
307 3903 384 3968 eras)
398 3905 423 3956 II
475 3907 602 3972 epatres
623 3906 648 3957 (ι’
701 3905 847 3957 occultaG
865 3905 1004 3957 occultata
1018 3905 1071 3956 aa*
1121 3906 1221 3957 deon·

93 3981 165 4039 filtor
181 3990 231 4042 tibi
249 3991 303 4044 dne
321 3996 400 4058 pater
418 3991 473 4044 dn*
492 3992 630 4044 caelorum
643 3992 668 4043 G
680 3991 812 4045 confiteor
824 3992 876 4044 tibi
889 3991 1000 4043 domine
1012 3997 1092 4058 pater
1111 3982 1221 4044 eaelord

98 4072 276 4131 Ilronfitebor
293 4077 345 4130 tibi
363 4083 443 4146 pater
461 4078 571 4130 domine
590 4079 659 4131 caeli
673 4079 701 4129 E
713 4079 748 4145 cs'.
767 4080 830 4130 Ablr.
844 4078 946 4144 111382
1010 4081 1026 4132 9
1045 4083 1073 4131 et
1091 4077 1222 4130 reuelasti

100 4155 168 4220 iIIaR
219 4167 251 4218 19
269 4166 478 4233 concorporales
497 4183 527 4217 eu
545 4166 702 4233 corporales
715 4184 747 4217 m.
760 4164 818 4218 312
870 4168 902 4218 21
922 4165 951 4217 in
969 4164 1003 4217 ad
1022 4165 1182 4233 inplendum
1196 4165 1222 4216 Il

99 4246 309 4308 almanisestum
331 4254 355 4304 G
373 4252 580 4305 manifestatum
598 4253 658 4304 RE.
