2790 4844
365 269 546 318 tractatus
565 264 599 317 in
618 263 789 332 psalmum
808 261 925 316 CXLIV.
1152 260 1215 324 829

66 462 117 514 te.
166 471 286 531 posco
309 473 327 516 a
351 473 416 529 me,
451 459 489 518 et
523 454 624 518 dabo
658 453 735 518 tibi
769 459 915 537 gentes
946 451 1213 517 heriditatem

66 567 179 619 tuam
204 557 562 637 etposaessionem
587 566 693 622 tuam
717 558 1058 622 terminosterrae.
1095 574 1215 640 reges

67 679 140 724 eos
164 661 203 724 in
227 661 343 745 uirga
369 661 512 725 ferrea.
558 661 644 727 auius
675 661 763 746 regni
792 660 1016 742 perennitatem
1040 658 1149 724 Daniel
1174 660 1215 722 ita

66 771 260 829 contestatus
291 777 338 830 est
369 766 493 830 dicens:
539 772 577 830 et
614 766 651 829 in
690 765 834 830 diebus
872 785 1013 848 regum
1050 762 1214 828 illor'um

67 868 276 933 excitabit
299 870 396 935 deus
419 869 507 935 oaeli
530 890 698 954 regnum
722 869 840 946 aliud,
875 869 978 954 quod
1000 887 1213 952 numquam
1254 894 1266 930 a

66 982 356 1054 corrumpetur
393 994 519 1059 usque
557 976 595 1038 in
634 975 797 1051 saecula,
843 981 882 1038 et
921 992 1090 1056 regnum
1129 972 1215 1038 eius

66 1076 197 1142 alteri
220 1068 366 1161 po'pulo
400 1098 475 1144 non
499 1077 776 1162 relinquetur:
800 1079 1045 1144 comminuet
1068 1083 1105 1142 et
1127 1096 1214 1141 uen-

66 1180 215 1246 tilabit
248 1183 378 1246 omnia
411 1202 546 1266 regna,
582 1189 620 1248 et
643 1182 715 1248 hoo
739 1203 905 1266 regnum
940 1183 978 1246 in
1012 1189 1214 1246 aeternum.

67 1294 99 1350 et
131 1305 271 1350 rursum:
306 1293 344 1350 et-
378 1307 471 1352 ecoe
506 1307 591 1352 cum
627 1287 801 1352 nubibus
836 1285 923 1352 caeli
958 1286 1066 1352 siout
1095 1285 1214 1350 silius

69 1389 250 1454 lrominis
284 1391 454 1455 ueniens
488 1397 526 1456 et
560 1411 686 1474 usque
728 1392 773 1456 ad
814 1397 1017 1456 uetustum
1056 1390 1210 1455 dierum
1242 1413 1265 1448 ιο

68 1494 262 1575 peruenit
286 1501 323 1559 et
357 1494 520 1560 oblatus
544 1503 605 1561 est
628 1497 679 1573 ei;
711 1503 749 1562 et
780 1497 897 1562 datus
922 1502 983 1560 est
1007 1496 1040 1560 ei
1066 1485 1213 1574 prinoi-

68 1607 191 1679 patus
214 1609 251 1664 et
273 1599 399 1663 bonor
422 1608 462 1665 et
485 1584 670 1685 legnum:
695 1606 732 1665 et
754 1620 890 1665 omnes
913 1599 1061 1682 populi,
1082 1598 1212 1663 tribus

67 1710 108 1767 et
143 1701 292 1786 linguae
325 1704 511 1769 seruieut
545 1705 588 1781 ei,
624 1712 661 1770 et
695 1711 879 1785 potestas
910 1704 997 1769 eius
1026 1708 1213 1784 potestas

68 1813 276 1887 perpetua
300 1826 385 1891 quea
408 1828 620 1892 numquam
643 1809 850 1882 transibit.
875 1815 913 1875 et
935 1826 1103 1892 regnum
1127 1806 1213 1870 eius
1288 1896 1290 1902 Ι

67 1932 147 1975 non
183 1920 474 1992 corrumpetur.
521 1913 571 1978 bic
593 1913 690 1997 igitur
712 1933 766 1979 rex
788 1913 931 1979 laudatur
953 1933 1008 1995 per
1042 1912 1109 1988 ista,
1145 1929 1214 1993 quae
1242 1930 1265 1965 a

70 2014 191 2096 psalmo
229 2016 437 2081 continentur:
479 2017 668 2082 exaltabo
705 2024 751 2093 te,
781 2017 877 2082 deus
922 2037 1032 2081 meus
1070 2022 1108 2080 et
1144 2035 1212 2079 rex

69 2139 196 2192 meus.
230 2127 260 2185 et
295 2141 349 2201 per
380 2121 472 2186 illud:
510 2123 643 2187 sancti
683 2123 738 2186 tui
776 2121 1089 2186 confitebuntur
1126 2118 1212 2191 tibi,

68 2223 246 2309 gloriam
281 2227 398 2309 regni
433 2226 489 2290 tui
524 2226 664 2291 dicent
697 2235 734 2291 et
769 2225 994 2305 potentiam
1027 2231 1132 2289 tuam
1163 2222 1213 2286 lo-

68 2335 253 2412 quentur.
299 2336 429 2394 notam
453 2331 610 2395 saciant
633 2330 740 2395 liliis
764 2329 966 2394 hominum
987 2327 1211 2409 potentiam

69 2446 176 2496 tuam
201 2438 240 2497 et
260 2433 435 2518 gloriam
458 2434 785 2517 magnificentiae
808 2435 924 2518 regni
949 2434 1015 2498 tui.
1046 2451 1212 2516 regnum
1239 2450 1265 2488 ao

70 2546 175 2600 tuum
199 2556 366 2619 regnum
392 2539 564 2602 omnium
588 2538 826 2604 aaeenlorum
847 2536 1125 2602 etdominatio
1148 2546 1213 2599 tna

71 2642 106 2704 in
132 2640 237 2704 omni
261 2643 533 2723 generatione
556 2649 593 2708 et
615 2642 822 2726 progenie.

112 2745 141 2809 2.
167 2743 207 2809 Et
230 2764 418 2828 quamquam
441 2745 492 2811 hio
515 2748 553 2812 ob
578 2747 685 2811 aelerni
713 2747 801 2830 regni
832 2746 971 2830 gloriam,
1006 2763 1069 2828 qua
1098 2744 1212 2809 sanctia

69 2848 334 2932 conregnantibus
357 2849 423 2930 ipsa
446 2850 601 2934 regnabit,
634 2850 701 2915 laus
736 2851 793 2914 deo
827 2850 985 2932 propbeta
1020 2847 1213 2915 consessione

67 2959 218 3026 cantetur,
250 2958 354 3018 tamen
384 2954 427 3018 ita
456 2954 639 3019 laudationis
669 2956 766 3039 ipsius
794 2954 869 3019 ratio
892 2962 922 3018 et
945 2956 1020 3019 ordo
1043 2951 1211 3033 dispositus
1239 2968 1264 3007 2⁶

64 3066 121 3134 est,
148 3062 182 3121 ut
205 3077 250 3135 ea,
274 3076 343 3139 quae
367 3058 405 3122 de
429 3077 464 3123 eo
487 3059 671 3135 dictasunt,
702 3079 739 3123 ex
769 3078 863 3123 sensu
898 3057 1071 3124 communis
1093 3054 1212 3121 intelle·

60 3161 181 3243 gentiae
197 3160 416 3241 praedicentur:
440 3161 528 3237 utin
546 3170 695 3246 quantum
712 3161 839 3227 humani
856 3162 1008 3227 sermonis
1024 3160 1212 3226 consuetudo

57 3265 227 3343 permittit,
258 3266 296 3329 de
318 3265 459 3330 inmensa
481 3266 534 3331 illa
557 3278 586 3332 et
609 3266 900 3348 inconprehensibili
925 3268 974 3332 dei
998 3272 1117 3342 natura,
1140 3263 1213 3329 licet

55 3387 125 3435 non
152 3368 193 3434 ad
217 3370 386 3450 perfectam
405 3372 587 3455 cognitionis
602 3372 775 3448 ueritatem,
799 3379 903 3437 tamen
919 3372 957 3435 ad
974 3369 1212 3435 admirationem

52 3491 123 3541 nos
147 3474 285 3558 ingentis
308 3474 399 3552 illius,
433 3496 501 3559 quae
536 3477 600 3541 eius
625 3490 679 3551 est,
712 3476 835 3541 uirtutis
857 3476 1004 3540 instituat.
1048 3493 1212 3555 possumus
1239 3487 1264 3523 ³⁰

108 3651 128 3700 4
148 3647 219 3700 Dan.
239 3649 333 3715 11,tt.
367 3653 384 3703 9
403 3650 471 3703 Dan.
491 3650 549 3716 vn,
571 3653 603 3704 13
621 3667 661 3718 sq.

109 3808 124 3859 l
146 3820 231 3873 posoe
250 3805 278 3856 E
293 3805 440 3873 postulall
458 3808 504 3858 aed
520 3807 555 3876 cf.
575 3807 618 3859 Pa.
639 3807 672 3858 II
687 3817 709 3860 et
720 3808 801 3859 Acod.
816 3825 844 3876 p.
863 3804 901 3856 35
955 3804 1212 3874 3perhennitatem

52 3889 182 3946 danihel
201 3892 227 3944 R
279 3895 296 3946 6
320 3891 514 3959 &regnumR
532 3893 565 3956 cf.
576 3895 742 3949 Sobotierll.
761 3893 817 3945 858
835 3910 1006 3961 regnumque
1025 3893 1053 3944 E
1105 3893 1137 3945 13
1155 3907 1212 3944 ser·

52 3979 219 4033 uiebantll
271 3979 330 4032 eiua
348 3985 468 4047 potestas
486 3982 571 4034 om.Il
625 3983 658 4035 14
676 3982 807 4035 transibit
816 3999 846 4033 ex
854 3980 1019 4034 transiuitR
1074 3981 1105 4032 17
1123 3978 1213 4031 sancti

56 4081 94 4119 ez
122 4071 152 4119 et
181 4065 313 4119 sanctilt
367 4068 400 4119 18
418 4071 446 4120 et
472 4074 639 4135 potestatem
666 4073 742 4122 tuam
769 4071 791 4120 t.
812 4069 827 4120 l.
847 4068 872 4120 R
891 4066 949 4132 (sed
975 4069 1001 4118 ia
1026 4077 1093 4119 texto
1115 4066 1213 4135 psalmi

57 4155 192 4206 tractatur·
207 4155 350 4222 praeratum
368 4164 391 4206 et
410 4155 464 4222 ipae
481 4155 554 4206 lebet
572 4159 600 4208 et
619 4156 771 4223 potentiam
790 4153 877 4220 tuam)
933 4157 965 4208 19
983 4152 1034 4206 filii
1053 4156 1075 4204 b.
1089 4155 1105 4206 l.
1124 4153 1150 4205 R
1168 4154 1214 4205 aer!

62 4251 144 4292 uinea
163 4237 229 4291 filiis
282 4241 317 4293 22
335 4245 363 4292 et
381 4241 512 4308 progenie
530 4244 553 4294 l.
573 4245 590 4295 l.
609 4261 658 4294 om.
679 4244 704 4295 R
721 4244 767 4296 aed
783 4261 853 4312 supr.
872 4252 947 4294 extat.
