<?xml version="1.0" encoding="UTF-8"?>
<!DOCTYPE html PUBLIC "-//W3C//DTD XHTML 1.0 Transitional//EN"
    "http://www.w3.org/TR/xhtml1/DTD/xhtml1-transitional.dtd">
<html xmlns="http://www.w3.org/1999/xhtml" xml:lang="en" lang="en">
 <head>
  <title>
</title>
<meta http-equiv="Content-Type" content="text/html;charset=utf-8" />
  <meta name='ocr-system' content='tesseract 3.04.00' />
  <meta name='ocr-capabilities' content='ocr_page ocr_carea ocr_par ocr_line ocrx_word'/>
</head>
<body>
  <div class='ocr_page' id='page_1' title='image "./shilariiepiscop00hilagoog_0333.png"; bbox 0 0 2790 4844; ppageno 0'>
   <div class='ocr_carea' id='block_1_1' title="bbox 179 221 976 290">
    <p class='ocr_par' dir='ltr' id='par_1_1' title="bbox 179 221 976 290">
     <span class='ocr_line' id='line_1_1' title="bbox 179 221 976 290; baseline -0.014 -5"><span class='ocrx_word' id='word_1_1' title='bbox 179 221 241 287; x_wconf 74' lang='lat'><strong>302</strong></span> <span class='ocrx_word' id='word_1_2' title='bbox 522 224 637 275; x_wconf 86' lang='lat' dir='ltr'><strong>suncti</strong></span> <span class='ocrx_word' id='word_1_3' title='bbox 657 222 791 275; x_wconf 88' lang='lat' dir='ltr'><strong>Hilarii</strong></span> <span class='ocrx_word' id='word_1_4' title='bbox 811 222 976 290; x_wconf 59' lang='lat' dir='ltr'><strong>episcopi,</strong></span> 
     </span>
    </p>
   </div>
   <div class='ocr_carea' id='block_1_2' title="bbox 177 410 1392 1117">
    <p class='ocr_par' dir='ltr' id='par_1_2' title="bbox 177 410 1392 1117">
     <span class='ocr_line' id='line_1_2' title="bbox 179 410 1378 493; baseline 0.002 -17"><span class='ocrx_word' id='word_1_5' title='bbox 179 432 267 477; x_wconf 89' lang='lat' dir='ltr'><strong>arma</strong></span> <span class='ocrx_word' id='word_1_6' title='bbox 290 421 509 481; x_wconf 83' lang='lat' dir='ltr'><strong>memorantur.</strong></span> <span class='ocrx_word' id='word_1_7' title='bbox 540 413 653 477; x_wconf 88' lang='lat' dir='ltr'><strong>diuinae</strong></span> <span class='ocrx_word' id='word_1_8' title='bbox 683 412 855 477; x_wconf 86' lang='lat' dir='ltr'><strong>seueritatis</strong></span> <span class='ocrx_word' id='word_1_9' title='bbox 886 410 1101 493; x_wconf 75' lang='lat' dir='ltr'><strong>significantur</strong></span> <span class='ocrx_word' id='word_1_10' title='bbox 1134 410 1248 476; x_wconf 84' lang='lat' dir='ltr'><strong>officia</strong></span> <span class='ocrx_word' id='word_1_11' title='bbox 1295 420 1378 483; x_wconf 73' lang='lat' dir='ltr'><strong>et</strong></span> 
     </span>
     <span class='ocr_line' id='line_1_3' title="bbox 178 514 1381 600; baseline 0.002 -20"><span class='ocrx_word' id='word_1_12' title='bbox 178 514 246 582; x_wconf 76' lang='lat' dir='ltr'><strong>haee</strong></span> <span class='ocrx_word' id='word_1_13' title='bbox 269 516 394 600; x_wconf 91' lang='lat' dir='ltr'><strong>quidem</strong></span> <span class='ocrx_word' id='word_1_14' title='bbox 418 515 531 581; x_wconf 82' lang='lat' dir='ltr'><strong>Indaeis</strong></span> <span class='ocrx_word' id='word_1_15' title='bbox 555 524 622 596; x_wconf 90' lang='lat' dir='ltr'><strong>post</strong></span> <span class='ocrx_word' id='word_1_16' title='bbox 637 535 760 581; x_wconf 87' lang='lat' dir='ltr'><strong>cmcem</strong></span> <span class='ocrx_word' id='word_1_17' title='bbox 784 524 814 581; x_wconf 94' lang='lat' dir='ltr'><strong>et</strong></span> <span class='ocrx_word' id='word_1_18' title='bbox 836 524 969 581; x_wconf 87' lang='lat' dir='ltr'><strong>mortem</strong></span> <span class='ocrx_word' id='word_1_19' title='bbox 985 515 1103 580; x_wconf 92' lang='lat' dir='ltr'><strong>domini</strong></span> <span class='ocrx_word' id='word_1_20' title='bbox 1119 516 1226 581; x_wconf 88' lang='lat' dir='ltr'><strong>omnia</strong></span> <span class='ocrx_word' id='word_1_21' title='bbox 1243 516 1381 583; x_wconf 60' lang='lat' dir='ltr'><strong>acci-</strong></span> 
     </span>
     <span class='ocr_line' id='line_1_4' title="bbox 179 619 1385 701; baseline -0.001 -16"><span class='ocrx_word' id='word_1_22' title='bbox 179 621 297 698; x_wconf 84' lang='lat' dir='ltr'><strong>demnt</strong></span> <span class='ocrx_word' id='word_1_23' title='bbox 310 640 380 685; x_wconf 92' lang='lat' dir='ltr'><strong>cum</strong></span> <span class='ocrx_word' id='word_1_24' title='bbox 392 642 410 685; x_wconf 91' lang='lat' dir='ltr'><strong>a</strong></span> <span class='ocrx_word' id='word_1_25' title='bbox 424 619 570 685; x_wconf 80' lang='lat' dir='ltr'><strong>Romanis</strong></span> <span class='ocrx_word' id='word_1_26' title='bbox 583 621 664 700; x_wconf 90' lang='lat' dir='ltr'><strong>capti</strong></span> <span class='ocrx_word' id='word_1_27' title='bbox 681 620 825 686; x_wconf 91' lang='lat' dir='ltr'><strong>uniuersa</strong></span> <span class='ocrx_word' id='word_1_28' title='bbox 841 619 1061 701; x_wconf 82' lang='lat' dir='ltr'>suppliciorum</span> <span class='ocrx_word' id='word_1_29' title='bbox 1074 639 1110 685; x_wconf 89' lang='lat' dir='ltr'><strong>ac</strong></span> <span class='ocrx_word' id='word_1_30' title='bbox 1123 620 1385 697; x_wconf 64' lang='lat' dir='ltr'><strong>miseriarum</strong></span> 
     </span>
     <span class='ocr_line' id='line_1_5' title="bbox 177 724 1389 809; baseline 0.002 -21"><span class='ocrx_word' id='word_1_31' title='bbox 177 742 294 806; x_wconf 82' lang='lat' dir='ltr'><strong>genera</strong></span> <span class='ocrx_word' id='word_1_32' title='bbox 317 725 454 805; x_wconf 79' lang='lat' dir='ltr'><strong>perpessi</strong></span> <span class='ocrx_word' id='word_1_33' title='bbox 479 731 558 801; x_wconf 80' lang='lat' dir='ltr'><strong>sunt,</strong></span> <span class='ocrx_word' id='word_1_34' title='bbox 582 732 615 789; x_wconf 90' lang='lat' dir='ltr'><strong>ot</strong></span> <span class='ocrx_word' id='word_1_35' title='bbox 633 733 864 806; x_wconf 82' lang='lat' dir='ltr'>peremptorum</span> <span class='ocrx_word' id='word_1_36' title='bbox 880 724 1032 809; x_wconf 82' lang='lat' dir='ltr'><strong>sanguine</strong></span> <span class='ocrx_word' id='word_1_37' title='bbox 1055 730 1086 789; x_wconf 89' lang='lat' dir='ltr'><strong>et</strong></span> <span class='ocrx_word' id='word_1_38' title='bbox 1107 724 1389 805; x_wconf 54' lang='lat' dir='ltr'><strong>incedentium</strong></span> 
     </span>
     <span class='ocr_line' id='line_1_6' title="bbox 177 827 1392 913; baseline 0.001 -20"><span class='ocrx_word' id='word_1_39' title='bbox 177 827 274 908; x_wconf 86' lang='lat' dir='ltr'><strong>pedes</strong></span> <span class='ocrx_word' id='word_1_40' title='bbox 296 829 383 893; x_wconf 89' lang='lat' dir='ltr'><strong>tincti</strong></span> <span class='ocrx_word' id='word_1_41' title='bbox 406 829 468 894; x_wconf 88' lang='lat' dir='ltr'><strong>sint</strong></span> <span class='ocrx_word' id='word_1_42' title='bbox 490 837 521 894; x_wconf 89' lang='lat' dir='ltr'><strong>et</strong></span> <span class='ocrx_word' id='word_1_43' title='bbox 542 848 656 894; x_wconf 90' lang='lat' dir='ltr'><strong>cauum</strong></span> <span class='ocrx_word' id='word_1_44' title='bbox 678 829 785 913; x_wconf 84' lang='lat' dir='ltr'><strong>lingua</strong></span> <span class='ocrx_word' id='word_1_45' title='bbox 803 829 914 894; x_wconf 87' lang='lat' dir='ltr'><strong>satiata</strong></span> <span class='ocrx_word' id='word_1_46' title='bbox 929 829 975 893; x_wconf 88' lang='lat' dir='ltr'><strong>sit.</strong></span> <span class='ocrx_word' id='word_1_47' title='bbox 1021 830 1076 893; x_wconf 85' lang='lat' dir='ltr'><strong>sed</strong></span> <span class='ocrx_word' id='word_1_48' title='bbox 1091 829 1123 893; x_wconf 92' lang='lat' dir='ltr'><strong>id</strong></span> <span class='ocrx_word' id='word_1_49' title='bbox 1139 848 1200 893; x_wconf 91' lang='lat' dir='ltr'><strong>non</strong></span> <span class='ocrx_word' id='word_1_50' title='bbox 1217 830 1392 911; x_wconf 63' lang='lat' dir='ltr'><strong>mim—⁸</strong></span> 
     </span>
     <span class='ocr_line' id='line_1_7' title="bbox 178 932 1392 1017; baseline 0.004 -21"><span class='ocrx_word' id='word_1_51' title='bbox 178 932 217 996; x_wconf 89' lang='lat' dir='ltr'><strong>ad</strong></span> <span class='ocrx_word' id='word_1_52' title='bbox 241 953 347 998; x_wconf 92' lang='lat' dir='ltr'><strong>eorum</strong></span> <span class='ocrx_word' id='word_1_53' title='bbox 371 952 494 1013; x_wconf 71' lang='lat' dir='ltr'><strong>poenam</strong></span> <span class='ocrx_word' id='word_1_54' title='bbox 519 933 812 1017; x_wconf 78' lang='lat' dir='ltr'><strong>damnationemque</strong></span> <span class='ocrx_word' id='word_1_55' title='bbox 834 933 1029 998; x_wconf 83' lang='lat' dir='ltr'><strong>referendum</strong></span> <span class='ocrx_word' id='word_1_56' title='bbox 1055 941 1108 1009; x_wconf 83' lang='lat' dir='ltr'><strong>est</strong></span> <span class='ocrx_word' id='word_1_57' title='bbox 1139 934 1194 1017; x_wconf 89' lang='lat' dir='ltr'><strong>qui</strong></span> <span class='ocrx_word' id='word_1_58' title='bbox 1218 942 1392 1016; x_wconf 45' lang='lat' dir='ltr'><strong>osten).</strong></span> 
     </span>
     <span class='ocr_line' id='line_1_8' title="bbox 177 1036 848 1117; baseline 0.001 -16"><span class='ocrx_word' id='word_1_59' title='bbox 177 1036 221 1101; x_wconf 89' lang='lat' dir='ltr'><strong>tui</strong></span> <span class='ocrx_word' id='word_1_60' title='bbox 244 1037 355 1102; x_wconf 83' lang='lat' dir='ltr'><strong>redditi</strong></span> <span class='ocrx_word' id='word_1_61' title='bbox 378 1057 449 1102; x_wconf 92' lang='lat' dir='ltr'><strong>cum</strong></span> <span class='ocrx_word' id='word_1_62' title='bbox 472 1037 584 1102; x_wconf 85' lang='lat' dir='ltr'><strong>fiducia</strong></span> <span class='ocrx_word' id='word_1_63' title='bbox 608 1037 848 1117; x_wconf 88' lang='lat' dir='ltr'><strong>triumphantur.</strong></span> 
     </span>
    </p>
   </div>
   <div class='ocr_carea' id='block_1_3' title="bbox 174 1191 1388 2841">
    <p class='ocr_par' dir='ltr' id='par_1_3' title="bbox 174 1191 1388 2841">
     <span class='ocr_line' id='line_1_9' title="bbox 221 1191 1387 1294; baseline 0.001 -37"><span class='ocrx_word' id='word_1_64' title='bbox 221 1193 272 1257; x_wconf 76' lang='lat'><strong>27.</strong></span> <span class='ocrx_word' id='word_1_65' title='bbox 297 1191 336 1257; x_wconf 77' lang='lat' dir='ltr'><strong>lh.</strong></span> <span class='ocrx_word' id='word_1_66' title='bbox 359 1194 433 1276; x_wconf 90' lang='lat' dir='ltr'><strong>quia</strong></span> <span class='ocrx_word' id='word_1_67' title='bbox 455 1195 512 1258; x_wconf 91' lang='lat' dir='ltr'><strong>sub</strong></span> <span class='ocrx_word' id='word_1_68' title='bbox 536 1194 595 1273; x_wconf 83' lang='lat' dir='ltr'><strong>his,</strong></span> <span class='ocrx_word' id='word_1_69' title='bbox 620 1214 690 1276; x_wconf 78' lang='lat' dir='ltr'><strong>queo</strong></span> <span class='ocrx_word' id='word_1_70' title='bbox 714 1194 743 1257; x_wconf 93' lang='lat' dir='ltr'><strong>in</strong></span> <span class='ocrx_word' id='word_1_71' title='bbox 768 1192 881 1258; x_wconf 77' lang='lat' dir='ltr'><strong>ludaeae</strong></span> <span class='ocrx_word' id='word_1_72' title='bbox 904 1193 1015 1274; x_wconf 90' lang='lat' dir='ltr'><strong>populo</strong></span> <span class='ocrx_word' id='word_1_73' title='bbox 1033 1192 1228 1273; x_wconf 74' lang='lat' dir='ltr'><strong>temporibus</strong></span> <span class='ocrx_word' id='word_1_74' title='bbox 1245 1194 1387 1294; x_wconf 49' lang='lat' dir='ltr'><strong>legs</strong></span> 
     </span>
     <span class='ocr_line' id='line_1_10' title="bbox 178 1296 1382 1382; baseline 0.002 -20"><span class='ocrx_word' id='word_1_75' title='bbox 178 1296 297 1380; x_wconf 83' lang='lat' dir='ltr'><strong>expleta</strong></span> <span class='ocrx_word' id='word_1_76' title='bbox 332 1304 411 1374; x_wconf 82' lang='lat' dir='ltr'><strong>sunt</strong></span> <span class='ocrx_word' id='word_1_77' title='bbox 445 1298 660 1362; x_wconf 87' lang='lat' dir='ltr'><strong>uniuersamm</strong></span> <span class='ocrx_word' id='word_1_78' title='bbox 696 1298 760 1362; x_wconf 88' lang='lat' dir='ltr'><strong>sere</strong></span> <span class='ocrx_word' id='word_1_79' title='bbox 793 1298 933 1382; x_wconf 85' lang='lat' dir='ltr'><strong>gentium</strong></span> <span class='ocrx_word' id='word_1_80' title='bbox 968 1298 1008 1361; x_wconf 90' lang='lat' dir='ltr'><strong>ud</strong></span> <span class='ocrx_word' id='word_1_81' title='bbox 1042 1297 1178 1377; x_wconf 83' lang='lat' dir='ltr'><strong>speeiem</strong></span> <span class='ocrx_word' id='word_1_82' title='bbox 1210 1298 1382 1382; x_wconf 46' lang='lat' dir='ltr'><strong>lutum</strong></span> 
     </span>
     <span class='ocr_line' id='line_1_11' title="bbox 176 1399 1374 1486; baseline 0.003 -22"><span class='ocrx_word' id='word_1_83' title='bbox 176 1399 395 1466; x_wconf 74' lang='lat' dir='ltr'><strong>misericordie</strong></span> <span class='ocrx_word' id='word_1_84' title='bbox 419 1400 503 1466; x_wconf 87' lang='lat' dir='ltr'><strong>salus</strong></span> <span class='ocrx_word' id='word_1_85' title='bbox 527 1408 573 1466; x_wconf 88' lang='lat' dir='ltr'><strong>est</strong></span> <span class='ocrx_word' id='word_1_86' title='bbox 595 1401 746 1476; x_wconf 85' lang='lat' dir='ltr'><strong>inchoata,</strong></span> <span class='ocrx_word' id='word_1_87' title='bbox 776 1408 808 1466; x_wconf 92' lang='lat' dir='ltr'><strong>ut</strong></span> <span class='ocrx_word' id='word_1_88' title='bbox 839 1422 894 1482; x_wconf 89' lang='lat' dir='ltr'><strong>per</strong></span> <span class='ocrx_word' id='word_1_89' title='bbox 922 1401 963 1473; x_wconf 83' lang='lat' dir='ltr'><strong>id,</strong></span> <span class='ocrx_word' id='word_1_90' title='bbox 994 1402 1077 1484; x_wconf 91' lang='lat' dir='ltr'><strong>quod</strong></span> <span class='ocrx_word' id='word_1_91' title='bbox 1108 1411 1172 1465; x_wconf 89' lang='lat' dir='ltr'><strong>tum</strong></span> <span class='ocrx_word' id='word_1_92' title='bbox 1196 1409 1374 1486; x_wconf 52' lang='lat' dir='ltr'><strong>gast-nm</strong></span> 
     </span>
     <span class='ocr_line' id='line_1_12' title="bbox 176 1505 1364 1589; baseline 0.002 -21"><span class='ocrx_word' id='word_1_93' title='bbox 176 1511 231 1583; x_wconf 79' lang='lat' dir='ltr'><strong>est</strong></span> <span class='ocrx_word' id='word_1_94' title='bbox 260 1505 291 1568; x_wconf 94' lang='lat' dir='ltr'><strong>id</strong></span> <span class='ocrx_word' id='word_1_95' title='bbox 321 1524 453 1589; x_wconf 86' lang='lat' dir='ltr'><strong>quoque,</strong></span> <span class='ocrx_word' id='word_1_96' title='bbox 477 1506 558 1588; x_wconf 94' lang='lat' dir='ltr'><strong>quod</strong></span> <span class='ocrx_word' id='word_1_97' title='bbox 595 1512 701 1586; x_wconf 86' lang='lat' dir='ltr'><strong>postea</strong></span> <span class='ocrx_word' id='word_1_98' title='bbox 723 1506 894 1589; x_wconf 83' lang='lat' dir='ltr'><strong>gerendum</strong></span> <span class='ocrx_word' id='word_1_99' title='bbox 925 1516 1017 1579; x_wconf 84' lang='lat' dir='ltr'><strong>esset,</strong></span> <span class='ocrx_word' id='word_1_100' title='bbox 1047 1506 1217 1583; x_wconf 78' lang='lat' dir='ltr'><strong>doceretur,</strong></span> <span class='ocrx_word' id='word_1_101' title='bbox 1248 1526 1364 1587; x_wconf 67' lang='lat' dir='ltr'><strong>mn</strong></span> 
     </span>
     <span class='ocr_line' id='line_1_13' title="bbox 175 1608 1358 1694; baseline 0.006 -21"><span class='ocrx_word' id='word_1_102' title='bbox 175 1608 260 1688; x_wconf 85' lang='lat' dir='ltr'><strong>ipsos</strong></span> <span class='ocrx_word' id='word_1_103' title='bbox 282 1608 359 1688; x_wconf 90' lang='lat' dir='ltr'><strong>illos,</strong></span> <span class='ocrx_word' id='word_1_104' title='bbox 382 1609 413 1673; x_wconf 91' lang='lat' dir='ltr'><strong>in</strong></span> <span class='ocrx_word' id='word_1_105' title='bbox 436 1629 513 1693; x_wconf 89' lang='lat' dir='ltr'><strong>quos</strong></span> <span class='ocrx_word' id='word_1_106' title='bbox 535 1609 587 1673; x_wconf 91' lang='lat' dir='ltr'><strong>illa</strong></span> <span class='ocrx_word' id='word_1_107' title='bbox 612 1618 674 1674; x_wconf 91' lang='lat' dir='ltr'><strong>tum</strong></span> <span class='ocrx_word' id='word_1_108' title='bbox 699 1611 896 1694; x_wconf 81' lang='lat' dir='ltr'><strong>gerebantur,</strong></span> <span class='ocrx_word' id='word_1_109' title='bbox 920 1619 950 1674; x_wconf 89' lang='lat' dir='ltr'><strong>et</strong></span> <span class='ocrx_word' id='word_1_110' title='bbox 972 1608 1158 1674; x_wconf 83' lang='lat' dir='ltr'><strong>inumbratio</strong></span> <span class='ocrx_word' id='word_1_111' title='bbox 1180 1610 1320 1680; x_wconf 70' lang='lat' dir='ltr'><strong>nubis</strong></span> <span class='ocrx_word' id='word_1_112' title='bbox 1333 1641 1358 1690; x_wconf 85' lang='lat' dir='ltr'><strong>et</strong></span> 
     </span>
     <span class='ocr_line' id='line_1_14' title="bbox 175 1712 1345 1795; baseline 0.004 -19"><span class='ocrx_word' id='word_1_113' title='bbox 175 1712 233 1777; x_wconf 88' lang='lat' dir='ltr'><strong>iter</strong></span> <span class='ocrx_word' id='word_1_114' title='bbox 256 1713 351 1777; x_wconf 88' lang='lat' dir='ltr'><strong>maris</strong></span> <span class='ocrx_word' id='word_1_115' title='bbox 374 1721 405 1778; x_wconf 90' lang='lat' dir='ltr'><strong>et</strong></span> <span class='ocrx_word' id='word_1_116' title='bbox 426 1734 550 1778; x_wconf 74' lang='lat' dir='ltr'><strong>manna</strong></span> <span class='ocrx_word' id='word_1_117' title='bbox 574 1713 719 1793; x_wconf 85' lang='lat' dir='ltr'><strong>spiritalis</strong></span> <span class='ocrx_word' id='word_1_118' title='bbox 743 1714 831 1778; x_wconf 89' lang='lat' dir='ltr'><strong>cibus</strong></span> <span class='ocrx_word' id='word_1_119' title='bbox 854 1720 885 1779; x_wconf 90' lang='lat' dir='ltr'><strong>et</strong></span> <span class='ocrx_word' id='word_1_120' title='bbox 908 1713 1054 1794; x_wconf 87' lang='lat' dir='ltr'><strong>spiritalis</strong></span> <span class='ocrx_word' id='word_1_121' title='bbox 1071 1721 1161 1794; x_wconf 90' lang='lat' dir='ltr'><strong>potus</strong></span> <span class='ocrx_word' id='word_1_122' title='bbox 1176 1736 1216 1779; x_wconf 82' lang='lat' dir='ltr'><strong>ex</strong></span> <span class='ocrx_word' id='word_1_123' title='bbox 1231 1729 1345 1795; x_wconf 70' lang='lat' dir='ltr'><strong>perra</strong></span> 
     </span>
     <span class='ocr_line' id='line_1_15' title="bbox 175 1816 1334 1906; baseline 0.006 -26"><span class='ocrx_word' id='word_1_124' title='bbox 175 1817 207 1880; x_wconf 94' lang='lat' dir='ltr'><strong>in</strong></span> <span class='ocrx_word' id='word_1_125' title='bbox 223 1837 278 1897; x_wconf 89' lang='lat' dir='ltr'><strong>spo</strong></span> <span class='ocrx_word' id='word_1_126' title='bbox 296 1816 477 1901; x_wconf 83' lang='lat' dir='ltr'><strong>euangelica</strong></span> <span class='ocrx_word' id='word_1_127' title='bbox 493 1817 617 1901; x_wconf 85' lang='lat' dir='ltr'><strong>fideque</strong></span> <span class='ocrx_word' id='word_1_128' title='bbox 633 1817 844 1882; x_wconf 81' lang='lat' dir='ltr'><strong>concluderet:</strong></span> <span class='ocrx_word' id='word_1_129' title='bbox 869 1838 950 1882; x_wconf 92' lang='lat' dir='ltr'><strong>nunc</strong></span> <span class='ocrx_word' id='word_1_130' title='bbox 974 1837 1106 1901; x_wconf 85' lang='lat' dir='ltr'><strong>quoquo,</strong></span> <span class='ocrx_word' id='word_1_131' title='bbox 1127 1827 1160 1906; x_wconf 90' lang='lat' dir='ltr'><strong>nt</strong></span> <span class='ocrx_word' id='word_1_132' title='bbox 1184 1839 1334 1901; x_wconf 78' lang='lat' dir='ltr'><strong>sempor,</strong></span> 
     </span>
     <span class='ocr_line' id='line_1_16' title="bbox 175 1920 1325 2003; baseline 0.004 -19"><span class='ocrx_word' id='word_1_133' title='bbox 175 1921 206 1984; x_wconf 91' lang='lat' dir='ltr'><strong>in</strong></span> <span class='ocrx_word' id='word_1_134' title='bbox 242 1920 292 1985; x_wconf 90' lang='lat' dir='ltr'><strong>his</strong></span> <span class='ocrx_word' id='word_1_135' title='bbox 323 1921 399 2002; x_wconf 89' lang='lat' dir='ltr'><strong>ipsis</strong></span> <span class='ocrx_word' id='word_1_136' title='bbox 429 1921 501 1986; x_wconf 93' lang='lat' dir='ltr'><strong>noui</strong></span> <span class='ocrx_word' id='word_1_137' title='bbox 532 1943 569 1986; x_wconf 88' lang='lat' dir='ltr'><strong>ac</strong></span> <span class='ocrx_word' id='word_1_138' title='bbox 596 1922 709 1987; x_wconf 87' lang='lat' dir='ltr'><strong>ueteris</strong></span> <span class='ocrx_word' id='word_1_139' title='bbox 732 1923 905 1987; x_wconf 80' lang='lat' dir='ltr'><strong>testamenti</strong></span> <span class='ocrx_word' id='word_1_140' title='bbox 936 1943 992 2003; x_wconf 92' lang='lat' dir='ltr'><strong>per</strong></span> <span class='ocrx_word' id='word_1_141' title='bbox 1023 1921 1207 2003; x_wconf 85' lang='lat' dir='ltr'><strong>prophetam</strong></span> <span class='ocrx_word' id='word_1_142' title='bbox 1236 1923 1325 1990; x_wconf 79' lang='lat' dir='ltr'><strong>faeta</strong></span> 
     </span>
     <span class='ocr_line' id='line_1_17' title="bbox 175 2025 1323 2106; baseline 0.001 -17"><span class='ocrx_word' id='word_1_143' title='bbox 175 2025 301 2089; x_wconf 83' lang='lat' dir='ltr'><strong>conexio</strong></span> <span class='ocrx_word' id='word_1_144' title='bbox 325 2034 471 2100; x_wconf 79' lang='lat' dir='ltr'><strong>osteum</strong></span> <span class='ocrx_word' id='word_1_145' title='bbox 496 2026 585 2091; x_wconf 88' lang='lat' dir='ltr'><strong>dicit:</strong></span> <span class='ocrx_word' id='word_1_146' title='bbox 609 2027 697 2090; x_wconf 88' lang='lat' dir='ltr'><strong>uiso</strong></span> <span class='ocrx_word' id='word_1_147' title='bbox 720 2032 813 2091; x_wconf 88' lang='lat' dir='ltr'><strong>sunt</strong></span> <span class='ocrx_word' id='word_1_148' title='bbox 834 2027 986 2091; x_wconf 89' lang='lat' dir='ltr'><strong>itinera</strong></span> <span class='ocrx_word' id='word_1_149' title='bbox 1008 2032 1083 2106; x_wconf 87' lang='lat' dir='ltr'><strong>tua,</strong></span> <span class='ocrx_word' id='word_1_150' title='bbox 1113 2029 1220 2105; x_wconf 76' lang='lat' dir='ltr'><strong>deus</strong></span> <span class='ocrx_word' id='word_1_151' title='bbox 1259 2027 1323 2091; x_wconf 87' lang='lat' dir='ltr'><strong>iti·</strong></span> 
     </span>
     <span class='ocr_line' id='line_1_18' title="bbox 175 2129 1324 2213; baseline 0 -21"><span class='ocrx_word' id='word_1_152' title='bbox 175 2148 272 2193; x_wconf 90' lang='lat' dir='ltr'><strong>nera</strong></span> <span class='ocrx_word' id='word_1_153' title='bbox 294 2129 358 2194; x_wconf 93' lang='lat' dir='ltr'><strong>dei</strong></span> <span class='ocrx_word' id='word_1_154' title='bbox 382 2129 602 2213; x_wconf 73' lang='lat' dir='ltr'><strong>meiregis,</strong></span> <span class='ocrx_word' id='word_1_155' title='bbox 620 2131 687 2213; x_wconf 92' lang='lat' dir='ltr'><strong>qui</strong></span> <span class='ocrx_word' id='word_1_156' title='bbox 710 2138 771 2195; x_wconf 89' lang='lat' dir='ltr'><strong>est</strong></span> <span class='ocrx_word' id='word_1_157' title='bbox 793 2130 830 2194; x_wconf 93' lang='lat' dir='ltr'><strong>iu</strong></span> <span class='ocrx_word' id='word_1_158' title='bbox 855 2139 1007 2195; x_wconf 91' lang='lat' dir='ltr'><strong>saneto.</strong></span> <span class='ocrx_word' id='word_1_159' title='bbox 1031 2133 1324 2212; x_wconf 82' lang='lat' dir='ltr'><strong>praeuenerunt</strong></span> 
     </span>
     <span class='ocr_line' id='line_1_19' title="bbox 174 2232 1329 2315; baseline -0.002 -18"><span class='ocrx_word' id='word_1_160' title='bbox 174 2232 1329 2315; x_wconf 80' lang='lat' dir='ltr'><strong>principeseoniunctipsallentibusinmadioinuanum</strong></span> 
     </span>
     <span class='ocr_line' id='line_1_20' title="bbox 175 2338 1339 2423; baseline 0.007 -21"><span class='ocrx_word' id='word_1_161' title='bbox 175 2338 572 2423; x_wconf 81' lang='lat' dir='ltr'><strong>tympanistriarum.</strong></span> <span class='ocrx_word' id='word_1_162' title='bbox 596 2338 1098 2405; x_wconf 87' lang='lat' dir='ltr'><strong>incoelesiiabenedieite</strong></span> <span class='ocrx_word' id='word_1_163' title='bbox 1115 2339 1339 2410; x_wconf 62' lang='lat' dir='ltr'><strong>dominum</strong></span> 
     </span>
     <span class='ocr_line' id='line_1_21' title="bbox 175 2442 1350 2523; baseline -0.003 -17"><span class='ocrx_word' id='word_1_164' title='bbox 175 2443 220 2506; x_wconf 91' lang='lat' dir='ltr'><strong>de</strong></span> <span class='ocrx_word' id='word_1_165' title='bbox 254 2442 440 2507; x_wconf 85' lang='lat' dir='ltr'><strong>lontibus</strong></span> <span class='ocrx_word' id='word_1_166' title='bbox 474 2442 647 2508; x_wconf 89' lang='lat' dir='ltr'><strong>Israhel.</strong></span> <span class='ocrx_word' id='word_1_167' title='bbox 692 2443 747 2508; x_wconf 91' lang='lat' dir='ltr'><strong>ibi</strong></span> <span class='ocrx_word' id='word_1_168' title='bbox 785 2444 997 2509; x_wconf 90' lang='lat' dir='ltr'><strong>Beniamin</strong></span> <span class='ocrx_word' id='word_1_169' title='bbox 1028 2443 1163 2509; x_wconf 92' lang='lat' dir='ltr'><strong>iunior</strong></span> <span class='ocrx_word' id='word_1_170' title='bbox 1193 2445 1350 2523; x_wconf 52' lang='lat' dir='ltr'><strong>iupa·</strong></span> 
     </span>
     <span class='ocr_line' id='line_1_22' title="bbox 174 2539 1362 2633; baseline -0.004 -21"><span class='ocrx_word' id='word_1_171' title='bbox 174 2566 278 2624; x_wconf 89' lang='lat' dir='ltr'><strong>uore,</strong></span> <span class='ocrx_word' id='word_1_172' title='bbox 299 2546 508 2627; x_wconf 89' lang='lat' dir='ltr'><strong>principes</strong></span> <span class='ocrx_word' id='word_1_173' title='bbox 533 2547 630 2612; x_wconf 89' lang='lat' dir='ltr'><strong>Iuda</strong></span> <span class='ocrx_word' id='word_1_174' title='bbox 653 2549 777 2613; x_wconf 87' lang='lat' dir='ltr'><strong>duces</strong></span> <span class='ocrx_word' id='word_1_175' title='bbox 801 2568 943 2626; x_wconf 83' lang='lat' dir='ltr'><strong>eornm,</strong></span> <span class='ocrx_word' id='word_1_176' title='bbox 966 2539 1362 2633; x_wconf 53' lang='lat' dir='ltr'><strong>prinoipeszaouss·</strong></span> 
     </span>
     <span class='ocr_line' id='line_1_23' title="bbox 175 2635 1377 2736; baseline -0.001 -21"><span class='ocrx_word' id='word_1_177' title='bbox 175 2650 247 2725; x_wconf 82' lang='lat' dir='ltr'><strong>lon</strong></span> <span class='ocrx_word' id='word_1_178' title='bbox 271 2651 482 2731; x_wconf 88' lang='lat' dir='ltr'><strong>principes</strong></span> <span class='ocrx_word' id='word_1_179' title='bbox 506 2650 755 2735; x_wconf 89' lang='lat' dir='ltr'><strong>Nopthalim.</strong></span> <span class='ocrx_word' id='word_1_180' title='bbox 800 2652 849 2716; x_wconf 91' lang='lat' dir='ltr'><strong>dei</strong></span> <span class='ocrx_word' id='word_1_181' title='bbox 871 2653 1124 2736; x_wconf 89' lang='lat' dir='ltr'><strong>quidemitinara</strong></span> <span class='ocrx_word' id='word_1_182' title='bbox 1146 2661 1216 2718; x_wconf 92' lang='lat' dir='ltr'><strong>sunt</strong></span> <span class='ocrx_word' id='word_1_183' title='bbox 1233 2649 1321 2716; x_wconf 54' lang='lat' dir='ltr'><strong>uis}</strong></span> <span class='ocrx_word' id='word_1_184' title='bbox 1350 2635 1377 2681; x_wconf 66' lang='lat'><strong>⁸⁴</strong></span> 
     </span>
     <span class='ocr_line' id='line_1_24' title="bbox 175 2718 1388 2841; baseline -0.002 -21"><span class='ocrx_word' id='word_1_185' title='bbox 175 2773 246 2820; x_wconf 92' lang='lat' dir='ltr'><strong>cum</strong></span> <span class='ocrx_word' id='word_1_186' title='bbox 270 2754 385 2820; x_wconf 91' lang='lat' dir='ltr'><strong>coactis</strong></span> <span class='ocrx_word' id='word_1_187' title='bbox 408 2756 439 2819; x_wconf 95' lang='lat' dir='ltr'><strong>in</strong></span> <span class='ocrx_word' id='word_1_188' title='bbox 463 2755 596 2838; x_wconf 86' lang='lat' dir='ltr'><strong>glaciem</strong></span> <span class='ocrx_word' id='word_1_189' title='bbox 622 2756 711 2839; x_wconf 81' lang='lat' dir='ltr'><strong>aquis</strong></span> <span class='ocrx_word' id='word_1_190' title='bbox 736 2764 891 2836; x_wconf 75' lang='lat' dir='ltr'><strong>preeunte</strong></span> <span class='ocrx_word' id='word_1_191' title='bbox 915 2756 1003 2822; x_wconf 92' lang='lat' dir='ltr'><strong>eoin</strong></span> <span class='ocrx_word' id='word_1_192' title='bbox 1027 2757 1172 2822; x_wconf 90' lang='lat' dir='ltr'><strong>columna</strong></span> <span class='ocrx_word' id='word_1_193' title='bbox 1187 2718 1388 2841; x_wconf 48' lang='grc' dir='ltr'><strong>ἰςιιίιίοἱ</strong></span> 
     </span>
    </p>
   </div>
   <div class='ocr_carea' id='block_1_4' title="bbox 220 2945 1330 3036">
    <p class='ocr_par' dir='ltr' id='par_1_4' title="bbox 220 2945 1330 3036">
     <span class='ocr_line' id='line_1_25' title="bbox 220 2945 1330 3036; baseline 0.003 -39"><span class='ocrx_word' id='word_1_194' title='bbox 220 2949 230 2997; x_wconf 93' lang='grc'>1</span> <span class='ocrx_word' id='word_1_195' title='bbox 252 2945 363 2999; x_wconf 87' lang='lat' dir='ltr'><strong>diuinae</strong></span> <span class='ocrx_word' id='word_1_196' title='bbox 382 2947 531 3036; x_wconf 80' lang='lat' dir='ltr'><strong>memoriae</strong></span> <span class='ocrx_word' id='word_1_197' title='bbox 544 2948 699 3001; x_wconf 82' lang='lat' dir='ltr'><strong>seueritatis</strong></span> <span class='ocrx_word' id='word_1_198' title='bbox 719 2949 741 3000; x_wconf 95' lang='lat' dir='ltr'><em>V</em></span> <span class='ocrx_word' id='word_1_199' title='bbox 792 2956 820 3001; x_wconf 86' lang='lat' dir='ltr'><strong>et</strong></span> <span class='ocrx_word' id='word_1_200' title='bbox 839 2948 950 3016; x_wconf 83' lang='lat' dir='ltr'><strong>quidem</strong></span> <span class='ocrx_word' id='word_1_201' title='bbox 969 2946 1078 3012; x_wconf 84' lang='lat' dir='ltr'><strong>(etcdd.</strong></span> <span class='ocrx_word' id='word_1_202' title='bbox 1089 2967 1121 3001; x_wconf 87' lang='lat' dir='ltr'><strong>m.</strong></span> <span class='ocrx_word' id='word_1_203' title='bbox 1132 2947 1162 3014; x_wconf 81' lang='lat'><strong>2)</strong></span> <span class='ocrx_word' id='word_1_204' title='bbox 1179 2948 1201 3000; x_wconf 85' lang='lat' dir='ltr'><em>V</em></span> <span class='ocrx_word' id='word_1_205' title='bbox 1247 2949 1330 3000; x_wconf 62' lang='lat' dir='ltr'><strong>dr</strong></span> 
     </span>
    </p>
   </div>
   <div class='ocr_carea' id='block_1_5' title="bbox 173 3067 1395 3241">
    <p class='ocr_par' dir='ltr' id='par_1_5' title="bbox 173 3067 1395 3241">
     <span class='ocr_line' id='line_1_26' title="bbox 173 3067 1348 3138; baseline 0.003 -19"><span class='ocrx_word' id='word_1_206' title='bbox 173 3067 354 3120; x_wconf 87' lang='lat' dir='ltr'><strong>incidentium</strong></span> <span class='ocrx_word' id='word_1_207' title='bbox 369 3069 393 3120; x_wconf 88' lang='lat' dir='ltr'><em>V</em></span> <span class='ocrx_word' id='word_1_208' title='bbox 408 3069 594 3122; x_wconf 88' lang='lat' dir='ltr'><strong>incedentium</strong></span> <span class='ocrx_word' id='word_1_209' title='bbox 614 3067 672 3135; x_wconf 75' lang='lat' dir='ltr'><strong>(um.</strong></span> <span class='ocrx_word' id='word_1_210' title='bbox 686 3068 724 3135; x_wconf 82' lang='lat' dir='ltr'><strong>et)</strong></span> <span class='ocrx_word' id='word_1_211' title='bbox 743 3070 805 3122; x_wconf 68' lang='lat' dir='ltr'><strong>Vre</strong></span> <span class='ocrx_word' id='word_1_212' title='bbox 858 3072 874 3123; x_wconf 83' lang='lat'>6</span> <span class='ocrx_word' id='word_1_213' title='bbox 893 3080 920 3122; x_wconf 89' lang='lat' dir='ltr'><strong>et</strong></span> <span class='ocrx_word' id='word_1_214' title='bbox 939 3075 1048 3123; x_wconf 83' lang='lat' dir='ltr'><strong>tantum</strong></span> <span class='ocrx_word' id='word_1_215' title='bbox 1067 3069 1162 3138; x_wconf 75' lang='lat' dir='ltr'><strong>lingua</strong></span> <span class='ocrx_word' id='word_1_216' title='bbox 1179 3070 1202 3122; x_wconf 89' lang='lat' dir='ltr'><em>V</em></span> <span class='ocrx_word' id='word_1_217' title='bbox 1247 3070 1348 3124; x_wconf 55' lang='lat' dir='ltr'><strong>eff</strong></span> 
     </span>
     <span class='ocr_line' id='line_1_27' title="bbox 173 3135 1395 3241; baseline 0.006 -36"><span class='ocrx_word' id='word_1_218' title='bbox 173 3154 257 3221; x_wconf 90' lang='lat' dir='ltr'><strong>quiP</strong></span> <span class='ocrx_word' id='word_1_219' title='bbox 307 3155 387 3208; x_wconf 84' lang='lat' dir='ltr'><strong>iudae</strong></span> <span class='ocrx_word' id='word_1_220' title='bbox 403 3155 539 3241; x_wconf 68' lang='lat' dir='ltr'><strong>ViudeP</strong></span> <span class='ocrx_word' id='word_1_221' title='bbox 554 3145 754 3210; x_wconf 68' lang='lat' dir='ltr'><strong>iudaeoruml‘]</strong></span> <span class='ocrx_word' id='word_1_222' title='bbox 810 3159 909 3209; x_wconf 88' lang='lat' dir='ltr'><strong>9snut</strong></span> <span class='ocrx_word' id='word_1_223' title='bbox 927 3174 957 3209; x_wconf 75' lang='lat' dir='ltr'><strong>ec</strong></span> <span class='ocrx_word' id='word_1_224' title='bbox 974 3154 1127 3209; x_wconf 76' lang='lat' dir='ltr'><strong>suiro.2V</strong></span> <span class='ocrx_word' id='word_1_225' title='bbox 1190 3159 1282 3225; x_wconf 83' lang='lat' dir='ltr'><strong>loqu</strong></span> <span class='ocrx_word' id='word_1_226' title='bbox 1327 3135 1395 3179; x_wconf 40' lang='grc' dir='ltr'><strong>μ’</strong></span> 
     </span>
    </p>
   </div>
   <div class='ocr_carea' id='block_1_6' title="bbox 172 3245 1387 3435">
    <p class='ocr_par' dir='ltr' id='par_1_6' title="bbox 172 3245 1387 3435">
     <span class='ocr_line' id='line_1_28' title="bbox 172 3245 1387 3338; baseline 0.004 -20"><span class='ocrx_word' id='word_1_227' title='bbox 172 3271 232 3319; x_wconf 90' lang='lat' dir='ltr'><strong>tum</strong></span> <span class='ocrx_word' id='word_1_228' title='bbox 250 3275 358 3335; x_wconf 77' lang='lat' dir='ltr'><strong>gestum</strong></span> <span class='ocrx_word' id='word_1_229' title='bbox 378 3273 419 3320; x_wconf 83' lang='lat' dir='ltr'><strong>eet</strong></span> <span class='ocrx_word' id='word_1_230' title='bbox 438 3268 465 3320; x_wconf 94' lang='lat' dir='ltr'><strong>id</strong></span> <span class='ocrx_word' id='word_1_231' title='bbox 478 3286 526 3321; x_wconf 87' lang='lat' dir='ltr'><strong>om.</strong></span> <span class='ocrx_word' id='word_1_232' title='bbox 538 3269 587 3320; x_wconf 68' lang='lat' dir='ltr'><strong>Vr</strong></span> <span class='ocrx_word' id='word_1_233' title='bbox 641 3270 672 3321; x_wconf 77' lang='lat'><strong>12</strong></span> <span class='ocrx_word' id='word_1_234' title='bbox 691 3286 758 3336; x_wconf 86' lang='lat' dir='ltr'><strong>quoa</strong></span> <span class='ocrx_word' id='word_1_235' title='bbox 777 3267 835 3333; x_wconf 86' lang='lat' dir='ltr'><strong>(om.</strong></span> <span class='ocrx_word' id='word_1_236' title='bbox 855 3268 894 3334; x_wconf 80' lang='lat' dir='ltr'><strong>in)</strong></span> <span class='ocrx_word' id='word_1_237' title='bbox 910 3269 1014 3338; x_wconf 86' lang='lat' dir='ltr'><strong>Pepud</strong></span> <span class='ocrx_word' id='word_1_238' title='bbox 1033 3271 1139 3338; x_wconf 85' lang='lat' dir='ltr'><strong>quosT</strong></span> <span class='ocrx_word' id='word_1_239' title='bbox 1191 3245 1387 3325; x_wconf 50' lang='lat' dir='ltr'><strong>imbrs</strong></span> 
     </span>
     <span class='ocr_line' id='line_1_29' title="bbox 172 3336 1387 3435; baseline 0.004 -29"><span class='ocrx_word' id='word_1_240' title='bbox 172 3353 213 3406; x_wconf 89' lang='lat' dir='ltr'><strong>tio</strong></span> <span class='ocrx_word' id='word_1_241' title='bbox 231 3354 308 3407; x_wconf 89' lang='lat' dir='ltr'><strong>nobis</strong></span> <span class='ocrx_word' id='word_1_242' title='bbox 333 3355 356 3405; x_wconf 92' lang='lat' dir='ltr'><em>V</em></span> <span class='ocrx_word' id='word_1_243' title='bbox 378 3355 608 3408; x_wconf 86' lang='lat' dir='ltr'><strong>inumbrationib:</strong></span> <span class='ocrx_word' id='word_1_244' title='bbox 629 3356 654 3406; x_wconf 88' lang='lat' dir='ltr'><em>P</em></span> <span class='ocrx_word' id='word_1_245' title='bbox 706 3358 738 3409; x_wconf 82' lang='grc'><strong>13</strong></span> <span class='ocrx_word' id='word_1_246' title='bbox 757 3356 859 3435; x_wconf 80' lang='lat' dir='ltr'><strong>umeris</strong></span> <span class='ocrx_word' id='word_1_247' title='bbox 886 3355 908 3407; x_wconf 89' lang='lat' dir='ltr'><em>V</em></span> <span class='ocrx_word' id='word_1_248' title='bbox 958 3355 1092 3424; x_wconf 82' lang='lat' dir='ltr'><strong>spiritalia</strong></span> <span class='ocrx_word' id='word_1_249' title='bbox 1119 3376 1149 3410; x_wconf 74' lang='lat' dir='ltr'><strong>ea</strong></span> <span class='ocrx_word' id='word_1_250' title='bbox 1175 3336 1387 3426; x_wconf 49' lang='grc' dir='ltr'><strong>ηὴιίιιύβ1</strong></span> 
     </span>
    </p>
   </div>
   <div class='ocr_carea' id='block_1_7' title="bbox 173 3444 1372 3543">
    <p class='ocr_par' dir='ltr' id='par_1_7' title="bbox 173 3444 1372 3543">
     <span class='ocr_line' id='line_1_30' title="bbox 173 3444 1372 3543; baseline 0.008 -35"><span class='ocrx_word' id='word_1_251' title='bbox 173 3456 231 3520; x_wconf 80' lang='lat' dir='ltr'><strong>(bis)</strong></span> <span class='ocrx_word' id='word_1_252' title='bbox 257 3477 288 3508; x_wconf 85' lang='lat' dir='ltr'><strong>m.</strong></span> <span class='ocrx_word' id='word_1_253' title='bbox 314 3456 334 3509; x_wconf 77' lang='lat'><em>2</em></span> <span class='ocrx_word' id='word_1_254' title='bbox 359 3458 382 3510; x_wconf 98' lang='lat' dir='ltr'><em>V</em></span> <span class='ocrx_word' id='word_1_255' title='bbox 432 3458 509 3511; x_wconf 89' lang='lat' dir='ltr'><strong>cibus</strong></span> <span class='ocrx_word' id='word_1_256' title='bbox 536 3464 563 3511; x_wconf 89' lang='lat' dir='ltr'><strong>et</strong></span> <span class='ocrx_word' id='word_1_257' title='bbox 591 3459 723 3526; x_wconf 87' lang='lat' dir='ltr'><strong>spiritalis</strong></span> <span class='ocrx_word' id='word_1_258' title='bbox 751 3478 799 3512; x_wconf 85' lang='lat' dir='ltr'><strong>om.</strong></span> <span class='ocrx_word' id='word_1_259' title='bbox 820 3460 844 3512; x_wconf 81' lang='lat' dir='ltr'><em>R</em></span> <span class='ocrx_word' id='word_1_260' title='bbox 901 3462 931 3513; x_wconf 83' lang='grc'><strong>14</strong></span> <span class='ocrx_word' id='word_1_261' title='bbox 949 3477 996 3528; x_wconf 88' lang='lat' dir='ltr'><strong>spe</strong></span> <span class='ocrx_word' id='word_1_262' title='bbox 1024 3460 1083 3525; x_wconf 87' lang='lat' dir='ltr'><strong>(om.</strong></span> <span class='ocrx_word' id='word_1_263' title='bbox 1111 3460 1151 3526; x_wconf 85' lang='lat' dir='ltr'><strong>in)</strong></span> <span class='ocrx_word' id='word_1_264' title='bbox 1186 3462 1209 3514; x_wconf 88' lang='lat' dir='ltr'><em>V</em></span> <span class='ocrx_word' id='word_1_265' title='bbox 1258 3479 1291 3516; x_wconf 90' lang='lat' dir='ltr'><strong>no</strong></span> <span class='ocrx_word' id='word_1_266' title='bbox 1308 3444 1372 3543; x_wconf 45' lang='lat' dir='ltr'><strong>,J</strong></span> 
     </span>
    </p>
   </div>
   <div class='ocr_carea' id='block_1_8' title="bbox 172 3520 1355 3754">
    <p class='ocr_par' dir='ltr' id='par_1_8' title="bbox 172 3520 1355 3754">
     <span class='ocr_line' id='line_1_31' title="bbox 172 3520 1355 3613; baseline 0.003 -17"><span class='ocrx_word' id='word_1_267' title='bbox 172 3560 281 3611; x_wconf 86' lang='lat' dir='ltr'><strong>quoque</strong></span> <span class='ocrx_word' id='word_1_268' title='bbox 314 3545 338 3594; x_wconf 90' lang='lat' dir='ltr'><em>V</em></span> <span class='ocrx_word' id='word_1_269' title='bbox 396 3552 425 3598; x_wconf 90' lang='lat' dir='ltr'><strong>ut</strong></span> <span class='ocrx_word' id='word_1_270' title='bbox 455 3551 483 3599; x_wconf 90' lang='lat' dir='ltr'><strong>et</strong></span> <span class='ocrx_word' id='word_1_271' title='bbox 513 3561 621 3613; x_wconf 85' lang='lat' dir='ltr'><strong>semper</strong></span> <span class='ocrx_word' id='word_1_272' title='bbox 651 3545 714 3598; x_wconf 69' lang='lat' dir='ltr'><strong>Pro</strong></span> <span class='ocrx_word' id='word_1_273' title='bbox 776 3548 808 3600; x_wconf 90' lang='grc'><strong>16</strong></span> <span class='ocrx_word' id='word_1_274' title='bbox 826 3547 960 3600; x_wconf 83' lang='lat' dir='ltr'><strong>connexio</strong></span> <span class='ocrx_word' id='word_1_275' title='bbox 993 3547 1046 3600; x_wconf 82' lang='lat' dir='ltr'><strong>TE</strong></span> <span class='ocrx_word' id='word_1_276' title='bbox 1104 3549 1135 3601; x_wconf 82' lang='lat' dir='ltr'><strong>l‘r&#39;</strong></span> <span class='ocrx_word' id='word_1_277' title='bbox 1151 3534 1184 3601; x_wconf 61' lang='lat' dir='ltr'><strong>&#39;in</strong></span> <span class='ocrx_word' id='word_1_278' title='bbox 1214 3544 1260 3604; x_wconf 67' lang='lat' dir='ltr'><strong>a&#39;o&#39;c</strong></span> <span class='ocrx_word' id='word_1_279' title='bbox 1290 3520 1355 3600; x_wconf 52' lang='lat' dir='ltr'>f</span> 
     </span>
     <span class='ocr_line' id='line_1_32' title="bbox 174 3629 1323 3754; baseline 0.006 -18"><span class='ocrx_word' id='word_1_280' title='bbox 174 3684 207 3737; x_wconf 85' lang='lat'><strong>19</strong></span> <span class='ocrx_word' id='word_1_281' title='bbox 224 3629 481 3751; x_wconf 68' lang='lat' dir='ltr'><strong>tympbnistriarum</strong></span> <span class='ocrx_word' id='word_1_282' title='bbox 509 3684 537 3746; x_wconf 81' lang='lat' dir='ltr'><strong>lh</strong></span> <span class='ocrx_word' id='word_1_283' title='bbox 564 3703 635 3754; x_wconf 78' lang='lat' dir='ltr'><strong>supr.</strong></span> <span class='ocrx_word' id='word_1_284' title='bbox 662 3702 711 3737; x_wconf 80' lang='lat' dir='ltr'><strong>arr.</strong></span> <span class='ocrx_word' id='word_1_285' title='bbox 738 3703 770 3737; x_wconf 86' lang='lat' dir='ltr'><strong>m..</strong></span> <span class='ocrx_word' id='word_1_286' title='bbox 795 3682 827 3746; x_wconf 80' lang='lat'><strong>3)</strong></span> <span class='ocrx_word' id='word_1_287' title='bbox 858 3685 882 3737; x_wconf 77' lang='lat' dir='ltr'><em>R</em></span> <span class='ocrx_word' id='word_1_288' title='bbox 909 3685 1188 3753; x_wconf 83' lang='lat' dir='ltr'><strong>tymphanistriarum</strong></span> <span class='ocrx_word' id='word_1_289' title='bbox 1213 3689 1238 3742; x_wconf 90' lang='lat' dir='ltr'><em>V</em></span> <span class='ocrx_word' id='word_1_290' title='bbox 1285 3691 1323 3743; x_wconf 71' lang='lat' dir='ltr'><strong>in</strong></span> 
     </span>
    </p>
   </div>
   <div class='ocr_carea' id='block_1_9' title="bbox 172 3766 1394 4267">
    <p class='ocr_par' dir='ltr' id='par_1_9' title="bbox 172 3766 1323 3847">
     <span class='ocr_line' id='line_1_33' title="bbox 172 3766 1323 3847; baseline 0.006 -24"><span class='ocrx_word' id='word_1_291' title='bbox 172 3769 295 3823; x_wconf 71' lang='lat' dir='ltr'><strong>aceresia</strong></span> <span class='ocrx_word' id='word_1_292' title='bbox 315 3769 468 3823; x_wconf 68' lang='lat' dir='ltr'><strong>aenaeam</strong></span> <span class='ocrx_word' id='word_1_293' title='bbox 487 3789 534 3823; x_wconf 72' lang='lat' dir='ltr'><strong>om.</strong></span> <span class='ocrx_word' id='word_1_294' title='bbox 560 3771 584 3822; x_wconf 90' lang='lat' dir='ltr'><em>V</em></span> <span class='ocrx_word' id='word_1_295' title='bbox 634 3767 689 3823; x_wconf 69' lang='lat' dir='ltr'><strong>aas</strong></span> <span class='ocrx_word' id='word_1_296' title='bbox 714 3772 738 3822; x_wconf 79' lang='lat' dir='ltr'><strong>r</strong></span> <span class='ocrx_word' id='word_1_297' title='bbox 753 3772 820 3824; x_wconf 80' lang='lat' dir='ltr'><strong>unm</strong></span> <span class='ocrx_word' id='word_1_298' title='bbox 847 3771 914 3824; x_wconf 83' lang='lat' dir='ltr'><strong>anm</strong></span> <span class='ocrx_word' id='word_1_299' title='bbox 944 3772 992 3824; x_wconf 72' lang='lat' dir='ltr'><strong>rr</strong></span> <span class='ocrx_word' id='word_1_300' title='bbox 1017 3773 1160 3847; x_wconf 72' lang='lat' dir='ltr'><strong>romaum</strong></span> <span class='ocrx_word' id='word_1_301' title='bbox 1187 3775 1272 3830; x_wconf 74' lang='lat' dir='ltr'><strong>ceum</strong></span> <span class='ocrx_word' id='word_1_302' title='bbox 1291 3766 1323 3829; x_wconf 72' lang='grc' dir='ltr'><em>Ε</em></span> 
     </span>
    </p>

    <p class='ocr_par' dir='ltr' id='par_1_10' title="bbox 172 3856 1394 4170">
     <span class='ocr_line' id='line_1_34' title="bbox 172 3856 1310 3991; baseline 0.009 -31"><span class='ocrx_word' id='word_1_303' title='bbox 172 3907 206 3971; x_wconf 82' lang='lat' dir='ltr'><strong>cf.</strong></span> <span class='ocrx_word' id='word_1_304' title='bbox 225 3908 297 3976; x_wconf 85' lang='lat' dir='ltr'><strong>iasro</strong></span> <span class='ocrx_word' id='word_1_305' title='bbox 350 3912 384 3961; x_wconf 74' lang='lat'><strong>‘20</strong></span> <span class='ocrx_word' id='word_1_306' title='bbox 403 3908 516 3962; x_wconf 86' lang='lat' dir='ltr'><strong>istrahel</strong></span> <span class='ocrx_word' id='word_1_307' title='bbox 535 3910 560 3961; x_wconf 93' lang='lat' dir='ltr'><em>V</em></span> <span class='ocrx_word' id='word_1_308' title='bbox 609 3911 656 3963; x_wconf 91' lang='lat' dir='ltr'><strong>uhi</strong></span> <span class='ocrx_word' id='word_1_309' title='bbox 674 3856 814 3991; x_wconf 67' lang='lat' dir='ltr'><strong>beniamin</strong></span> <span class='ocrx_word' id='word_1_310' title='bbox 839 3910 863 3963; x_wconf 88' lang='lat' dir='ltr'><em>V</em></span> <span class='ocrx_word' id='word_1_311' title='bbox 912 3911 941 3964; x_wconf 89' lang='lat' dir='ltr'><strong>in</strong></span> <span class='ocrx_word' id='word_1_312' title='bbox 959 3916 1062 3978; x_wconf 74' lang='lat' dir='ltr'><strong>pauore</strong></span> <span class='ocrx_word' id='word_1_313' title='bbox 1081 3911 1135 3964; x_wconf 87' lang='lat' dir='ltr'><strong>RP</strong></span> <span class='ocrx_word' id='word_1_314' title='bbox 1185 3914 1310 3985; x_wconf 76' lang='lat' dir='ltr'><strong>21prin-</strong></span> 
     </span>
     <span class='ocr_line' id='line_1_35' title="bbox 172 4011 1394 4087; baseline 0.007 -24"><span class='ocrx_word' id='word_1_315' title='bbox 172 4011 247 4079; x_wconf 85' lang='lat' dir='ltr'><strong>cipes</strong></span> <span class='ocrx_word' id='word_1_316' title='bbox 266 4040 297 4047; x_wconf 89' lang='lat'>—</span> <span class='ocrx_word' id='word_1_317' title='bbox 317 4030 410 4064; x_wconf 89' lang='lat' dir='ltr'><strong>eorum</strong></span> <span class='ocrx_word' id='word_1_318' title='bbox 429 4015 456 4064; x_wconf 83' lang='lat' dir='ltr'><strong>ia</strong></span> <span class='ocrx_word' id='word_1_319' title='bbox 475 4031 557 4080; x_wconf 76' lang='lat' dir='ltr'><strong>roorp.</strong></span> <span class='ocrx_word' id='word_1_320' title='bbox 588 4033 643 4083; x_wconf 81' lang='lat' dir='ltr'><strong>sap.</strong></span> <span class='ocrx_word' id='word_1_321' title='bbox 671 4016 730 4066; x_wconf 79' lang='lat' dir='ltr'><strong>edd.</strong></span> <span class='ocrx_word' id='word_1_322' title='bbox 760 4033 791 4066; x_wconf 82' lang='lat' dir='ltr'><strong>m.</strong></span> <span class='ocrx_word' id='word_1_323' title='bbox 812 4012 832 4066; x_wconf 83' lang='lat'><em>2</em></span> <span class='ocrx_word' id='word_1_324' title='bbox 855 4014 880 4066; x_wconf 90' lang='lat' dir='ltr'><em>V</em></span> <span class='ocrx_word' id='word_1_325' title='bbox 929 4014 1061 4068; x_wconf 87' lang='lat' dir='ltr'><strong>diabulon</strong></span> <span class='ocrx_word' id='word_1_326' title='bbox 1082 4015 1107 4066; x_wconf 86' lang='lat' dir='ltr'><em>P</em></span> <span class='ocrx_word' id='word_1_327' title='bbox 1123 4015 1175 4073; x_wconf 78' lang='lat' dir='ltr'><strong>(sic</strong></span> <span class='ocrx_word' id='word_1_328' title='bbox 1193 4029 1217 4070; x_wconf 77' lang='lat' dir='ltr'><strong>et</strong></span> <span class='ocrx_word' id='word_1_329' title='bbox 1236 4019 1308 4087; x_wconf 71' lang='lat' dir='ltr'><strong>infr.)</strong></span> <span class='ocrx_word' id='word_1_330' title='bbox 1382 4020 1394 4081; x_wconf 64' lang='grc' dir='ltr'><strong>ἰ,-</strong></span> 
     </span>
     <span class='ocr_line' id='line_1_36' title="bbox 172 4098 1314 4170; baseline 0.004 -20"><span class='ocrx_word' id='word_1_331' title='bbox 172 4098 207 4150; x_wconf 70' lang='lat'><strong>22</strong></span> <span class='ocrx_word' id='word_1_332' title='bbox 224 4099 357 4166; x_wconf 88' lang='lat' dir='ltr'><strong>principis</strong></span> <span class='ocrx_word' id='word_1_333' title='bbox 383 4100 406 4151; x_wconf 90' lang='lat' dir='ltr'><em>V</em></span> <span class='ocrx_word' id='word_1_334' title='bbox 456 4100 607 4168; x_wconf 83' lang='lat' dir='ltr'><strong>nepthalim</strong></span> <span class='ocrx_word' id='word_1_335' title='bbox 633 4119 662 4154; x_wconf 78' lang='lat' dir='ltr'><strong>ea</strong></span> <span class='ocrx_word' id='word_1_336' title='bbox 686 4101 820 4170; x_wconf 87' lang='lat' dir='ltr'><strong>neptalim</strong></span> <span class='ocrx_word' id='word_1_337' title='bbox 847 4119 880 4154; x_wconf 89' lang='lat' dir='ltr'><strong>m.</strong></span> <span class='ocrx_word' id='word_1_338' title='bbox 902 4101 916 4152; x_wconf 91' lang='lat' dir='ltr'><strong>l</strong></span> <span class='ocrx_word' id='word_1_339' title='bbox 935 4101 961 4153; x_wconf 88' lang='lat' dir='ltr'><em>R</em></span> <span class='ocrx_word' id='word_1_340' title='bbox 979 4101 1111 4168; x_wconf 87' lang='lat' dir='ltr'><strong>neptalim</strong></span> <span class='ocrx_word' id='word_1_341' title='bbox 1131 4102 1185 4155; x_wconf 88' lang='lat' dir='ltr'><strong>PT</strong></span> <span class='ocrx_word' id='word_1_342' title='bbox 1184 4122 1204 4154; x_wconf 79' lang='grc' dir='ltr'><strong><em>α</em></strong></span> <span class='ocrx_word' id='word_1_343' title='bbox 1259 4107 1314 4163; x_wconf 68' lang='lat' dir='ltr'><strong>uin</strong></span> 
     </span>
    </p>

    <p class='ocr_par' dir='ltr' id='par_1_11' title="bbox 172 4186 815 4267">
     <span class='ocr_line' id='line_1_37' title="bbox 172 4186 815 4267; baseline 0.006 -31"><span class='ocrx_word' id='word_1_344' title='bbox 172 4202 220 4237; x_wconf 88' lang='lat' dir='ltr'><strong>om.</strong></span> <span class='ocrx_word' id='word_1_345' title='bbox 245 4186 268 4236; x_wconf 83' lang='lat' dir='ltr'><em>V</em></span> <span class='ocrx_word' id='word_1_346' title='bbox 318 4188 352 4240; x_wconf 79' lang='lat'><strong>23</strong></span> <span class='ocrx_word' id='word_1_347' title='bbox 371 4203 433 4239; x_wconf 87' lang='lat' dir='ltr'><strong>cum</strong></span> <span class='ocrx_word' id='word_1_348' title='bbox 452 4205 467 4267; x_wconf 75' lang='lat' dir='ltr'><strong>a</strong></span> <span class='ocrx_word' id='word_1_349' title='bbox 486 4188 588 4240; x_wconf 89' lang='lat' dir='ltr'><strong>coactis</strong></span> <span class='ocrx_word' id='word_1_350' title='bbox 606 4205 672 4240; x_wconf 85' lang='lat' dir='ltr'><strong>corr.</strong></span> <span class='ocrx_word' id='word_1_351' title='bbox 692 4207 723 4240; x_wconf 89' lang='lat' dir='ltr'><strong>m.</strong></span> <span class='ocrx_word' id='word_1_352' title='bbox 743 4186 763 4240; x_wconf 83' lang='lat'><em>2</em></span> <span class='ocrx_word' id='word_1_353' title='bbox 787 4188 815 4240; x_wconf 82' lang='lat'><strong>1&#39;.</strong></span> 
     </span>
    </p>
   </div>
   <div class='ocr_carea' id='block_1_10' title="bbox 0 0 1400 4844">
    <p class='ocr_par' dir='ltr' id='par_1_12' title="bbox 0 0 1400 4844">
     <span class='ocr_line' id='line_1_38' title="bbox 0 0 1400 4844; baseline 0 1"><span class='ocrx_word' id='word_1_354' title='bbox 0 0 1400 4844; x_wconf 95' lang='lat' dir='ltr'><strong> </strong></span> 
     </span>
    </p>
   </div>
  </div>
 </body>
</html>
