2790 4844
458 256 656 310 instructio
674 257 897 326 psalmorum.
1231 261 1249 322 7

61 494 64 499 .
99 445 324 531 intellegentiae
369 447 486 511 aditum
532 448 732 531 denegarent,
779 448 835 511 sub
869 446 1098 511 denuntiatione
1150 466 1249 531 poenae

98 549 182 613 itae
212 550 340 615 domiuo
364 559 550 633 arguuntur:
585 571 639 615 use
662 550 781 615 uobis
812 549 918 635 legis
950 552 1148 628 doctores,
1180 552 1246 635 qui

100 654 344 719 abstulistis
368 654 521 719 clauom
546 654 748 719 scientiae:
781 655 861 739 ipsi
895 675 970 718 non
993 655 1182 719 introitis
1210 666 1249 720 et

101 759 364 825 introeuntes
417 778 491 823 uon
536 758 677 823 sinitis
730 759 914 824 introire.
970 765 1121 843 negantes
1166 759 1248 823 euim

103 859 271 937 Christum,
296 864 383 928 ouius
406 864 557 927 aduentus
573 883 650 943 opus
666 870 715 928 est
729 862 957 946 prophetaram,
972 862 1092 928 elauem
1109 863 1245 928 soientiae
1288 892 1300 928 a

103 966 309 1045 abstulerunt3
333 968 405 1052 quia
427 967 634 1051 cognitionem
659 967 745 1051 legis,
768 987 837 1051 quae
851 968 1019 1031 aduentum
1035 967 1151 1032 domini
1181 987 1247 1031 oor·

105 1087 227 1151 pereum
251 1071 439 1153 praedicauit,
463 1071 541 1136 fides
564 1072 705 1153 corporei
728 1073 880 1137 aduentus
902 1070 1056 1155 abnegata
1080 1070 1247 1152 praeoludit.

149 1193 176 1257 u.
200 1194 238 1260 ut
253 1193 313 1259 hoo
330 1193 455 1276 quidem
472 1213 510 1258 ex
526 1193 611 1257 omni
627 1193 846 1274 seripturarum
864 1191 1113 1273 propheticarum
1130 1213 1247 1277 genere

113 1295 216 1361 dietum
239 1317 311 1363 esse
334 1297 579 1380 intellegendum
597 1306 653 1374 est,
678 1310 718 1371 ut,
743 1296 801 1361 nisi
824 1296 856 1360 in
879 1297 1048 1361 aduentum
1071 1297 1185 1361 domini
1209 1318 1246 1362 ex

116 1400 221 1485 uirgine
243 1403 276 1466 in
299 1401 459 1466 hominem
483 1402 665 1483 procreandi
689 1400 854 1483 intellecta)
876 1409 907 1465 et
929 1400 1098 1485 recognitus
1123 1402 1244 1478 suerint,
1274 1425 1298 1461 ιο

120 1501 322 1591 intellegentiae
345 1526 449 1570 earum
473 1506 520 1571 nis
543 1506 707 1590 obsignata
737 1505 887 1570 habeatur
916 1512 947 1570 et
976 1504 1088 1570 olansu.
1141 1511 1244 1572 tamen

125 1623 297 1693 nequaquam
333 1608 521 1691 psalmorum
557 1610 665 1674 librum
700 1609 759 1674 nisi
790 1630 845 1690 per
879 1609 974 1674 fidem
1004 1610 1155 1675 aduentus
1179 1610 1244 1675 eius

128 1728 199 1790 posse
227 1714 376 1798 intellegi,
409 1714 453 1778 ita
494 1714 576 1779 beati
611 1711 737 1778 Ioannis
769 1712 956 1796 Apocalypsi
1001 1715 1162 1778 docemur:
1208 1721 1246 1780 et

131 1817 248 1898 angelo
276 1816 585 1901 Philadelphiae
619 1817 809 1882 eoolesiae
843 1817 994 1882 scribe:
1039 1816 1107 1882 haeo
1141 1819 1245 1882 dioit

133 1929 270 1987 sanctus
304 1928 342 1986 et
375 1942 504 1996 uerus,
544 1922 609 2006 qui
647 1920 772 1986 habet
809 1922 963 1986 olauem
1007 1921 1141 1998 Dauid,
1177 1922 1245 2004 qui
1272 1944 1297 1980 ιε

135 2024 1243 2109 aperitetnomoclaudet;quiolaudit‚etnemoaperiet.

137 2119 221 2192 clauom
251 2131 344 2215 igitur
368 2130 468 2195 Duuid
503 2129 606 2206 habet,
640 2130 711 2213 quia
743 2131 810 2209 ipse
844 2129 912 2194 haeo
946 2138 1065 2209 septem
1101 2130 1244 2213 quaedam

137 2224 266 2307 annulo,
291 2254 360 2319 quae
384 2235 423 2299 de
453 2233 667 2315 corporalitate
697 2234 763 2299 eius
794 2239 825 2299 et
854 2234 1000 2317 passione
1030 2242 1062 2299 et
1091 2241 1190 2300 morte
1213 2243 1245 2299 et

137 2340 325 2404 resonatione
343 2350 373 2404 et
384 2338 483 2424 gloria
503 2346 533 2404 et
548 2358 646 2422 regno
667 2345 698 2404 et
716 2338 828 2403 iudicio
845 2338 945 2403 Dauid
961 2340 1000 2403 de
1016 2358 1052 2403 oo
1068 2339 1098 2402 in
1116 2338 1243 2418 psalmis

139 2437 270 2521 lophout,
293 2443 435 2518 absoluit,
457 2443 610 2524 aperiens,
634 2443 714 2526 quod
749 2462 841 2507 nemo
872 2442 1003 2519 claudet
1034 2450 1065 2507 et
1087 2442 1242 2516 claudens.
1272 2461 1297 2498 20

139 2541 195 2614 quod
212 2567 298 2612 nemo
322 2547 455 2628 aperiet;
490 2547 560 2628 quia
595 2567 650 2628 per
679 2545 769 2623 hano,
799 2566 868 2631 quas
904 2547 936 2610 in
966 2546 1018 2610 illo
1050 2547 1170 2629 expleta
1193 2552 1241 2612 est

138 2644 268 2727 prophetia,
292 2652 419 2735 aperiet
444 2653 525 2734 quod
549 2671 641 2716 nemo
662 2651 838 2731 praecludet
863 2658 894 2717 et
915 2656 1021 2716 contra
1052 2649 1180 2734 expletae
1209 2650 1241 2715 in

138 2758 162 2803 00
179 2754 329 2834 prophetiae
352 2755 416 2819 fide
438 2756 595 2838 abnegata
617 2755 747 2830 claudet,
771 2758 854 2838 quod
877 2774 969 2819 nemo
992 2755 1089 2835 possit
1111 2754 1239 2837 aperire.

137 2846 207 2918 nullus
233 2861 315 2924 onim
349 2859 407 2924 nisi
437 2859 498 2936 ille,
528 2859 559 2922 in
583 2879 644 2942 quo
667 2859 735 2925 haeo
758 2858 944 2942 prophetata
966 2868 1039 2923 suut
1061 2867 1092 2923 et
1114 2859 1242 2942 expleta,

137 2947 221 3024 lluuem
251 2963 475 3047 intellegentie
512 2963 602 3028 huius
636 2963 800 3044 impertiet.
852 2963 986 3047 denique
1015 2963 1046 3027 id
1077 2963 1178 3047 ipsum
1212 2964 1244 3028 in
1273 2978 1297 3020 ²⁵

136 3068 360 3148 consequentibus
395 3067 506 3145 docuit,
530 3067 654 3131 diosus:
694 3075 732 3132 et
765 3067 850 3132 uidi
881 3086 1001 3149 super
1035 3070 1245 3133 dexteram

135 3163 285 3236 sedentis
309 3172 349 3236 in
373 3171 521 3235 throno
545 3170 694 3236 librum
717 3172 917 3254 scriptum
940 3172 986 3235 de
1009 3172 1120 3236 intus
1143 3174 1242 3237 etde

135 3257 215 3345 soris,
234 3277 438 3360 signatum
466 3275 693 3359 signaculis
717 3285 889 3355 septem;
913 3285 950 3340 et
972 3275 1243 3341 uidialterum

165 3404 244 3466 ttae.
263 3416 310 3479 xl,
331 3416 372 3468 52.
416 3416 448 3467 13
468 3416 553 3482 Apoo.
573 3416 620 3481 HI,
639 3419 663 3468 7.
700 3417 734 3468 26
753 3416 838 3482 Apoc.
860 3414 893 3481 V,
913 3418 926 3468 l
947 3431 988 3481 sq.

165 3611 320 3690 lipsiquer
376 3625 405 3675 ll
426 3621 701 3691 intelligentiairu'luia
720 3642 739 3673 α
769 3622 1019 3692 intelligentiarum
1038 3623 1080 3675 uis
1098 3624 1123 3674 I)
1141 3623 1245 3677 intolli-

132 3702 203 3756 mli:
217 3725 306 3763 aarum
325 3708 385 3775 (om.
404 3710 457 3773 uia)
477 3720 500 3762 rt
555 3712 588 3764 16
605 3714 727 3763 atnemo
745 3709 857 3763 plaudet
892 3716 920 3763 et
938 3710 1049 3764 claudet
1085 3715 1113 3764 et
1131 3726 1245 3763 namor

133 3780 223 3846 1th
240 3803 346 3864 septam
367 3797 501 3864 quaedum
520 3798 612 3866 scripsi
638 3795 686 3866 (cs.
705 3815 770 3866 quae
794 3798 848 3850 (Ιὶτί
871 3799 944 3850 Stad.
964 3795 1045 3865 1886,
1064 3795 1121 3850 339
1139 3807 1162 3850 et
1180 3799 1246 3866 infr.

130 3884 153 3933 2·
173 3873 191 3938 ⁸,
215 3883 257 3946 lt)
284 3900 335 3952 por
365 3883 434 3936 haee
458 3888 564 3951 septem
589 3883 723 3952 quaedam
757 3881 817 3936 rcl¹b
852 3901 903 3953 per
934 3883 986 3938 hoo
1010 3884 1039 3938 iu
1073 3884 1191 3954 quodam
1215 3880 1246 3936 «1¹

132 3967 170 4018 W
187 3963 243 4022 bueo
263 3971 291 4024 ui
317 3969 436 4038 quadam
461 3990 474 4022 e
526 3973 561 4024 20
578 3971 700 4024 absoluit
719 3972 775 4023 DE
799 3971 961 4025 absoluetr
1013 3971 1139 4040 aporians
1163 3990 1245 4025 om.r

131 4044 278 4109 eteluidone
292 4058 349 4109 DE
364 4057 543 4110 etoluudetr
596 4059 630 4110 21
643 4057 708 4125 quia
721 4075 772 4126 per
790 4057 858 4110 haee
873 4067 892 4128 q
905 4078 925 4109 α
977 4061 1012 4112 22
1023 4058 1171 4127 prophetia
1182 4058 1245 4111 rDo

132 4135 275 4282 [1)ξὲδῖΐῖ
301 4163 314 4194 ι
367 4145 401 4197 26
428 4143 457 4196 in
484 4144 717 4211 consequentibus
754 4165 767 4196 r
794 4150 994 4212 consequenter
1028 4146 1084 4197 DF,
1108 4145 1143 4214 cs.
1171 4147 1243 4198 Strnl
