2790 4844
166 245 206 310 66
506 247 622 299 sancti
646 245 780 299 Hilarii
804 244 966 313 episcopi

164 436 333 520 fragmenti
355 435 443 500 istius
467 435 550 499 modi
574 436 723 499 damnum
746 433 895 515 proficere
910 435 941 497 in
957 433 1210 497 restaurationem
1228 433 1308 497 eius·

166 541 238 605 dem
261 540 342 603 uasis
366 540 510 604 ostendit.

209 643 259 707 39.
284 642 386 723 Qualis
409 650 512 707 entem
535 663 552 705 a
576 642 633 707 deo
657 643 827 707 secundum
847 661 902 706 uas
917 641 1003 726 figuli
1019 646 1124 706 nostra
1140 641 1307 705 confractio

165 749 214 826 sit,
236 748 321 812 idem
345 748 449 812 docuit
472 767 525 826 per
541 746 733 812 Hieremiam
757 745 949 827 prophetam,
973 745 1094 810 dicens:
1126 765 1247 829 surge
1272 753 1308 809 et

141 847 368 917 'descende
398 853 436 914 in
468 853 623 915 domum
661 851 797 934 siguli,
842 857 879 916 et
915 849 971 914 ibi
1006 850 1147 914 audies
1181 851 1307 914 uerba

165 977 257 1021 mea.
304 962 342 1020 et-
376 955 573 1019 dascendi
604 957 642 1019 in
676 956 832 1019 domum
862 953 993 1036 siguli,
1026 962 1063 1017 et
1093 974 1187 1018 ecce
1219 955 1308 1034 ipse

165 1059 346 1125 faciebat
369 1079 467 1140 opus
490 1079 611 1141 super
644 1059 813 1139 lapides.
859 1065 895 1123 et
919 1058 1071 1123 cecidit
1093 1077 1172 1134 nas,
1204 1058 1308 1139 qnod

165 1165 348 1229 faciebat
370 1164 408 1227 in
433 1163 617 1227 manibus
642 1165 746 1239 eius3
770 1164 979 1228 etiterum
1012 1163 1101 1241 ipse
1125 1161 1307 1226 saciabat

165 1289 233 1333 uas
271 1267 380 1332 aliud
419 1269 638 1332 secundum
677 1268 780 1350 quod
818 1266 974 1347 placuit
1012 1267 1050 1330 in
1085 1272 1309 1346 conspectu

165 1374 250 1438 eius
273 1380 314 1436 nt
337 1370 503 1437 laceret.
551 1378 589 1435 et
611 1371 765 1435 factum
797 1378 859 1435 est
888 1372 1052 1436 uerbum
1085 1371 1236 1434 domini
1260 1370 1308 1432 ad

165 1476 405 1554 medicans:
427 1476 697 1540 sisecnndum
722 1475 895 1558 figulum
920 1475 1023 1538 hunc
1047 1495 1121 1538 non
1144 1493 1305 1557 possum

165 1582 303 1646 facere
327 1601 405 1657 nos,
429 1581 567 1643 domus
584 1579 770 1644 Israhel?
793 1600 887 1644 ecce
912 1581 1019 1644 sicut·
1041 1579 1165 1642 lut-nm
1182 1578 1307 1662 figuli

164 1705 233 1750 nos
256 1686 360 1750 estis
383 1686 422 1748 in
446 1684 631 1748 manibus
655 1685 762 1748 meis.
788 1685 825 1747 in
850 1705 1000 1747 sunnma
1024 1683 1166 1766 loquar
1190 1702 1308 1763 snper

165 1796 327 1870 gentem
350 1794 417 1852 aut
439 1807 559 1868 super
582 1788 973 1872 regnumutferiam
990 1787 1306 1866 aosetpesdam:

165 1898 202 1958 et
223 1893 257 1957 si
280 1912 479 1957 conuersa
502 1892 630 1957 fuerit
653 1911 752 1975 gens
774 1891 849 1956 illa
872 1914 889 1955 a
914 1891 1032 1955 malis
1063 1892 1156 1967 suis,
1190 1892 1305 1971 preni-

166 1997 257 2061 tebo
292 1998 337 2060 de
372 1995 607 2079 malisque
637 1996 871 2079 cogitabam
904 1996 1040 2059 sincere
1064 1994 1161 2058 illis.
1208 2001 1245 2059 et
1268 1995 1305 2058 in

165 2120 314 2164 summa
348 2097 492 2183 loquar
515 2120 634 2180 super
658 2106 820 2184 gentem
842 2108 879 2164 et
903 2119 1078 2184 regnum,
1108 2106 1149 2163 ut
1171 2099 1306 2163 reaedi-

165 2204 288 2269 ficem
311 2212 349 2268 et·
372 2204 560 2284 plantem.
605 2204 820 2268 olfaciant
850 2203 953 2267 niala
984 2209 1076 2269 anta
1106 2224 1173 2280 11111,
1197 2210 1238 2266 ut
1261 2222 1306 2266 ne

165 2310 334 2373 audiant
364 2328 501 2372 nocem
533 2328 671 2380 meam;
703 2315 741 2371 et
763 2308 965 2389 panitebo
997 2308 1042 2372 de
1076 2308 1200 2381 bonis,
1224 2327 1307 2390 qna*

167 2412 324 2477 locutus
348 2432 431 2476 sum
455 2411 593 2476 fircera
617 2411 712 2475 illia.
758 2413 803 2477 sio
826 2414 935 2493 petitas
954 2420 1046 2496 atque
1063 2412 1203 2476 obtentas
1218 2411 1309 2476 hera-

165 2517 269 2581 ditatis
303 2536 365 2580 suar
399 2523 510 2599 gentes
543 2517 619 2580 deus
649 2517 826 2601 confringet-
856 2522 886 2581 et
916 2522 1063 2592 conteret,
1093 2522 1128 2579 nt
1150 2515 1309 2580 reformet.

164 2620 339 2703 confringet
361 2621 445 2684 enim
468 2621 499 2684 in
523 2622 665 2685 omnibns
699 2641 809 2684 omnes
841 2618 1041 2701 inexplebiles
1072 2619 1256 2701 ‹eupiditates
1279 2625 1310 2682 et

164 2724 372 2789 inlecebrosas
394 2722 536 2787 lasciuiae
562 2731 591 2788 et
609 2725 764 2789 seruantes
787 2726 849 2789 iras
881 2731 911 2787 et
937 2725 1044 2787 inanes
1076 2723 1310 2803 superstitiones

165 2833 195 2892 et
231 2834 385 2892 tumentes
414 2827 511 2892 fastus
543 2835 573 2892 et
602 2830 713 2909 impias
743 2830 909 2912 opiniones.
955 2828 1103 2892 reformat·
1126 2832 1229 2890 autem
1253 2846 1311 2890 nos

114 2959 139 2995 11
166 2932 206 2996 ad
228 2930 441 2995 rationabilem
463 2933 534 2996 uitae
564 2952 655 2996 nsum
685 2937 865 3013 contemptu
888 2933 1034 3012 pecunias,
1066 2930 1152 2994 luxus
1182 2931 1311 3011 pudore.

165 3037 218 3100 ira
242 3035 459 3111 moderatione,
482 3037 548 3100 nari
571 3037 707 3111 scientia,
742 3037 956 3101 communione
986 3036 1120 3110 uiuendi,
1150 3034 1311 3118 religionis

165 3137 286 3215 officiis,
310 3158 378 3203 cum
409 3160 464 3222 per
487 3141 633 3204 doctrinae
663 3141 805 3224 regimen
829 3146 1038 3223 terroremque
1060 3139 1165 3203 iudicii
1195 3138 1228 3202 in
1254 3137 1311 3202 has

164 3244 294 3307 uirtutes
309 3248 378 3324 post
393 3243 468 3306 uitia
487 3242 540 3307 illa
556 3244 785 3308 reuiuescImus.
830 3264 891 3308 non
915 3245 999 3308 enim
1022 3244 1078 3307 ait:
1104 3247 1309 3324 tamquam

207 3351 226 3400 4
244 3348 365 3401 Hieram.
384 3347 483 3415 XVIII,
503 3351 517 3401 l
537 3365 596 3415 sqq.

212 3521 353 3574 lfracfirti
373 3522 398 3572 R
452 3478 530 3574 ddisti
550 3523 575 3574 R
633 3523 817 3576 ‹lleremiam
843 3524 868 3576 V
917 3527 933 3578 6
957 3522 1101 3576 descendit
1124 3522 1148 3575 V
1199 3522 1216 3573 8
1243 3520 1313 3575 fecit

165 3625 214 3662 uas
241 3607 316 3660 alind
344 3608 399 3659 RE
459 3609 492 3660 12
518 3608 634 3662 Istrahel
668 3610 693 3661 V
752 3627 815 3664 ecce
840 3630 870 3664 ea
894 3627 941 3664 ece
968 3628 1001 3662 m.
1030 3610 1049 3661 2
1072 3609 1098 3663 V
1166 3609 1199 3663 13
1227 3624 1313 3677 supra

165 3699 277 3763 gentem
291 3693 467 3762 V(sed.insrc
480 3694 573 3763 super)
630 3697 659 3748 lli
678 3698 841 3764 paenitebao
851 3715 916 3750 corr.
927 3697 986 3749 nal
1003 3696 1028 3748 V
1072 3695 1247 3762 recogitabo
1263 3694 1313 3749 VR

167 3782 200 3834 17
227 3780 326 3847 loquor
357 3780 383 3833 V
431 3780 606 3835 reaedificem
633 3800 663 3834 er.-
689 3767 848 3837 reaedificet
875 3802 907 3837 m.
936 3782 955 3836 2
985 3784 1010 3836 V
1061 3785 1092 3836 18
1119 3786 1184 3835 ante
1211 3797 1258 3834 ms
1283 3800 1313 3835 ex

166 3871 259 3920 sutem
276 3885 342 3919 corr.
361 3866 432 3919 na?
456 3867 481 3920 V
529 3871 564 3922 20
590 3868 758 3923 hereditates
791 3871 816 3924 V
865 3874 897 3924 21
927 3870 1046 3924 conterit
1073 3867 1152 3934 (terit
1177 3887 1236 3938 sup.
1265 3869 1312 3924 lin.

165 3951 268 4019 (11112)
283 3953 309 4007 V
357 3959 389 4007 ul
405 3955 581 4008 -enImona
597 3955 623 4007 V
681 3959 714 4009 29.
728 3957 885 4027 confringet
898 3961 971 4010 enim
985 3956 1013 4009 in
1028 3958 1053 4008 R
1071 3955 1225 4025 confringit
1236 3957 1313 4011 enim

165 4038 310 4093 dsusinE
360 4041 602 4096 23inlecebrasV
651 4043 818 4098 lasciuiaser
830 4044 1039 4098 lanciolarum!
1055 4044 1080 4096 V
1128 4045 1164 4096 24
1181 4042 1314 4098 lutum

165 4143 250 4196 rasos
269 4145 295 4197 n
347 4147 380 4198 aa
402 4119 543 4199 doctrina·
564 4165 631 4201 corr.
650 4165 682 4200 m.
702 4147 771 4202 211
819 4148 854 4201 as
877 4165 927 4216 por
953 4146 1022 4200 urna
1054 4146 1158 4200 aar
1209 4147 1313 4202 murn-

166 4229 267 4284 scimus
288 4233 315 4284 E
330 4234 365 4302 cs.
384 4233 459 4286 Neue
479 4235 611 4287 Fornacal.
630 4234 669 4300 ΙΙ,
687 4234 755 4288 505.
