2790 4844
153 280 216 344 780
491 280 608 334 sancti
633 279 766 333 Hilarii
790 278 953 348 episcopi

152 469 307 535 obiectum
331 470 379 533 sit.
424 476 530 533 nostra
552 487 675 552 quoque
698 470 834 532 omnium
857 468 921 533 uita
951 468 1158 551 maximeque
1190 487 1293 544 eorum,

154 574 205 656 qui
229 574 372 657 religioni
395 574 528 645 student,
551 592 619 656 quae
643 573 875 637 aduersantium
895 572 1046 635 uirtutum
1063 572 1204 637 sustinet
1219 570 1292 639 bella

154 698 222 760 qum
245 677 501 742 obtrectationum
525 685 680 741 uenenata
701 675 797 741 iacula
820 675 963 755 suscipit!
1010 695 1075 758 quo
1099 674 1291 740 fraudulenta

154 780 425 864 blandiloquentiae
448 800 568 846 ueneno
589 780 758 861 adpetitur!
804 788 834 844 et
856 778 923 844 haec
945 780 1053 843 omnia
1076 800 1135 863 per
1151 778 1290 845 hominos.

113 907 126 946 s
154 885 184 948 iu
209 884 321 968 quibus
343 883 498 965 spiritales
522 884 666 967 nequitiae
690 892 864 964 operantur,
887 884 1030 950 existunt
1080 883 1232 964 scriptum
1254 896 1289 947 est

153 989 252 1053 enim:
287 989 488 1053 excitauit
521 987 705 1053 dominus
738 994 907 1052 satanan
939 986 1162 1065 Salomoni,
1195 989 1288 1052 Ader

152 1092 377 1156 ldumaeum.
424 1099 455 1156 et
476 1093 658 1156 aduersatus
693 1102 739 1157 est
763 1093 856 1168 ridor,
891 1111 952 1156 non
983 1098 1017 1156 ut
1047 1091 1154 1171 homo,
1190 1093 1242 1156 sed
1261 1097 1287 1154 ut

153 1202 277 1261 satanas
311 1195 467 1261 Salomoni
506 1197 649 1260 omnibus
687 1196 796 1261 diebus
834 1197 905 1261 uitae
938 1197 1012 1261 eius.
1068 1205 1102 1261 et
1140 1195 1286 1261 Salomoni

153 1300 288 1383 quidem,
324 1301 395 1384 quia
418 1300 459 1364 ita
482 1301 602 1377 meruit,
624 1302 710 1365 Ader
733 1301 764 1363 iu
788 1305 913 1364 satanan
938 1320 956 1363 a
978 1300 1037 1364 deo
1062 1313 1112 1365 est
1133 1301 1285 1365 excitatus:

101 1425 125 1461 ιι
153 1405 208 1469 sed
239 1424 295 1484 per
328 1405 414 1469 istius
450 1405 534 1469 modi
565 1403 707 1468 homines
732 1403 798 1469 haec
821 1403 1003 1492 multimoda
1024 1403 1284 1470 infestantiumiu

152 1528 207 1573 nos
231 1509 300 1572 odia
322 1508 493 1573 deaaeuiunt
515 1509 712 1590 inimicasque
730 1508 861 1573 uirtutes
884 1508 995 1572 horum
1019 1509 1195 1574 ministerio
1210 1527 1285 1592 gras·

151 1618 266 1676 santur·

195 1715 224 1780 5.
247 1715 432 1780 Intercessio
455 1724 561 1781 autem
585 1717 763 1797 diapsalmae
785 1715 932 1781 adtulisse
947 1717 1071 1781 uidetur
1087 1725 1139 1780 aut
1155 1736 1282 1799 pemeus

151 1825 204 1883 aut
226 1839 336 1884 sensus
352 1821 602 1885 demutationem.
648 1820 682 1884 lit
699 1826 802 1885 autem
818 1821 960 1899 repetitio
975 1820 1124 1885 orationis
1139 1821 1281 1885 eiusdem:

99 1950 124 1989 ιι
152 1924 194 1987 ita
217 1931 327 1999 tamen,
348 1932 380 1987 ut
394 1923 562 1989 absolutius
586 1945 632 2001 ea,
649 1944 718 2008 quaa
740 1925 771 1988 iu
794 1925 953 1990 confusum
978 1931 1050 1989 ante
1073 1926 1197 1990 adiecta
1213 1932 1280 1999 sunt

151 2036 368 2093 recenseantur
391 2035 429 2106 et,
463 2047 532 2111 quae
555 2029 694 2109 superius
725 2030 824 2094 luerat
846 2030 885 2094 de
907 2028 1020 2106 uerbis,
1050 2048 1134 2094 nunc
1157 2030 1280 2111 sitque

151 2131 227 2196 rella
250 2133 289 2197 de
312 2132 410 2197 saetis.
457 2134 615 2197 custodi
641 2153 707 2212 me,
732 2134 900 2205 domine,
931 2134 977 2197 de
1007 2152 1124 2197 mauu
1153 2151 1278 2213 pecca·

151 2238 252 2301 toris
276 2245 313 2302 et
336 2238 381 2301 ab
406 2236 641 2302 hominibus
675 2237 832 2321 iniquis
863 2237 974 2320 eripe
1005 2256 1073 2314 me,
1096 2238 1162 2320 qui
1186 2235 1277 2319 cogi·

150 2347 341 2405 tauerunt
371 2338 641 2421 supplantare
671 2361 842 2426 gressus
866 2360 980 2406 meos.
1027 2342 1066 2406 ab
1089 2362 1150 2407 uno
1173 2349 1275 2405 tantun

99 2470 123 2507 ιο
150 2453 250 2526 copto
284 2446 459 2526 deprecatio
493 2446 627 2510 refertur
660 2447 700 2509 ad
730 2445 843 2526 plures,
865 2451 901 2510 ut
922 2445 1101 2528 significare
1124 2452 1154 2510 et
1174 2446 1205 2509 iu
1225 2461 1273 2507 uno

150 2551 328 2614 traditorem
354 2550 437 2614 etin
463 2548 601 2630 pluribus
629 2550 776 2630 populum
799 2556 989 2615 nosceretur.
1035 2556 1067 2614 et
1088 2551 1139 2614 uni
1163 2549 1270 2633 quidem

123 2710 125 2714 .
149 2660 180 2717 et
203 2673 284 2719 nuno
307 2667 337 2718 et
360 2654 499 2734 superius
523 2653 670 2718 malitiam
695 2660 725 2718 et
747 2660 907 2733 peceatum
923 2665 955 2719 et
969 2653 1163 2736 iniquitatem
1181 2670 1269 2731 expuo

149 2758 232 2834 brat;
271 2757 302 2821 in
340 2756 479 2838 plurimis
518 2778 590 2822 uero
628 2758 777 2842 cogitatas
811 2757 1089 2838 supplantationes,
1123 2759 1266 2822 absconsos

148 2860 281 2944 laqueos,
303 2866 445 2926 extensas
462 2861 579 2925 sunium
597 2862 754 2942 captiones
771 2868 802 2928 et
817 2862 991 2926 continuata
1007 2862 1129 2927 semitis
1143 2855 1264 2926 scandala

96 2989 121 3026 aa
149 2966 251 3048 arguit
273 2965 395 3029 dicens:

191 3069 220 3134 6.
245 3067 316 3149 Qui
340 3069 630 3152 cogitauerunt
663 3068 931 3150 supplantare
967 3089 1137 3153 gressus
1165 3080 1258 3131 meos·

147 3174 450 3238 absconderunt
480 3173 647 3253 superbi
677 3172 865 3256 laqueum
895 3172 992 3238 mihi
1025 3180 1066 3238 et
1088 3173 1256 3238 lunesei-

147 3280 369 3343 tenderunt
406 3276 636 3358 muscipula
673 3278 845 3358 pedibus
884 3279 1009 3367 meis,v
1045 3266 1257 3342 continuata

146 3382 307 3447 semitis
332 3380 527 3446 scaudala
557 3387 780 3461 posuerunt
811 3380 918 3446 mihi.
965 3382 1178 3466 cogitauerunt
1196 3375 1256 3444 euim

189 3543 205 3593 a
223 3540 262 3592 111
281 3539 349 3606 aeg.
370 3542 409 3606 ιι,
431 3543 469 3592 ιι.

190 3681 201 3731 l
223 3678 449 3746 maximaeqneR
501 3682 519 3733 3
536 3696 607 3747 quae
617 3679 850 3732 obtrectationum
862 3669 1263 3747 GRatqueobtrectationumE

144 3769 161 3817 4
184 3765 461 3833 blandaeloquentiae
482 3766 507 3818 G
577 3767 593 3818 ὅ
617 3765 751 3820 scribtum
772 3767 797 3818 G
867 3767 883 3815 6
908 3770 1023 3819 ιιιὶιιιιιιιι
1043 3767 1116 3819 Gna
1135 3774 1264 3821 sannam·

144 3852 323 3904 solomoniG
386 3852 569 3905 lidumeum
590 3853 615 3905 G
676 3857 719 3906 est
737 3854 773 3905 dia
791 3871 840 3906 ser.
861 3854 886 3905 G
947 3855 974 3905 8-
988 3853 1173 3907 solomoniG
1219 3850 1269 3907 ain

627 3949 642 3976 u

144 3995 257 4043 satanan
278 3992 302 4042 G
320 3992 349 4044 in
368 3996 463 4044 satana
476 3992 501 4043 R
555 3993 587 4043 10
605 3991 750 4045 mltimoda
767 3993 793 4043 G
846 3993 878 4045 ll
897 3990 1043 4046 deseuiunt
1064 3993 1090 4045 G
1109 3994 1276 4049 dassaeuiunt

143 4077 169 4129 lt
238 4084 399 4144 grassantur
428 4079 452 4130 G
480 4083 638 4132 crassantur
665 4080 690 4131 R
758 4081 794 4134 20
823 4076 979 4146 significare
1006 4079 1033 4132 R
1064 4081 1235 4149 significarat
1259 4080 1280 4133 E

142 4165 174 4217 al
200 4164 333 4231 populum
359 4165 384 4217 R
404 4165 523 4233 populus
542 4167 570 4217 E
584 4167 619 4235 cs.
639 4166 703 4218 Art.
722 4166 738 4215 Ι
743 4165 772 4233 V,
790 4163 830 4218 63
846 4183 883 4234 eq.
935 4165 971 4219 28
994 4168 1155 4236 muscipula
1174 4171 1200 4224 R
1217 4187 1282 4223 mua·

143 4249 265 4318 cipulam
283 4270 301 4300 α
320 4251 349 4303 in
367 4251 549 4320 muscipulam
568 4272 586 4305 e.
