2790 4844
557 243 753 311 Appendix.
1165 241 1229 306 885

78 433 401 509 potentissimis.
449 434 617 515 accipimus
648 440 750 500 autem
776 436 818 500 rei
844 435 934 500 huius
958 435 1166 499 testimonium
1193 452 1231 496 ex

79 536 205 600 cantico
241 537 354 620 Moysi,
392 538 444 602 ubi
484 539 632 619 scriptum
671 545 732 603 est:
772 560 853 605 cum
894 537 1096 619 dispersit
1134 538 1230 601 deus

80 638 199 704 filios
239 641 331 705 Adae
370 649 409 706 et
447 643 598 707 statuit
635 642 743 708 fines
789 644 973 728 gentium
1012 642 1230 706 secundnm

83 765 293 809 numerum
318 745 558 828 angelorum
581 747 653 823 dei,
671 754 709 811 et
726 747 1060 830 sactaestportio
1077 743 1230 809 domini

80 847 374 928 populuseius
401 850 523 915 Iacob
555 850 1155 917 funiculns‘hereditatiseius.
1201 857 1232 913 et
1270 874 1282 909 a

80 955 192 1016 merito
229 954 286 1029 bie,
323 955 374 1037 qui
410 955 581 1034 portionem
605 954 787 1020 hereditatis
810 976 873 1020 sua
897 956 988 1019 deum
1013 974 1081 1018 esse
1105 954 1233 1041 dixerat·

84 1056 236 1122 tuniculas
253 1060 459 1137 possessionis
477 1080 538 1122 sua
555 1060 586 1123 in
603 1059 678 1139 ipsis
695 1060 917 1140 potentissimis
933 1059 1085 1124 cecidisse
1101 1058 1232 1123 dicebat.

80 1162 155 1242 quid
181 1163 264 1225 euim
290 1163 349 1226 nisi
373 1163 579 1242 potentissimi
604 1169 683 1240 sunt,
711 1184 787 1247 quos
814 1164 957 1227 dominus
979 1162 1132 1239 iustificat,
1156 1181 1232 1244 quos

81 1265 226 1329 dominus
245 1265 450 1331 honorificat?
486 1269 576 1350 quis
599 1267 814 1332 accusabit
837 1266 992 1332 electos
1016 1266 1103 1331 dei?
1126 1266 1232 1344 deus,

81 1369 386 1450 quiiustisicat.
426 1371 766 1453 quisdamnauit?
789 1369 1232 1455 igiturquiintalibusbere-
1262 1392 1285 1427 lo

84 1473 213 1537 ditarem
251 1495 337 1539 suam
374 1476 506 1539 suturam
544 1495 613 1539 esse
649 1475 780 1545 dicebat,
815 1476 924 1540 merito
961 1474 1018 1538 ait:
1057 1472 1233 1557 funiculi

80 1577 331 1642 ceciderunt
354 1579 454 1643 mihi
479 1580 515 1643 in
541 1580 647 1660 ipsis
671 1580 987 1659 potentissimis.
1034 1578 1233 1660 quodautem

80 1680 328 1746 ceciderunt
351 1684 403 1760 ait,
430 1704 520 1747 nemo
545 1684 589 1748 sic
613 1684 751 1763 accipiat,
785 1683 872 1767 quasi
904 1683 1087 1747 deteriorem
1120 1681 1232 1745 factam

83 1786 294 1850 hereditatem
319 1806 406 1850 suam
440 1789 531 1862 dicat,
563 1787 637 1871 quia
659 1808 759 1866 omne,
794 1789 876 1870 quod
901 1787 990 1864 cadit,
1014 1786 1147 1850 deterius
1171 1784 1233 1858 fiat,

85 1892 141 1952 sed
166 1910 240 1953 usus
265 1896 312 1954 est
334 1892 458 1972 proprio
483 1892 577 1956 uerbo
601 1903 630 1954 et
654 1892 837 1957 necessario.
883 1892 934 1957 ubi
966 1890 1046 1955 enim
1078 1889 1148 1972 quis
1170 1909 1232 1952 non
1262 1910 1287 1946 re

81 2004 213 2073 propter
237 1996 380 2059 meritum
408 1994 540 2079 eligitur,
564 1996 605 2060 ibi
631 1996 719 2079 quasi
746 1998 890 2083 quaedam
914 2015 980 2058 sors
1004 1995 1087 2058 ondit
1109 1994 1234 2076 gratiam

87 2098 170 2161 siout
194 2103 225 2162 et
248 2099 278 2161 in
304 2100 519 2179 assumptione
550 2099 688 2180 apostoli,
718 2100 768 2182 qui
801 2099 987 2182 subrogatus
1010 2105 1058 2162 ost
1082 2099 1110 2161 iu
1135 2096 1232 2161 locum

82 2201 179 2274 Iudae,
205 2203 353 2281 scriptum
379 2204 531 2287 estquis
563 2223 651 2267 sors
687 2203 841 2268 cecidit
864 2222 985 2283 super
1008 2201 1234 2266 Matthiam·

86 2307 193 2388 itaque
217 2307 288 2388 qnia
312 2327 372 2369 non
398 2307 454 2370 nisi
481 2328 520 2370 ex
544 2309 645 2391 gratia
668 2307 784 2371 domini
808 2306 877 2370 tatis
901 2306 959 2371 sibi
980 2305 1136 2370 hereditas
1153 2313 1235 2369 sorte

81 2410 256 2493 contigerit,
281 2410 495 2494 significanter
519 2413 577 2475 ait:
603 2410 776 2475 funiculi
807 2411 1049 2475 cecideruut
1072 2407 1170 2474 mihi
1195 2409 1232 2472 in
1261 2426 1286 2462 20

80 2514 186 2593 ipsis
211 2515 538 2593 potentissimis:
564 2516 713 2580 etenim
738 2513 1236 2579 hereditasnreamaxima

85 2616 182 2681 mihi
208 2627 277 2682 est.
324 2619 374 2683 bic
400 2639 498 2683 nouus
523 2621 624 2683 Adam
649 2619 789 2702 loquitur.

129 2723 158 2785 9.
183 2723 431 2787 Benedioam
451 2723 748 2806 dominumqui
773 2722 1014 2806 intelligere
1039 2743 1094 2785 me
1120 2722 1235 2787 fecit:

83 2826 164 2890 nihil
189 2828 270 2891 enim
297 2829 356 2891 scit
379 2826 472 2904 filius,
497 2828 556 2892 nisi
580 2848 649 2911 qua
672 2828 749 2891 uidit
772 2834 801 2892 et
824 2827 973 2891 audiuita
994 2835 1088 2907 patre.
1133 2827 1236 2909 itaque

83 2930 242 2995 benedicit
266 2952 344 2995 eum.
380 2932 432 3014 qui
457 2930 631 3014 intelligere
655 2952 688 2996 se
712 2931 794 2996 fecit.
839 2942 870 2995 et
892 2950 965 2994 uere
989 2930 1039 2993 bio
1061 2928 1235 2994 intellectus
1262 2944 1289 2982 π

87 3055 148 3098 uon
173 3054 211 3098 ex
236 3034 368 3105 bomine,
393 3037 447 3099 sed
473 3057 510 3099 ex
535 3037 591 3100 deo
615 3040 671 3099 est.
717 3055 788 3098 nam
822 3035 891 3118 quis
922 3033 1081 3098 hominum
1118 3033 1237 3098 duabus

87 3139 198 3217 positis
224 3139 456 3216 hereditatibus,
488 3159 618 3222 quarum
649 3138 745 3202 altera
775 3139 814 3202 sit
837 3139 867 3202 in
891 3137 1036 3218 operibus
1071 3137 1238 3221 magnifica

88 3253 118 3306 et
142 3243 237 3317 diues,
262 3242 358 3306 altera
388 3264 507 3324 [sanarer
532 3252 562 3307 et
585 3263 690 3326 egens,
715 3242 812 3326 eligat
835 3263 912 3318 eam,
929 3261 999 3324 qum
1021 3240 1123 3307 aliena
1146 3246 1239 3324 egeat

91 3347 327 3410 misericordia?
373 3368 482 3412 uerum
507 3346 590 3411 filins
613 3348 741 3411 edoctus
758 3368 776 3410 a
791 3353 877 3427 patre
894 3344 1011 3410 mauult
1026 3347 1057 3410 in
1075 3345 1123 3408 his
1147 3344 1238 3410 here·
1288 3426 1298 3440 .

88 3452 224 3522 ditatem,
250 3452 302 3534 qui
327 3454 356 3514 in
382 3452 475 3516 deum
503 3458 636 3532 sperent,
660 3471 753 3534 quam
779 3451 830 3534 qui
854 3450 885 3514 in
908 3451 1052 3530 operibus
1075 3451 1138 3513 suis
1154 3449 1238 3512 iusti·
1265 3461 1292 3500 ⁸⁰

89 3557 229 3620 ficantur.
277 3557 380 3638 itaque
404 3554 536 3636 pulchre
571 3557 628 3618 sit:
660 3555 896 3619 benedicam
929 3553 1139 3627 dominum,
1170 3545 1237 3636 qui
1278 3550 1283 3560 ’

86 3658 334 3742 intelligere
359 3660 461 3724 t'ecit
484 3680 558 3724 me:
582 3658 859 3723 adhuoautern
878 3658 1035 3722 etsiout
1059 3658 1096 3720 in
1121 3668 1238 3721 nocte

88 3764 335 3827 erudierunt
369 3785 427 3828 me
462 3783 581 3828 renes
617 3764 701 3827 mei.
748 3761 821 3846 quid
852 3782 919 3825 eum
946 3763 1124 3826 erudierunt
1147 3780 1238 3825 renes

82 3868 158 3931 sui?
205 3866 330 3935 scilicet.
355 3869 406 3944 ait,
431 3867 605 3951 intelligere
629 3887 697 3931 eum
721 3866 867 3941 fecerunt,
890 3864 999 3929 melius
1023 3885 1090 3930 esse
1114 3885 1238 3944 sperare

87 3974 118 4035 in
137 3971 270 4045 domino,
287 3993 379 4054 (aurun
394 3973 424 4035 in
442 3993 496 4036 suo
515 3991 608 4050 opere
625 3970 792 4035 iustificari.
823 3990 893 4033 nam
912 3975 942 4032 et
957 3969 1057 4048 insum
1076 3969 1236 4032 dominum
1264 3981 1290 4018 ³⁶

84 4098 187 4141 nonne
220 4097 309 4140 renes
341 4078 385 4139 sui
419 4077 506 4158 quasi
531 4077 561 4139 in
586 4087 675 4139 nocte
710 4075 887 4138 erudierunt
910 4093 1037 4152 sperare
1062 4074 1091 4136 in
1116 4070 1234 4137 deum?

135 4220 166 4270 10
184 4216 316 4284 dapnauir
371 4219 401 4268 31
425 4217 496 4282 itaq;
