2790 4844
439 238 619 285 tractatus
637 234 672 286 in
690 234 860 302 psalmum
885 237 906 289 Ι.
1208 241 1244 303 31

137 417 189 482 16.
214 418 374 485 Folium
414 427 515 487 autern
553 422 661 507 ligni
700 422 818 488 huius
853 444 927 489 non
975 426 1139 492 defluet,
1192 448 1248 493 nec

94 525 207 587 mirum
232 525 259 588 si
283 524 358 590 folia
381 527 447 591 eius
471 546 530 591 non
556 526 703 605 defluunt,
728 528 812 592 euius
835 528 952 594 fructus
968 530 1122 595 dabuntur
1138 533 1248 613 potius

97 649 190 710 quam
215 629 370 712 decident,
396 651 457 695 nou
480 633 654 697 maturitate
678 632 806 713 depulsi,
828 652 889 697 nou
906 634 936 696 ui
953 635 1103 700 exteriore
1116 637 1247 715 decussi,

98 733 150 796 sed
173 733 335 798 rationalis
358 734 453 800 officii
484 736 715 817 dispensatione
745 737 894 802 demensi.
940 743 971 802 et
1002 739 1075 822 quid
1105 740 1135 803 iu
1166 739 1246 804 soliis

102 836 263 920 significet,
298 859 335 903 ex
366 842 583 920 conparatione
617 861 721 906 rorum
756 841 959 921 corporalium
995 842 1167 908 absolutum
1190 855 1244 909 est.
1286 872 1298 910 a

102 960 232 1025 namque
266 940 348 1008 hauc
371 964 440 1008 esse
464 950 605 1009 naturam
629 944 768 1009 foliorum
794 952 983 1024 contuemur,
1015 953 1047 1010 ut
1077 948 1117 1011 ad
1146 957 1246 1011 custo·

104 1045 177 1109 diam
202 1047 355 1111 fructuum
379 1050 528 1113 fructibus
564 1049 639 1131 ipsis
663 1050 860 1114 circumiecta
884 1057 1092 1129 prorumpant,
1117 1057 1149 1115 ut
1172 1071 1245 1134 quo-

106 1149 170 1212 dam
191 1150 273 1214 uallo
296 1159 403 1217 tenera
436 1173 595 1233 pomorum
619 1153 706 1218 initia
737 1153 955 1218 communiant.
1001 1154 1142 1218 doctrina
1169 1175 1245 1238 ergo

108 1254 260 1319 uerborum
293 1257 351 1333 dei,
375 1277 443 1341 quae
467 1257 636 1337 promissos
667 1257 756 1322 nobis
787 1258 901 1321 fructus
933 1258 1091 1331 conuostit,
1126 1257 1245 1340 signifi·

113 1365 188 1422 catur
220 1359 251 1422 in
283 1359 374 1425 soliis.
420 1359 470 1425 his
504 1361 584 1426 euim
620 1362 723 1426 uerbis
758 1381 830 1444 spes
864 1368 977 1425 nostran
1019 1360 1245 1438 inumbrantur,
1272 1389 1296 1423 ro

112 1458 208 1525 horum
240 1463 322 1528 inter
355 1463 415 1529 has
449 1465 555 1530 saculi
587 1463 788 1545 tempestates
824 1465 994 1529 munimina
1028 1471 1244 1549 conteguntur.
1319 1542 1321 1546 ,

116 1584 163 1628 nou
194 1567 330 1632 detlueut
364 1569 458 1653 igitur
492 1568 558 1634 haec
592 1569 674 1648 solia,
710 1571 742 1634 id
778 1579 824 1634 est
847 1569 896 1633 dei
931 1569 1042 1646 uerba;
1078 1569 1151 1651 quia
1186 1588 1244 1648 per

116 1667 252 1734 dominum
289 1673 405 1736 dictum
441 1680 502 1738 est:
545 1673 682 1739 caelum
729 1680 767 1739 et
812 1680 923 1738 terra
960 1672 1242 1756 praeteribunt,

117 1774 220 1838 uerba
253 1787 384 1840 autern
419 1798 505 1842 moa
539 1798 612 1842 non
648 1778 929 1859 praeteribunt.
983 1777 1060 1841 nihil
1095 1777 1177 1841 enim
1206 1797 1243 1841 ex

116 1872 163 1943 his.
183 1898 247 1961 quae
270 1901 287 1944 a
312 1881 370 1946 deo
393 1881 578 1958 dictasunt,
603 1884 755 1947 dilabetur
778 1889 829 1946 aut
852 1883 984 1947 decidet.
1272 1905 1295 1944 15

153 1981 193 2045 17.
216 1983 302 2064 Quod
326 1992 431 2050 autem
455 1985 523 2052 hauc
546 1986 619 2051 folia
643 1986 718 2071 ligni
744 1987 834 2050 huius
858 2006 918 2049 uon
943 1985 1062 2049 inutilia
1084 1985 1154 2062 sint,
1187 1985 1242 2048 sed

120 2083 242 2151 salutaria
275 2090 428 2173 gentibus,
466 2098 590 2155 sanctus
623 2089 781 2156 Iohannes
815 2091 846 2154 in
886 2089 1074 2172 Apocalypsi
1114 2094 1242 2152 testatur

119 2187 219 2254 diceus:
249 2203 286 2258 et
308 2196 492 2259 ostendit
515 2195 613 2260 mihi
638 2195 790 2260 l'lumen
814 2215 924 2278 aquae
947 2194 1048 2266 uitae,
1065 2193 1241 2274 splendi-

121 2289 189 2356 dum
210 2304 410 2381 tamqnam
433 2299 684 2384 crystallum,
714 2299 853 2364 exiens
878 2301 923 2362 de
948 2296 1093 2361 throno
1117 2297 1179 2361 dei
1204 2313 1241 2360 et

122 2399 205 2478 agni,
236 2402 271 2466 in
307 2403 438 2467 medio
473 2403 618 2485 plateae
653 2405 740 2469 eius
775 2410 813 2468 at
847 2423 891 2468 ex
921 2413 1092 2485 utraque
1124 2407 1240 2481 parte
1268 2427 1292 2462 20

122 2498 282 2570 fluminis
305 2507 490 2572 arborem
514 2509 614 2587 uitae,
638 2529 720 2592 quae
751 2507 855 2573 facit
888 2508 1062 2571 fructum
1097 2505 1240 2570 duode-

122 2604 195 2679 ΕΜ
214 2611 389 2695 siugulis
412 2612 625 2677 mansibus
649 2613 826 2677 roddens
861 2611 1037 2675 fructum
1061 2629 1181 2687 suum,
1205 2613 1241 2673 et

123 2705 204 2774 solia
235 2716 395 2779 arboris
435 2715 552 2780 illius
590 2724 683 2781 suut
715 2718 762 2780 ad
797 2716 1019 2779 sanitatem
1049 2713 1240 2796 gentium.

124 2811 220 2881 celeste
242 2826 467 2885 sacramentum
502 2821 544 2885 ita
577 2842 633 2901 por
656 2819 829 2901 corporales
864 2820 984 2900 speeies
1019 2817 1185 2897 exponitur,
1208 2823 1241 2880 ut

123 2916 247 2986 rationem
279 2923 451 3006 spiritalem
485 2926 658 3006 corporalia
689 2926 759 3006 ipsa
798 2943 987 3009 quamquam
1025 2921 1143 3002 inplere
1180 2941 1240 2985 nou
1268 2947 1292 2983 aa

125 3023 226 3099 possim
254 3036 356 3093 tamen
381 3029 421 3093 ad
444 3049 607 3110 corporum
630 3029 779 3093 rationem
804 3028 914 3092 mutila
937 3027 1008 3091 sint.
1055 3031 1240 3090 conuenerat

124 3123 189 3188 enin
216 3131 335 3209 dixisse,
370 3152 408 3196 ex
442 3139 570 3217 utraque
605 3139 690 3214 parte
721 3133 857 3198 fluminis
888 3130 1090 3196 demonstrati
1114 3129 1238 3193 arbores

127 3243 190 3303 esse,
208 3253 258 3299 nou
281 3238 434 3301 arborem.
479 3237 535 3301 sed
558 3239 631 3321 quia
653 3238 725 3301 uitae
750 3237 841 3302 arbor
857 3235 971 3319 ubique
995 3235 1025 3298 in
1043 3237 1238 3299 sacramento

159 3334 185 3384 13
198 3335 285 3394 batth.
304 3342 404 3409 XXIV,
422 3344 464 3397 35.
503 3344 535 3397 18
552 3345 637 3411 ¹Apoe.
657 3343 743 3408 XXII,
764 3345 786 3396 1.

160 3438 262 3499 ldeduct
273 3467 304 3498 er
316 3446 439 3500 defluent
455 3446 515 3500 na?
529 3448 549 3500 l'
584 3464 635 3501 nec
648 3445 920 3500 mirum-defluent
932 3444 996 3509 (sic)
1010 3444 1138 3510 infrmdd.
1150 3461 1182 3494 m.
1191 3444 1210 3492 ἑ)
1219 3442 1241 3492 l'

125 3520 295 3586 tdeeidentur
320 3535 345 3586 lt
408 3533 575 3587 dannez-si
595 3536 619 3586 n
644 3533 753 3587 decurri
781 3534 801 3584 l'
870 3535 886 3583 t
911 3531 1030 3584 dimensi
1061 3530 1096 3582 l'c
1120 3528 1237 3582 demessi

125 3610 175 3661 (Μ’.
196 3615 278 3673 Beucd.
355 3622 373 3674 6
400 3620 530 3674 foliorum
557 3640 588 3673 ca
614 3619 736 3674 filiorum
762 3639 795 3672 m.
824 3620 843 3671 2
877 3620 901 3671 l'
960 3623 991 3671 ut
1017 3620 1077 3670 odd.
1106 3635 1138 3668 m.
1167 3613 1186 3666 2
1220 3615 1240 3667 l'

125 3692 314 3761 iuramenta
341 3709 367 3760 Η
422 3710 450 3760 ll
481 3707 511 3759 in
537 3707 586 3760 has
620 3708 645 3759 l'
696 3709 728 3761 12
755 3725 809 3759 non
837 3705 967 3758 decident
998 3705 1020 3758 V
1071 3703 1115 3756 dei
1142 3720 1191 3754 one
1219 3702 1241 3753 Γ

128 3780 152 3830 ¹³
170 3792 305 3847 munituna
324 3797 349 3848 x
405 3797 436 3848 15
461 3810 532 3863 quae
556 3795 590 3848 ab
615 3812 646 3847 eo
672 3795 696 3846 x
746 3794 890 3848 delabetur
914 3793 938 3845 x
990 3794 1022 3845 ra
1049 3790 1084 3843 ue
1111 3795 1191 3843 trono
1218 3790 1238 3841 ι’

127 3862 248 3933 delrlouo
266 3883 291 3934 It
362 3883 397 3936 20
420 3881 485 3950 agni
504 3899 535 3934 ex
551 3881 616 3950 angi
635 3883 660 3933 R
729 3883 764 3934 22
791 3880 912 3933 fructum
939 3896 1019 3931 suum
1042 3896 1072 3929 er
1095 3876 1236 3928 fructuum

127 3966 187 4010 'lum
200 3968 260 4019 ru?
284 3969 308 4021 V
374 3970 410 4022 25
428 3967 585 4037 corporalia
612 3987 641 4021 er
660 3968 845 4036 corporalium
872 3967 943 4019 rat)
968 3967 991 4018 l'
1052 3967 1086 4018 26
1113 3964 1147 4016 ad
1176 3979 1235 4015 cor·

126 4054 198 4104 imm
212 4055 339 4110 rationem
358 4055 458 4109 mutila
475 4055 532 4108 sint
549 4056 648 4124 scripsi,
667 4056 702 4124 cs.
722 4058 795 4108 Srud.
817 4054 888 4106 rost·
904 4073 931 4123 p.
951 4051 1009 4105 338
1037 4051 1071 4104 ad
1090 4055 1236 4118 corporata

127 4140 169 4179 ‘¹⁰¹¹
187 4141 299 4196 mutilent
318 4144 363 4196 Ita
389 4142 424 4195 ad
452 4147 598 4210 corporata
623 4159 680 4195 non
699 4142 863 4196 mutilentur
889 4142 951 4193 l'rl)
1022 4142 1055 4192 27
1074 4138 1187 4191 arbores
1207 4156 1236 4187 er

127 4212 222 4277 “birram
238 4246 265 4279 nr.
286 4232 300 4282 1
325 4230 349 4281 l'
400 4230 434 4281 28
452 4229 527 4282 rritaa
545 4230 625 4282 arbos
652 4230 678 4282 1'.
