2790 4844
338 287 518 336 tractatus
537 281 571 335 in
590 283 762 351 psalmum
781 281 925 335 CXXXIV.
1148 281 1211 345 707

66 484 122 535 rex
146 471 430 556 interpretationem
455 470 549 536 habet
572 471 714 536 maceria
739 472 804 536 siue
827 469 909 540 unlli.
933 472 1035 536 Basen
1050 491 1123 536 uero
1139 490 1209 537 con·

66 575 199 640 lusionis
223 576 289 640 siue
312 577 448 657 pudoris.
494 594 602 659 regem
626 575 709 640 bunc
730 595 804 659 ergo
820 574 1007 640 confusionis
1023 575 1210 659 pudorisque

64 683 164 745 nostri
200 680 334 755 extinxit,
369 679 492 745 soluens
527 679 694 744 secundum
733 678 904 759 apostolum
949 679 1113 744 maceriam
1159 679 1210 745 uel

65 783 193 858 uallum,
216 785 247 849 id
271 791 328 866 est,
353 802 412 866 qno
435 805 453 848 a
476 783 653 868 cognitione
676 783 725 847 dei
745 782 996 863 prohibebamur,
1019 782 1209 848 obstaculum

63 888 201 953 diruens,
248 888 359 953 occidit
381 888 494 954 deinde
510 887 725 971 omniaregna
741 886 897 952 Ohenaan.
942 885 1090 951 Chanaan
1113 886 1209 953 male·
1248 915 1260 950 e

63 992 183 1056 dictum
207 1012 276 1057 esse
300 992 429 1057 Genesis
461 993 552 1057 docet
575 998 606 1056 et
629 1011 698 1056 esse
721 1009 844 1056 seruum
868 992 997 1056 fratmm
1021 1011 1147 1056 suorum
1170 991 1208 1055 ob

61 1096 320 1161 contumeliosam
352 1097 417 1162 eius
448 1096 479 1160 iu
511 1102 631 1177 patrem
662 1095 816 1159 iniuriam.
863 1095 1072 1175 interpretatio
1106 1102 1208 1160 autem

62 1200 201 1264 nominis
224 1198 372 1265 Gharraan
403 1200 498 1266 motio
529 1207 583 1265 est.
630 1220 699 1283 qua
732 1200 826 1284 igitur
860 1218 915 1263 nos
948 1199 980 1264 in
1015 1199 1087 1264 uitia
1118 1206 1148 1264 et
1177 1199 1209 1264 in

61 1303 263 1368 maledictam
286 1304 476 1385 impietatem
508 1304 744 1369 commonebant
772 1310 877 1387 atque.
897 1304 929 1367 in
960 1323 1016 1369 nos
1040 1303 1069 1367 ui
1092 1324 1150 1369 sua
1173 1323 1209 1369 aa

60 1414 218 1488 potestate
241 1410 423 1493 regnabant,
447 1409 589 1473 domiuus
612 1408 748 1473 extinxit.
796 1407 879 1491 quod
901 1414 1006 1473 autem
1028 1423 1084 1488 per
1106 1408 1207 1473 uarias
1235 1432 1260 1469 ιο

58 1512 202 1578 ulrtutes.
236 1531 306 1595 quae
329 1513 360 1576 in
385 1511 456 1576 liliis
480 1512 673 1578 oboedientia
696 1518 867 1592 operantur,
890 1531 950 1576 non
974 1517 1107 1595 regnent
1137 1531 1208 1593 pec-

58 1621 133 1680 cata
156 1615 186 1679 in
211 1616 307 1693 nobis,
341 1615 516 1697 apostolum
551 1616 714 1681 audiamus
749 1616 918 1680 dicentem:
953 1636 1027 1680 non
1063 1635 1103 1680 re
1111 1621 1209 1700 gnet

57 1719 240 1799 amplius
263 1721 299 1783 in
325 1719 489 1785 mortali
513 1739 681 1800 corpore
704 1732 843 1784 uestro
865 1725 1087 1799 peccatum.
1111 1739 1208 1804 regna

58 1842 140 1907 ergo
165 1823 231 1888 haeo
253 1824 353 1889 occisa
375 1833 462 1902 sunt3
486 1824 550 1888 iam
574 1825 657 1888 enim
681 1844 740 1888 non
766 1824 962 1889 dominantur
984 1824 1015 1888 in
1039 1825 1138 1889 nobis.

105 1927 158 1991 21.
182 1928 244 1993 Sed
282 1927 392 1993 occisis
431 1927 481 1992 his
520 1928 593 2012 quid
632 1927 850 2011 consequitur?
905 1928 1019 1992 dedit
1056 1934 1207 1993 terram
1235 1950 1260 1986 a

58 2051 199 2098 eorum
233 2030 520 2111 hereditatem,
555 2031 829 2097 hereditatem
868 2031 1030 2096 Israhel
1061 2031 1208 2112 populo

57 2156 142 2201 suo.
189 2136 262 2201 data
286 2137 410 2219 quidem
435 2145 516 2202 terre
538 2144 584 2202 est
600 2157 709 2220 regum
728 2144 758 2202 et
773 2137 913 2220 gentium
930 2137 1073 2217 superins
1089 2157 1207 2201 memo·

57 2245 210 2317 ratarum,
245 2243 300 2305 sed
334 2241 450 2305 emissa
479 2260 602 2306 rursum
633 2248 687 2305 est.
733 2240 826 2306 hodie
849 2262 867 2304 a
889 2241 1034 2324 gentibus
1057 2240 1208 2318 incolitur,

58 2342 188 2409 Israhel
219 2344 334 2428 ubique
364 2344 434 2410 exul
466 2352 528 2424 est;
562 2353 593 2410 et
626 2347 779 2429 quomodo
814 2353 904 2415 terra.
939 2365 1009 2428 quae
1044 2346 1116 2409 data
1149 2355 1206 2426 est,

59 2447 222 2514 hereditas
245 2447 315 2514 est?
360 2463 465 2514 manet
488 2468 564 2532 ergo
586 2449 671 2513 idem
694 2452 779 2525 ordo,
813 2455 847 2513 ut
870 2450 927 2513 sub
959 2448 1017 2526 hi's,
1048 2469 1117 2532 quaa
1141 2468 1206 2515 cor·
1234 2467 1259 2537 ²⁰.

60 2550 208 2633 poraliter
231 2561 321 2636 gesta
344 2560 423 2626 sunt,
455 2573 498 2631 ea,
533 2572 602 2636 qnae
632 2551 812 2633 spiritaliter
831 2558 938 2618 essent
959 2555 1105 2637 gerenda,
1128 2572 1205 2633 prae·

60 2656 180 2736 scripta
202 2656 272 2721 sint.
317 2659 390 2722 data
424 2658 520 2741 igitur
543 2677 704 2737 corporum
728 2664 902 2722 nostrorum
925 2656 1062 2722 terrain
1085 2655 1207 2722 heredi·

60 2768 156 2825 tatem
192 2768 246 2835 est,
281 2779 349 2843 quae
383 2770 473 2826 antea
507 2769 573 2826 erat
606 2760 637 2825 in
672 2759 820 2826 (lhanaen
856 2761 1030 2837 maledicta,
1065 2761 1096 2825 in
1129 2761 1207 2826 uitia

60 2863 192 2941 mobilis,
216 2864 248 2929 in
272 2865 374 2930 Busan
409 2865 596 2930 confusionis
630 2865 818 2948 pudorisque
853 2865 954 2948 plena,
989 2866 1020 2930 in
1045 2868 1206 2930 Amorraso

61 2969 253 3034 exacerbans
287 2976 319 3034 et
352 2970 491 3044 inritans,
527 2988 619 3052 quam
653 2970 834 3049 possidebat
867 2971 897 3035 in
932 2969 980 3054 Og
1013 2969 1205 3035 infidelitatis
1232 2986 1259 3024 ’ὁ

61 3073 205 3151 maceria,
240 3092 334 3156 quam
370 3080 573 3154 occupauerat
604 3073 634 3137 in
667 3073 748 3138 Seon
779 3075 871 3139 arbor
896 3073 1094 3139 iufruotuosa.
1139 3072 1206 3140 haec

61 3175 158 3260 igitur
192 3184 274 3241 terra
307 3176 406 3243 soluto
440 3176 630 3243 infidelitatis
664 3177 745 3243 uallo
775 3184 805 3243 et
836 3179 938 3245 excisa
972 3199 1009 3244 ex
1039 3198 1075 3244 ea
1097 3178 1206 3243 arbore

61 3278 252 3344 infructuosa
286 3279 360 3345 data
394 3285 442 3345 est
475 3279 630 3347 hereditas
668 3285 699 3346 ct
733 3282 805 3346 data
842 3281 962 3347 Israhel
996 3281 1108 3362 populo
1142 3302 1205 3348 suo.

59 3402 129 3467 quaa
165 3390 270 3448 autem
304 3382 373 3450 haec
395 3383 576 3451 hereditatis
596 3390 677 3450 terra
707 3385 748 3450 sit
778 3393 809 3450 et
838 3386 893 3469 qui
922 3386 963 3452 sit
991 3385 1042 3451 bic
1074 3384 1205 3467 Israhel,

102 3538 239 3609 bEphes.
258 3540 293 3608 Π,
313 3542 354 3594 lla
390 3544 406 3595 6
426 3539 492 3595 Gcn.
510 3542 557 3609 IX,
575 3544 617 3596 25.
656 3544 688 3595 12
705 3541 784 3596 Rom.
802 3541 848 3608 VI,
869 3544 908 3597 12.

104 3681 115 3731 l
137 3678 302 3733 mainz?
351 3680 369 3733 3
386 3680 431 3732 uel
451 3679 496 3733 uel
510 3679 625 3735 ualli.id
637 3684 652 3734 e
666 3680 692 3732 P
707 3680 752 3733 uel
771 3681 840 3734 ualli
853 3700 871 3731 α
924 3684 942 3735 4
959 3700 975 3735 a
993 3681 1152 3752 cognitione
1166 3683 1205 3736 Th

56 3765 93 3820 sd
121 3764 281 3834 cognitione
309 3765 346 3819 Pe
410 3766 568 3821 dohanaan
598 3767 720 3821 chanaan
750 3768 929 3822 maledictum
957 3769 983 3821 P
1010 3769 1066 3830 (abi
1095 3771 1205 3823 ciream

56 3852 183 3907 chanaan
201 3871 274 3924 supr.
291 3851 355 3920 scr.)
373 3853 398 3904 Τ
416 3852 742 3909 Chanaan.maledictum
755 3855 884 3910 Chanaen
897 3857 925 3908 E
976 3859 993 3909 8
1010 3856 1039 3910 in
1058 3858 1205 3912 maledicta

57 3940 205 4008 impietati
224 3939 250 3992 P
265 3940 296 3994 in
313 3939 462 3995 maledicta
480 3941 622 4009 impietate
642 3943 667 3993 T
718 3942 776 3995 9in
794 3959 842 3995 nos
862 3943 914 3995 PE
930 3944 959 3997 in
977 3943 1057 3998 nobis
1077 3945 1102 3996 Τ
1155 3961 1205 4030 sup

55 4043 84 4109 (a
112 4041 190 4110 erac.)
217 4059 250 4098 sc
278 4043 304 4096 P
361 4046 395 4099 10
413 4045 550 4099 extincxit
578 4046 605 4098 P
665 4049 696 4100 ll
714 4062 770 4100 nou
801 4047 839 4098 Tb
866 4065 900 4100 ne
927 4066 957 4104 ec
983 4064 1034 4102 uec
1062 4050 1089 4101 P
1112 4049 1164 4137 hpc
1191 4067 1205 4104 a

58 4149 92 4202 18
118 4147 203 4201 hodie
234 4147 325 4201 P¹TE
352 4165 422 4217 qnae
452 4149 534 4203 hodie
563 4146 600 4202 P¹
661 4153 695 4205 23
723 4151 751 4203 iu
782 4151 851 4204 uitia
881 4152 919 4206 Pe
948 4158 977 4206 et
1006 4153 1035 4205 in
1066 4154 1133 4207 uitia
1165 4154 1204 4206 Tb

55 4238 92 4290 29
111 4234 164 4322 hcc
184 4234 268 4289 israel
287 4236 317 4288 P.

996 4361 1048 4415 45*
