2790 4844
212 260 273 324 736
552 259 671 312 sancti
694 257 830 310 Hilarii
855 258 1018 326 episcopi

210 450 272 513 iam
296 450 417 528 pridem
442 449 570 513 seientia
592 448 714 512 ueniam
731 447 933 512 consessionis
949 448 1072 512 amittit.
1121 450 1271 515 confiteri
1289 452 1358 514 enin

209 555 242 617 id
265 561 423 636 tamquam
447 572 556 617 recens
585 552 742 635 cognitum
766 572 826 615 non
850 558 960 631 potest,
983 552 1069 634 quod
1092 572 1112 615 a
1134 572 1174 617 se
1201 575 1275 618 curn
1298 575 1358 635 pec·

211 658 272 722 cati
302 657 478 741 cognitione
512 657 552 721 sit
582 664 712 740 gestum.
758 655 962 721 desinendum
993 675 1069 738 ergo
1092 676 1112 719 a
1133 659 1281 740 peccatis
1313 672 1357 729 est

210 768 374 845 postquam
398 761 427 824 in
453 761 647 826 confessione
681 775 728 825 est
758 759 893 844 cognitio
923 761 1057 840 peccati3
1095 768 1126 825 et
1150 761 1356 828 confitendum

173 894 184 928 n
212 873 265 943 est,
288 872 321 929 ut
345 864 496 945 propheta
519 865 631 940 docuit,
655 865 747 929 corde
771 870 841 942 toto,
865 884 926 930 non
949 885 985 929 ex
1008 871 1105 945 parte,
1128 885 1239 950 neque
1266 867 1355 950 eliqua

210 968 311 1035 adhuc
343 969 502 1034 nobiscnm
533 968 728 1052 cognitorum
758 975 953 1049 peccatorum
985 971 1168 1049 operatione
1201 972 1353 1037 residente

211 1074 286 1158 qnid
309 1074 401 1150 enim,
426 1074 452 1138 si
475 1075 545 1156 quis
568 1075 607 1138 de
631 1072 711 1138 furto
734 1074 886 1154 penitens
908 1073 1023 1156 iniquis
1046 1082 1078 1138 et
1102 1075 1251 1155 turpibus
1271 1075 1354 1139 lucris

210 1178 373 1261 pecuniam
390 1198 478 1242 suam
500 1177 639 1243 auxerit?
683 1197 744 1241 non
768 1178 826 1242 erit
848 1177 975 1260 quidem
999 1176 1055 1252 fur,
1081 1178 1140 1242 sed
1166 1179 1229 1244 erit
1251 1197 1352 1242 auarus

211 1289 241 1346 et
262 1290 375 1362 raptor.
421 1288 472 1345 ont
495 1281 521 1346 si
544 1281 614 1364 quis
638 1302 675 1346 ex
697 1280 901 1346 fornicatione
925 1280 1069 1345 desinens
1099 1281 1178 1345 nino
1210 1303 1245 1348 se
1268 1284 1351 1346 nimio

160 1408 183 1446 ιο
211 1387 409 1467 corrumpet?
431 1406 543 1466 corpus
568 1386 694 1469 quidem
718 1406 808 1450 suum
832 1405 892 1449 non
916 1384 1036 1465 polluet
1051 1386 1109 1450 sed
1132 1388 1276 1451 animam
1291 1406 1350 1451 con·

212 1491 382 1555 taminabit.
429 1497 460 1555 et
489 1490 515 1554 si
546 1490 615 1573 quis
645 1511 663 1554 a
697 1490 833 1554 caedibus
867 1496 1046 1569 temperans
1081 1488 1258 1557 maledicus
1291 1509 1349 1554 esse

210 1593 377 1675 persistet?
400 1614 527 1659 manum
551 1594 679 1677 quidem
703 1593 893 1661 homicidam
910 1613 970 1657 non
986 1592 1125 1671 babebit,
1148 1595 1208 1659 sed
1224 1594 1347 1679 linguan

210 1698 346 1764 habebit.
392 1705 423 1763 et
446 1699 598 1781 quomodo
622 1699 692 1782 quis
716 1719 753 1763 ex
775 1704 837 1763 toto
859 1698 952 1764 corde
976 1699 1089 1778 poterit
1120 1699 1265 1764 confiteri
1297 1716 1346 1761 non

211 1802 321 1887 exigna
344 1822 449 1867 secum
475 1804 593 1882 peccati
617 1812 703 1883 parte
726 1800 906 1867 residente?
944 1802 1077 1867 detersis
1094 1802 1202 1886 itaque
1218 1801 1346 1867 omnibns

159 1930 183 1966 ιο
210 1908 292 1970 uitiis
316 1907 510 1972 consessione
540 1927 616 1988 opus
651 1918 697 1970 est
727 1906 889 1971 desinendi
921 1911 952 1970 et
982 1906 1133 1971 orandum
1166 1926 1289 1989 semper
1312 1904 1342 1966 sd

211 2011 300 2075 deum
326 2016 379 2085 est,
403 2011 488 2075 utin
513 2010 695 2075 cohibendis
731 2011 865 2091 peccetis
888 2009 1172 2093 extinguendisque
1197 2008 1340 2075 incentinis

210 2135 314 2180 eorum
339 2113 473 2196 pendula
496 2114 662 2179 uoluntatis
686 2121 798 2179 nostrae
821 2114 923 2178 studia
945 2114 1117 2179 confirmet.

254 2238 284 2300 4.
310 2236 356 2301 Ob
381 2239 461 2320 qnod
493 2237 553 2300 iam
586 2236 745 2302 confidens
778 2235 930 2316 propbeta
963 2255 1019 2316 per
1054 2235 1280 2301 consessionem
1308 2250 1334 2294 ac
1391 2256 1394 2283 τ

209 2362 335 2423 precem
358 2361 447 2406 suam
469 2343 500 2405 in
524 2347 614 2421 portu
637 2362 671 2406 se
705 2340 889 2405 innocentiae
912 2339 1107 2404 conlocatum
1137 2340 1197 2405 ait:
1232 2335 1334 2404 conli-
1388 2344 1391 2371 ³

158 2472 182 2509 20
210 2447 326 2511 tebor
360 2446 445 2521 tibi,
481 2447 651 2522 domine,
686 2446 724 2509 in
759 2450 842 2508 toto
876 2445 997 2510 corde
1031 2464 1131 2509 meo:
1166 2442 1330 2528 quonian
1386 2442 1391 2474 ³

210 2550 365 2614 audisti
399 2549 524 2614 uerba
557 2550 640 2613 oris
674 2549 759 2613 mei.
805 2547 917 2629 duplex
948 2545 1170 2630 intellegentiae
1199 2546 1329 2610 buiusul
1384 2570 1389 2579 ·

209 2654 349 2734 superins
372 2653 435 2717 iam
458 2654 600 2723 diximus.
631 2672 740 2717 sensus
764 2661 818 2717 ost.
863 2672 936 2716 nam
961 2652 1026 2716 sine
1048 2650 1175 2716 laudem
1199 2650 1253 2714 deo
1273 2664 1326 2710 con·
1381 2640 1389 2681 ³²

208 2756 320 2834 litetur,
345 2757 417 2841 quia
439 2759 535 2822 uerba
558 2757 620 2821 oris
642 2759 707 2821 eins
725 2756 830 2821 audita
845 2763 923 2833 sunt
947 2755 1012 2821 sine
1035 2775 1091 2835 per
1107 2750 1322 2819 misericordiam
1380 2744 1382 2749 ’

91 2935 93 2939 ,
210 2861 267 2938 dei,
290 2882 358 2926 cum
384 2862 435 2926 din
452 2868 577 2939 orasset,
600 2862 721 2926 adiutus
744 2861 807 2924 iam
830 2860 972 2924 onrnibus
988 2860 1125 2939 peccatis
1141 2851 1322 2923 desinentibus
1379 2866 1382 2875 ·

157 2992 182 3029 re
208 2964 380 3030 confitetur.
424 2965 497 3030 fidei
521 2973 634 3030 nostrae
658 2973 823 3047 utrumque
847 2964 1044 3039 conueniens,
1073 2970 1109 3028 ut
1138 2969 1170 3028 et
1192 2959 1318 3026 dominun

209 3068 370 3134 laudemus
394 3077 424 3134 et
447 3069 649 3134 confiteamur
670 3066 827 3133 intellecta
848 3074 985 3148 peccata.
1379 3070 1382 3074 ’

253 3191 280 3254 5.
304 3190 591 3274 Dehincsequitnr:
616 3191 713 3255 etin
737 3196 963 3272 conspectu
986 3173 1315 3272 angelorumpsnl·
1379 3175 1387 3217 ἓ

210 3293 284 3359 lam
309 3294 392 3360 tibi.
438 3315 548 3375 parum
571 3295 629 3359 sibi
653 3295 808 3359 existimat
831 3291 981 3377 propheta
1004 3312 1083 3369 esse,
1115 3301 1147 3356 nt
1176 3280 1313 3354 hominibus
1379 3288 1394 3385 Ι·

210 3405 325 3463 tantum
349 3398 554 3480 presentibus
578 3396 695 3480 psallat,
725 3399 799 3482 quin
822 3397 963 3462 homines
994 3396 1196 3477 corporalium
1225 3392 1310 3455 tanna
1383 3392 1392 3432 ⁷'

155 3528 181 3567 so
209 3505 404 3587 negotiorum
428 3502 531 3568 officia
553 3504 724 3584 inspiciant.
769 3504 800 3568 in
825 3522 860 3568 eo
884 3502 976 3578 enim,
999 3501 1085 3584 qnod
1106 3498 1308 3582 psalliturum

208 3607 387 3688 conplacitae
411 3608 467 3672 deo
491 3607 676 3687 operationis
699 3607 841 3672 ostendit.
887 3625 949 3669 non
966 3624 1042 3688 ergo
1058 3623 1105 3681 ea,
1122 3598 1306 3688 quenidennf

208 3712 239 3776 in
262 3731 399 3792 corpore,
433 3712 517 3776 cerni
552 3711 717 3789 desiderat,
749 3710 804 3776 sed
838 3729 883 3789 ea
918 3729 986 3793 quea
1020 3708 1199 3790 spiritaliter
1228 3704 1305 3766 netur&

251 3913 439 3980 bprofeta(
501 3930 590 3980 nequa
617 3913 709 3981 alique
729 3915 754 3963 (ι’
814 3911 1015 3979 deputatione
1036 3910 1116 3962 GRT
1133 3927 1163 3964 ea
1184 3879 1306 3961 orationeP
1370 3893 1376 3923 ²

210 3998 410 4052 lOanimnmlt
457 3997 903 4052 contaminauiteacontaminitP
949 3998 1054 4065 llsort
1064 3996 1147 4049 autsi
1163 3974 1307 4070 acriminlll
1356 3980 1388 4081 Ξ

210 4086 254 4137 G?
271 4100 305 4137 ex
324 4086 452 4139 caedibus
466 4086 534 4138 Vra
590 4089 621 4140 16
640 4085 862 4154 extinguendisq.
881 4083 1029 4136 incentiuis
1051 4079 1260 4150 (xringuendirq-
1271 4062 1312 4112 ’Μ
1304 4127 1316 4179 Ὗ
1364 4088 1388 4164 Ὗ·

208 4188 261 4223 rar,
279 4190 311 4223 us
330 4173 404 4236 ‘nn'
460 4175 490 4226 18
508 4171 641 4226 confitens
661 4173 711 4225 PT
771 4188 802 4225 ac
821 4189 851 4224 er
868 4169 920 4223 hac
938 4170 964 4222 R
1027 4171 1060 4223 19
1078 4161 1244 4223 collocatcu
1263 4145 1323 4264 *lp
1382 4150 1392 4174 ⁴

208 4259 243 4311 24
260 4258 344 4311 andit'
355 4260 380 4311 T
431 4262 465 4314 30
483 4259 635 4328 inspiciunt
649 4260 702 4311 ΤΕ
751 4261 785 4313 31
804 4274 836 4311 ea
854 4274 902 4309 om
916 4256 995 4309 PTE
1045 4258 1081 4312 32
1099 4273 1133 4311 ea
1150 4273 1217 4325 supr
1234 4212 1330 4302 “aql
