2790 4844
149 228 208 293 654
485 227 603 280 sancti
628 227 760 281 Hilarii
784 226 948 295 episcopi

148 425 431 500 peccauerunt,
456 438 525 498 per
548 417 679 502 legam
702 417 1005 482 iudicabuntur.
1029 437 1107 501 ergo
1133 426 1292 498 peceatum

149 524 318 607 iniquitatis
342 524 403 588 iarn
423 523 511 603 perit,
535 529 671 587 ceterum
694 527 856 602 peecatum
879 522 958 606 legis
980 521 1180 587 iudicabitur.
1227 543 1292 603 pee-

148 634 250 692 catum
275 637 376 693 nutem
400 628 570 712 iniquitatis
594 635 650 704 est,
684 627 833 710 quidquid
858 633 944 692 extra
966 625 1070 710 legem
1096 625 1290 710 delinquitur.

148 740 181 796 ut
205 731 365 815 gentilium
389 732 521 796 crimina
544 739 622 804 sunt,
648 751 717 814 quae
736 732 798 794 iam
814 751 884 795 curn
907 731 974 812 ipsa
996 729 1076 814 legis
1100 731 1289 815 ignoratione

111 864 122 899 t
150 836 297 900 damnata
320 841 400 901 suut.
446 843 573 916 peccota
597 842 701 900 autem
730 836 761 898 in
796 833 867 919 lege
890 854 949 898 non
973 840 1112 915 pereunt,
1137 836 1193 900 sed
1217 835 1289 899 iudi·

150 940 248 1005 canda
271 947 357 1019 sunt;
388 940 470 1023 quia,
504 938 576 1004 lieet
608 945 735 1023 peccata
770 939 839 1013 sint,
875 946 979 1003 tamen
1009 939 1040 1002 iu
1071 937 1145 1022 lege
1169 948 1286 1019 peecata

150 1051 228 1109 sunt.
274 1063 349 1128 ergo
372 1045 398 1109 si
422 1044 496 1108 deus
515 1043 710 1126 iniquitatum
728 1044 913 1121 recordetur,
938 1043 1007 1126 quis
1023 1041 1190 1107 sustinebit
1205 1042 1285 1117 furta

149 1146 226 1212 salsa
250 1147 434 1223 testimonio,
466 1146 576 1223 caedes
608 1133 723 1227 stupra,
747 1144 904 1227 periuria?
947 1145 1016 1211 'haee
1046 1147 1132 1210 enim
1164 1146 1283 1211 crimina

150 1258 228 1329 sunt,
259 1272 328 1336 quae
358 1252 471 1334 inique,
504 1252 535 1315 id
560 1260 607 1316 est
630 1259 715 1315 extra
748 1251 851 1335 legem
886 1251 944 1328 dei,
977 1257 1128 1334 gamntur
1163 1269 1282 1334 quaque

98 1381 122 1417 ιο
150 1376 237 1421 nouae
260 1356 467 1439 generationis
491 1362 684 1420 sacramento
706 1354 879 1420 abluuntur.

193 1459 441 1525 astutorum
473 1459 564 1541 piane
595 1461 655 1524 iam
680 1461 757 1531 deus
780 1479 841 1522 nun
865 1460 1058 1524 recordatur:
1090 1468 1121 1524 et
1155 1479 1209 1524 eur
1229 1476 1279 1521 nou

150 1565 336 1636 recordetur,
353 1565 382 1626 in
400 1564 540 1647 sequenti
555 1584 648 1628 uersu
667 1561 816 1644 propheto
840 1564 1031 1628 demonstrat
1054 1564 1176 1628 dicens:
1199 1561 1277 1646 quia

150 1668 252 1748 apud
285 1675 321 1732 te
353 1668 596 1748 propitiatio
630 1677 698 1732 est.
744 1674 792 1732 est
825 1668 907 1731 enim
930 1662 1108 1751 unigenitus
1132 1668 1180 1732 dei
1202 1665 1276 1735 tilius

151 1773 226 1836 deus
250 1771 387 1848 uerbum,
409 1773 582 1852 redemptio
612 1763 728 1849 nostra,
760 1791 818 1854 pax
842 1776 954 1848 nostra,
978 1771 1009 1835 in
1032 1772 1119 1836 cuius
1143 1770 1274 1854 sauguine

99 1897 123 1938 ιε
150 1874 338 1940 reconciliati
363 1877 421 1940 deo
436 1896 550 1941 sumus.
597 1876 646 1940 hic
666 1883 720 1952 est,
745 1875 796 1958 qui
813 1876 899 1940 uenit
914 1873 1020 1940 tollere
1035 1882 1162 1956 peccata
1178 1870 1272 1938 muudi.

151 1980 201 2061 qui
226 1979 306 2044 eruci
332 1999 396 2043 sue
419 1977 664 2064 chirographum
682 1979 760 2063 legis
777 1979 919 2062 adigens
935 1978 1070 2044 edictum
1086 1975 1270 2044 damnationis

152 2083 265 2149 ueteris
290 2082 411 2148 deleuit.
457 2083 522 2149 siue
554 2084 647 2166 igitur
677 2083 716 2147 ad
741 2090 869 2165 patrem,
904 2084 970 2146 siue
1000 2083 1040 2152 ad
1071 2083 1168 2148 filium
1197 2078 1269 2144 omu'o

151 2187 307 2268 prophetae
332 2207 400 2252 esse
424 2188 711 2252 existimabitur-
735 2208 829 2251 unum
860 2187 944 2251 enim
967 2187 1059 2251 ambo
1083 2201 1163 2259 sunt,
1186 2192 1212 2251 et
1229 2178 1266 2264 qui

150 2291 227 2355 uidit
250 2289 357 2369 filium,
391 2291 469 2362 uidit
492 2298 522 2356 et
545 2297 673 2372 patrem,
708 2291 780 2375 quia
814 2297 900 2372 pater
930 2291 961 2355 in
992 2290 1055 2355 filio
1086 2297 1117 2356 et
1146 2289 1219 2354 filius
1243 2284 1263 2347 it

152 2402 238 2475 patre
261 2401 323 2465 est:
348 2416 384 2460 ex
407 2395 607 2460 similitudine
637 2395 745 2480 gluriae
768 2394 844 2459 aiter
866 2395 897 2459 in
920 2393 1017 2461 altero
1045 2394 1196 2479 gloriosus
1219 2391 1262 2454 est:

151 2498 302 2583 gloriosus
325 2497 416 2578 iilius,
441 2501 513 2582 quia
537 2501 650 2584 diguus
673 2500 825 2564 consortio
845 2499 941 2579 patris
957 2498 1007 2575 sit,
1030 2498 1178 2583 gloriosus
1194 2502 1261 2578 pater.

197 2694 228 2743 tu
247 2689 280 2743 ci.
301 2690 402 2743 Coloss.
422 2690 455 2754 11,
477 2695 515 2744 14.

195 2848 294 2915 dperit
307 2847 532 2915 rupertum
566 2847 636 2915 legis
645 2847 815 2901 iudicabitur
824 2846 1056 2916 peceatumout.V
1089 2828 1261 2902 aautemi'i'i

151 2951 200 2986 orn.
215 2935 240 2986 R
291 2935 474 3002 igentilium
493 2935 571 2987 Vtra
586 2935 683 3003 gentiu
696 2936 745 2987 ΡΤ
796 2935 851 2988 iam
870 2953 899 2987 eu
917 2951 978 2987 eam
997 2935 1093 2987 nulii
1145 2930 1260 3000 operm*

152 3027 244 3072 aut-em
263 3021 292 3073 in
310 3020 372 3088 lege
398 3038 453 3075 non
471 3027 589 3090 pereunt
607 3021 655 3074 sed
674 3020 821 3074 iudicanda
839 3025 905 3075 sunt
924 3020 1051 3088 Belegia
1069 3024 1161 3074 autem
1176 3014 1260 3086 potem

151 3107 299 3161 iudicanda
317 3112 380 3161 sunt
405 3109 491 3161 t'PTe
544 3111 561 3163 6
579 3109 634 3161 sint
653 3127 683 3161 er
701 3112 766 3162 sunt
784 3109 810 3160 R
828 3108 884 3161 sint
904 3109 928 3160 T
944 3112 1008 3161 sunt
1026 3107 1103 3160 VPE
1151 3113 1228 3160 amen
1241 3092 1260 3144 Ρ

151 3194 212 3262 lege
231 3200 345 3263 peccata
363 3201 427 3248 sunt
440 3196 544 3248 RPTE
560 3213 609 3247 otu.
628 3195 650 3246 Γ
703 3198 718 3248 7
737 3212 803 3263 ergo
822 3194 845 3248 si
857 3195 960 3247 RPTE
975 3212 1025 3247 em.
1040 3194 1063 3247 V
1115 3191 1261 3261 iniquitatum

158 3281 206 3334 VR
223 3281 399 3350 iniquitatem
419 3283 445 3334 P
460 3282 620 3350 iniquitates
635 3283 659 3334 T
711 3282 785 3335 furta
803 3282 871 3335 salsa
890 3280 1049 3335 testimonia
1067 3281 1164 3335 caedes
1177 3279 1199 3331 T
1210 3272 1263 3327 Μ*

151 3367 220 3421 faita
239 3367 336 3422 coedes
356 3370 408 3421 BP
423 3368 822 3422 sune:÷:÷:eaedes
846 3369 870 3420 i'
893 3368 968 3421 furta
995 3367 1093 3421 caedes
1120 3367 1186 3420 falsa
1208 3352 1264 3415 testi·

152 3454 244 3508 monia
264 3455 291 3506 F,
341 3455 484 3523 Speiuria
502 3456 553 3508 PT
604 3457 763 3523 9quaeque
784 3455 809 3507 R
826 3471 896 3523 quae
915 3453 988 3507 VPT
1042 3458 1072 3508 ll
1092 3455 1147 3509 iam
1158 3453 1218 3507 deut
1227 3457 1267 3499 110ss

152 3542 316 3596 recordatur
334 3546 361 3595 et
380 3559 429 3595 eur
447 3559 502 3595 non
521 3542 683 3595 recordetur
703 3540 879 3606 (recordatur
896 3540 930 3607 V)
950 3540 1051 3594 VPTE
1067 3541 1123 3595 ism
1141 3535 1271 3611 quotidem

151 3645 207 3682 non
234 3628 395 3683 recordetur
420 3629 445 3682 R
498 3631 531 3683 13
549 3633 617 3696 aput
647 3629 670 3679 V
723 3630 754 3681 tt
772 3627 839 3681 deus
866 3628 981 3681 uerbum
1011 3625 1063 3680 ΒΤ
1088 3627 1136 3682 dm
1159 3616 1276 3682 uerde

78 3782 80 3786 Ι
152 3731 206 3782 pax
223 3716 507 3769 nostramuomu
561 3717 594 3770 16
612 3714 688 3768 eruci
707 3731 772 3767 suae
788 3714 848 3767 Vre
866 3714 1017 3768 erueiPTt
1070 3713 1251 3786 chirografum
1262 3706 1280 3760 i'

969 3812 984 3839 n

152 3853 320 3922 cirografum
334 3856 358 3907 u
371 3854 614 3923 cyrographumT
665 3852 789 3922 adfigens
804 3853 880 3907 VRP
894 3853 990 3923 affiget
1004 3854 1029 3905 T
1083 3856 1116 3908 19
1135 3853 1200 3923 quia
1218 3860 1287 3923 pater

152 3938 181 3991 in
199 3938 257 3993 filio
276 3946 305 3994 et
322 3940 396 3995 filius
415 3941 443 3993 in
462 3946 540 4009 patre
559 3945 602 3994 est
615 3940 698 4001 PTE,
717 3941 743 3992 iu
768 3940 903 4009 Votoque
920 3941 998 3993 uerba
1018 3939 1047 3993 in
1066 3945 1148 4009 petre
1166 3943 1290 4001 autetiam

153 4043 221 4078 nuuc
239 4027 290 4094 Iept'
303 4039 419 4097 potsunt,
438 4044 486 4081 om.
506 4028 532 4080 R
584 4029 619 4081 20
636 4027 666 4079 in
683 4026 773 4079 altero
797 4025 934 4094 gloriosus
953 4030 1002 4092 est,
1021 4025 1161 4095 gloriosus
1180 4027 1294 4083 filiuaE

153 4111 182 4163 in
201 4112 288 4166 altero
306 4113 451 4181 gloriosus,
469 4112 605 4182 gloriosus
623 4111 696 4166 filius
715 4113 765 4164 Vr
782 4111 810 4165 in
838 4111 925 4167 altero
953 4117 996 4165 est
1019 4112 1164 4181 gloriosus
1183 4113 1297 4171 filinsR

153 4198 275 4251 *saltere
294 4198 430 4266 gloriosus
449 4198 522 4252 filius
546 4199 575 4253 V.
