2790 4844
213 251 275 315 560
555 251 673 304 sancti
692 249 828 303 Hilarii
846 250 1009 319 episcopi

213 448 257 507 te.
293 461 420 524 neque
450 440 542 504 luna
573 461 642 520 per
665 449 830 505 noctem.
875 439 1024 521 inpletam
1056 443 1140 507 enim
1172 442 1260 511 hanc
1293 467 1356 529 pru-

211 546 349 627 phetiam
373 565 409 608 eo
432 553 568 624 tempore
592 550 706 624 putent,
730 564 790 627 quo
813 544 844 607 in
868 545 1012 625 passione
1029 547 1149 610 domini
1166 547 1235 614 sole
1252 550 1354 614 obscu-

211 660 276 714 rato
312 670 371 713 nox
404 648 586 714 intercessit.
644 649 698 712 sod
736 648 847 712 iudicio
885 648 994 713 horum
1033 649 1110 714 nihil
1149 652 1353 734 decerpimus.

211 775 313 837 neque
337 754 419 818 enim
437 773 563 818 sensum
580 751 799 841 intellegentiae
817 751 906 817 huius
923 755 1090 837 arguimus,
1114 755 1354 841 uniuscuiusque

172 893 184 928 ι
212 859 337 922 arbitrio
349 855 570 940 relinquentes,
580 858 653 939 quid
666 876 703 921 ex
716 856 852 940 hisquae
864 865 916 921 aut
929 857 1061 943 legerint
1072 865 1126 923 eut
1136 860 1352 935 intellexerim,

212 963 299 1046 sequi
316 962 416 1045 magis
432 960 534 1025 uelint.
580 982 636 1025 nos
653 968 754 1026 tamen
772 982 833 1025 non
850 962 1003 1041 potuimus
1019 982 1200 1028 sermonem
1217 976 1352 1030 nostrum

211 1067 270 1131 uisi
295 1066 353 1139 his,
377 1087 445 1149 qua
468 1064 735 1149 intellegebamus
758 1072 873 1146 aptare.

256 1172 284 1234 2.
310 1170 460 1235 Leuaui
484 1168 623 1234 oculos
653 1189 761 1234 meos
791 1170 830 1232 iu
861 1177 1026 1236 montes.
1072 1169 1219 1236 humanae
1244 1174 1353 1238 mentis

211 1282 319 1339 natura
342 1295 378 1339 ea
401 1283 457 1349 est,
477 1280 518 1343 nt,
542 1275 566 1336 si
591 1273 780 1357 cogitatione
803 1273 918 1356 aliquid
941 1274 1194 1355 contemplemur,
1212 1277 1306 1342 talem
1323 1299 1352 1343 se

160 1412 184 1448 ιο
211 1379 299 1443 nobis
322 1397 515 1461 unaquaeque
545 1379 665 1457 species
696 1376 851 1448 exhibeat,
883 1377 1008 1460 qualem
1039 1399 1106 1442 eam
1131 1387 1163 1443 et
1187 1382 1351 1465 cogitando

210 1483 387 1547 formemus.
432 1501 553 1564 quoquo
585 1482 668 1546 enim
699 1482 813 1545 mem-is
844 1488 956 1546 nostrae
987 1482 1089 1547 oculos
1120 1483 1352 1550 intenderimus

210 1587 241 1651 id
266 1587 374 1665 ipsum,
398 1586 428 1649 in
453 1606 512 1669 quo
537 1584 627 1649 defini
646 1595 725 1660 snut,
749 1586 888 1650 relemnt
902 1588 942 1650 ad
958 1606 1093 1652 sensum.
1138 1596 1168 1652 et
1185 1595 1220 1652 ut
1236 1588 1351 1669 planius

210 1689 348 1773 intellegi
372 1690 412 1758 id,
436 1690 517 1772 quod
542 1689 657 1753 dictum
681 1704 738 1768 est,
763 1690 867 1772 possit,
891 1689 1068 1755 adferemus
1091 1691 1283 1771 exemplum.
1327 1693 1350 1756 si

210 1794 279 1876 quis
312 1793 423 1857 hiemis
459 1793 508 1857 die
542 1814 595 1857 uer
629 1793 812 1877 cogitauerit
842 1801 873 1858 et
901 1800 1115 1858 ornamentum
1147 1795 1216 1861 eius
1240 1796 1352 1861 lumine

159 1929 183 1964 ιι
210 1898 324 1962 mentis
347 1898 523 1977 inspexerit,
546 1896 722 1961 oblitterata
752 1896 864 1972 hieme,
898 1898 930 1961 in
961 1917 1022 1980 qua
1052 1899 1092 1962 sit
1122 1906 1219 1982 etque
1243 1899 1350 1984 algeat.

209 2008 308 2065 totum
332 2002 357 2066 ei
382 2001 412 2064 in
437 2021 527 2065 seusu
551 2021 605 2065 suo
629 2020 684 2064 uer
707 2020 777 2064 enm
802 2000 907 2064 habitu
931 2022 985 2065 suo
1008 2008 1179 2085 ornatuque
1197 2005 1351 2069 consistet.

209 2106 286 2170 adeo
309 2106 421 2170 mentis
445 2104 521 2169 oculi
553 2104 648 2170 oculis
679 2104 814 2184 eorporis
845 2111 1000 2185 praestant,
1036 2116 1069 2169 ut
1090 2106 1220 2173 ineunte
1244 2110 1276 2173 in
1299 2129 1352 2172 nus

208 2208 362 2275 obliuione
385 2209 585 2289 praesentium
616 2217 694 2273 totos
725 2229 781 2273 nos
811 2208 946 2273 obtineat
976 2209 1101 2292 qnidam
1134 2213 1226 2294 quasi
1250 2213 1350 2277 annno

208 2320 413 2394 praesumptus
447 2334 519 2377 usus
554 2312 736 2377 absentium.
793 2312 851 2376 hoo
886 2313 980 2397 igitur
1014 2332 1074 2396 quo
1112 2322 1245 2394 spectet,
1283 2337 1351 2381 mus

157 2448 182 2486 ιο
208 2418 392 2483 uidebimus.

252 2521 281 2585 3.
313 2521 412 2585 Leuat
448 2521 478 2583 in
518 2527 639 2584 montes
678 2519 829 2602 propheta
866 2520 976 2585 oculos.
1032 2540 1187 2604 quosnam
1227 2523 1352 2589 oculos?

207 2646 321 2705 nempe
346 2625 384 2688 de
409 2623 519 2706 quibus
543 2624 691 2703 scriptum
716 2631 778 2687 est:
813 2624 951 2689 renela
986 2624 1124 2689 oculos
1159 2646 1280 2701 meos,
1315 2635 1352 2692 et

208 2747 451 2811 cognoscam
490 2726 697 2791 mirabilia
732 2729 777 2792 de
808 2727 900 2812 lege
931 2736 1011 2805 tuu;
1036 2744 1065 2794 et
1089 2750 1231 2796 rursum:
1263 2752 1351 2812 pra»-

208 2840 368 2912 ceptnm
394 2833 543 2895 dommi
575 2830 760 2906 lucidum,
791 2832 1041 2897 inluminans
1065 2832 1218 2900 oculos.
1265 2857 1352 2900 nunr-

155 2967 179 3003 ιι
207 2937 281 3019 quid
305 2937 439 3000 uenisti
463 2934 541 3000 oculi
564 2936 661 2999 nostri
684 2935 833 3019 corporali
859 2935 974 3000 lumine
1004 2937 1044 3001 sd
1074 2939 1351 3020 contemplandum

207 3041 328 3105 accensi
364 3038 457 3104 sunt?
503 3040 651 3122 uurnquid
686 3060 746 3103 non
781 3047 924 3103 naturam
957 3040 1084 3106 uidendi
1119 3043 1222 3107 sortiti
1259 3045 1353 3109 sunt?

207 3164 275 3227 quae
292 3143 482 3208 inluminatio
505 3143 552 3207 uel
576 3162 643 3226 qna
664 3142 810 3207 reuelutio
827 3144 886 3206 erit
901 3144 1097 3209 necessaris?
1143 3146 1263 3212 deinde
1285 3168 1352 3232 qua

207 3249 300 3312 uisuri
324 3246 478 3312 mirabilia
506 3247 536 3310 in
568 3245 661 3330 lege?
707 3248 766 3311 uisi
793 3247 871 3312 forte
900 3248 931 3311 in
963 3247 1044 3312 casis
1074 3247 1154 3312 festa
1187 3250 1351 3324 frondium,

206 3353 237 3416 in
272 3352 386 3432 templo
419 3352 571 3434 pecudum
611 3351 806 3433 sanguinem,
843 3351 875 3415 in
914 3351 1033 3432 pascha
1069 3353 1144 3436 agni
1182 3356 1353 3432 uictimam,

249 3485 283 3536 aa
301 3483 346 3536 rs.
365 3482 485 3548 oxvru,
505 3484 545 3535 re.
581 3483 616 3534 aa
634 3482 676 3534 us.
695 3481 793 3547 xum,
812 3484 836 3535 9.

248 3599 265 3649 2
284 3611 381 3663 (ιιιο·’-Ἴ
392 3596 417 3647 P
467 3597 484 3648 3
503 3593 605 3647 iudicio
623 3593 721 3646 horum
741 3594 768 3653 (o
785 3593 885 3647 horum
897 3596 925 3646 in
937 3612 989 3647 rus.
998 3613 1031 3647 m.
1045 3592 1071 3653 ll
1086 3592 1111 3643 R
1128 3595 1240 3652 indicio
1258 3615 1352 3653 eorum

205 3683 255 3734 Vr
272 3682 438 3735 iudiciorum
456 3701 474 3731 a
527 3684 661 3734 tinctura
685 3697 717 3732 ea
742 3681 765 3732 1⁷
786 3687 885 3734 nature
912 3699 942 3733 ex
970 3685 1085 3734 naturae
1112 3682 1140 3735 It
1166 3689 1289 3740 naturae
1308 3684 1356 3739 PT

205 3770 425 3836 contemplemur
451 3787 481 3821 ex
508 3766 790 3834 conternnrmplemnr
816 3786 849 3820 m.
878 3765 897 3819 2
929 3767 955 3821 V
1012 3768 1097 3822 talem
1126 3769 1210 3823 RPT
1236 3772 1303 3826 talis
1335 3771 1357 3823 V

206 3857 238 3908 12
266 3855 294 3907 in
322 3871 376 3921 qno
394 3853 478 3907 defixi
496 3855 572 3907 RPT
591 3854 618 3905 iu
638 3853 710 3921 qnod
728 3852 776 3905 fixi
796 3853 840 3916 (in
858 3856 918 3907 odd.
937 3872 970 3907 m.
989 3852 1022 3917 2)
1046 3853 1071 3907 V
1122 3862 1191 3910 sunt
1211 3876 1244 3912 es
1262 3875 1354 3913 snmus

204 3939 324 3994 m.2V
375 3942 407 3994 16
432 3946 521 3993 totum
540 3939 564 3992 de
583 3940 608 3991 u
661 3956 762 3992 ner-
781 3957 830 3993 suo
849 3957 897 3992 ona.
916 3940 942 3992 n
994 3941 1027 3993 21
1052 3939 1130 3994 leuet
1148 3941 1234 3997 RPT
1250 3945 1354 3999 leuauit

204 4044 271 4096 ergo
295 4027 319 4080 V
376 4029 411 4081 22
439 4029 573 4081 scribtum
601 4034 643 4081 est
676 4028 724 4079 VP
783 4029 816 4081 23
835 4027 869 4081 de
896 4027 958 4134 lege
983 4033 1033 4080 tua
1057 4027 1120 4080 VRe
1148 4026 1204 4092 (iro
1234 4035 1312 4086 etiem
1326 4053 1353 4103 p.

203 4144 267 4211 381,
297 4147 311 4198 7
344 4148 445 4218 VRt'p)
474 4164 508 4200 ex
536 4148 595 4216 lego
622 4153 671 4201 tna
697 4149 747 4201 1⁷1·
807 4151 842 4202 28
868 4147 1007 4202 mirabilia
1025 4149 1051 4201 R
1112 4149 1142 4202 in
1171 4154 1249 4207 cesis
1278 4154 1355 4208 «rur

205 4234 234 4286 in
253 4233 342 4287 causis
361 4234 392 4287 P.
