2790 4844
155 230 216 296 106
490 230 607 284 suncti
632 229 766 283 Hilarii
791 228 953 296 episcopi

153 423 347 487 itaetnunc:
373 420 563 486 dilexisti
587 420 713 485 uerba
735 417 1097 500 praecipitationis,
1114 416 1296 501 lingnam

153 524 350 591 dolosam:
388 531 610 606 propterea
648 525 745 588 deus
784 524 972 587 destruet
1008 528 1046 587 te
1083 521 1121 585 in
1156 521 1295 587 linem.

151 630 239 694 uerbi
261 630 406 694 uirtutem
430 628 544 693 latinus
567 648 669 693 sermo
692 647 755 692 non
777 626 882 693 tenuit.
927 646 996 709 quae
1019 626 1103 690 enim
1133 625 1296 691 nobiscnm

152 733 277 799 uerba
314 732 664 815 praecipitationis
702 738 788 809 sunt,
825 749 863 796 ea
891 751 910 794 a
940 729 1058 795 Grecis
1092 726 1134 793 td
1166 722 1296 814 ῥήματα

151 837 424 921 καταποντισμοῦ
447 844 690 902 commemorata
712 843 800 901 sunt:
832 855 892 919 quo
920 834 1001 899 dicto
1031 832 1224 918 significatur
1254 833 1296 912 id,

152 942 235 1024 quod
263 942 423 1007 nobiscum
455 941 656 1023 praecipitatio
687 953 742 1017 est,
781 959 852 1004 cnm
887 937 948 1003 illis
977 959 1047 1004 esse
1078 938 1233 1003 demersio
1262 937 1295 1002 in

151 1044 303 1125 profundo
325 1046 430 1111 maris.
475 1051 703 1127 potestantem
727 1045 888 1110 nobiscum
911 1044 1081 1108 secundum
1111 1039 1296 1126 generalem

152 1169 277 1215 sensnm
309 1150 511 1231 praecipitatio
541 1170 602 1213 non
633 1150 664 1214 in
696 1149 771 1213 mari
803 1156 932 1228 tantum,
964 1148 1020 1212 sed
1050 1168 1088 1213 cx
1120 1145 1212 1211 editis
1242 1151 1297 1210 aut

151 1252 263 1318 aedium
287 1261 339 1318 ant
360 1255 482 1334 rupium
506 1260 559 1319 aut
582 1273 848 1338 quorumcumque
871 1272 1022 1336 generum
1049 1250 1124 1316 locis
1148 1249 1296 1316 deciden-

151 1357 229 1422 tium
251 1377 341 1423 casus
364 1357 513 1441 intellegi.
560 1377 635 1441 ergo
658 1359 827 1423 secundum
853 1358 1098 1422 demonstratam
1120 1354 1297 1435 praecipita·

151 1460 243 1526 tionis
265 1463 426 1541 rationem,
451 1462 524 1546 qnia
546 1463 642 1527 uerba
664 1461 917 1544 praecipitationis
934 1461 1017 1526 Doec
1034 1458 1182 1535 dilexerit,
1207 1477 1296 1522 seue·

150 1565 282 1629 rissImae
306 1565 493 1630 damnationi
518 1566 672 1632 subiectus
695 1575 750 1631 est.

195 1667 246 1733 13.
270 1667 377 1735 Omnis
401 1671 516 1736 etenim
538 1671 646 1736 anima
668 1669 811 1743 infidelis,
833 1670 864 1734 in
889 1666 993 1735 saeculi
1017 1667 1107 1732 huius
1134 1675 1295 1749 tamquam

151 1772 246 1837 maris
277 1773 428 1854 profundo
458 1774 621 1858 naufraga,
652 1774 768 1840 incerto
799 1780 882 1838 motu
913 1792 1054 1857 uagoque
1088 1769 1228 1836 differtur
1266 1781 1297 1836 et

150 1875 343 1942 diuersarum
366 1878 568 1959 cupiditatum
590 1884 668 1943 aestu
691 1877 812 1943 mobilis
835 1877 969 1951 fluctuat,
1000 1884 1151 1960 potestate
1177 1873 1296 1939 diaboli

149 1979 293 2045 sarculum
318 1981 480 2047 incolentis
504 1982 612 2064 inlusa,
636 1991 666 2047 et
688 1981 772 2046 nulla
794 1981 834 2046 ad
857 1981 1063 2046 resistendum
1079 1978 1296 2044 obnitendum-

150 2104 208 2166 que
232 2083 259 2149 ei
283 2084 429 2150 subiecta
452 2070 618 2151 soliditatis
640 2085 787 2150 firmitate
809 2085 965 2151 consistit:
989 2104 1027 2149 ex
1050 2102 1110 2165 quo
1129 2082 1221 2148 facile
1237 2089 1294 2163 est,

149 2187 312 2252 incentiuis
334 2189 608 2274 circumagentium
631 2189 832 2270 cupiditatum
849 2188 1013 2271 pendulam
1034 2207 1211 2271 negatoque
1232 2188 1294 2254 iac·

149 2291 217 2355 tari.
263 2293 345 2374 quod
375 2301 476 2357 autem
507 2293 613 2359 saculi
641 2292 731 2357 lruius
762 2299 861 2357 motns
892 2306 984 2376 atque
1010 2290 1119 2356 fluetus
1145 2291 1295 2357 undantis

150 2395 244 2459 maris
260 2395 301 2459 sit
315 2396 441 2462 aestibus
457 2404 648 2479 conparatus
672 2398 723 2480 qui
744 2397 932 2461 dominantis
947 2396 988 2460 sit
1003 2394 1116 2460 diaboli
1132 2394 1294 2488 incolatus¹

149 2497 320 2563 secundum
349 2498 562 2581 propheticam
593 2509 623 2566 et
652 2500 850 2585 allegoricam
882 2498 1122 2582 intellegentiam
1152 2499 1295 2579 psalmus

149 2602 335 2667 centesimus
352 2610 384 2668 et
398 2605 506 2669 tertius
522 2604 580 2670 snb
599 2604 750 2688 corporali
776 2611 878 2668 tamen
902 2608 1112 2668 creaturarum
1135 2603 1295 2687 significa·

150 2706 232 2770 tione
263 2707 469 2772 demonstrat:
507 2707 588 2773 Hoc
624 2728 732 2772 mare
771 2727 957 2792 magnum
988 2716 1026 2772 et
1056 2707 1293 2790 spatiosum,

150 2808 240 2875 illic
263 2819 489 2895 serpentes,
507 2832 670 2896 quornm
693 2832 767 2876 non
784 2817 841 2876 est
863 2831 1062 2876 numerus.
1098 2811 1293 2876 animalia

150 2912 303 2992 pusilla
327 2925 361 2979 et
383 2934 542 3000 magna:
567 2915 656 2981 illic
679 2936 802 2981 naues
828 2915 1148 2997 pertransibunt.
1173 2917 1291 2982 draco

60 3104 64 3110 ⁸
149 3018 237 3094 istc,
268 3038 383 3102 quem
408 3019 592 3083 formasti
624 3021 670 3084 ad
696 3019 961 3085 inludendum
986 3019 1031 3084 ei.
1062 3028 1093 3084 et
1115 3038 1237 3084 rursum
1263 3021 1291 3084 iu

150 3119 269 3200 psalmo
299 3123 495 3207 sexagesimo
525 3130 648 3188 octauo:
677 3123 770 3189 neni
803 3123 839 3187 iu
870 3123 1131 3188 altitudinem
1162 3123 1291 3200 maris,

192 3226 235 3278 Ps.
254 3225 324 3293 CIII,
342 3231 384 3282 2²5.
420 3230 453 3280 ‘27
472 3229 514 3281 Ps.
533 3227 657 3295 LXVIII,
676 3231 699 3281 3.

195 3313 329 3380 llingua
351 3313 446 3367 dolosa
472 3315 521 3367 PT
573 3319 657 3369 acce
675 3333 766 3370 senno
790 3327 849 3387 porr
874 3315 1016 3368 nobiscum
1036 3317 1145 3385 repetito
1163 3316 1189 3368 Il
1242 3319 1293 3370 4a

148 3423 294 3475 grear-:u
314 3407 415 3474 (ιΞα
430 3408 515 3474 ultR
567 3421 607 3464 τα
636 3421 780 3480 ρημαυτα
807 3405 1073 3478 Βαταιεοντιεμου
1103 3410 1128 3463 V
1149 3420 1293 3481 αρηνμεα

149 3519 425 3581 καταεεοντυεμου
453 3515 478 3566 lt
531 3515 721 3569 omersiol’T
772 3514 981 3584 inprofundum
995 3516 1048 3568 TE
1097 3514 1156 3568 ain
1171 3530 1249 3568 mare
1263 3533 1293 3570 a

149 3607 178 3657 in
197 3607 267 3659 mari
278 3608 302 3659 'I'
354 3624 388 3661 ex
406 3627 462 3680 sap.
481 3613 602 3664 limam.
621 3610 680 3665 211
730 3615 938 3679 equorumque
953 3611 1001 3664 VP
1017 3612 1294 3679 quorumcumque?

151 3694 183 3746 10
201 3693 419 3747 demonstratam
446 3714 477 3749 a
503 3695 695 3752 demonstratu
721 3696 794 3752 aa?
817 3697 842 3750 V
890 3680 1231 3766 pracoIpitationem'mm.
1249 3714 1292 3752 ra·

149 3778 327 3842 tionemtpl'
380 3784 410 3834 ll
432 3784 496 3850 quia
513 3802 569 3855 cup.
589 3786 633 3837 lio.
653 3803 669 3836 u
684 3804 716 3837 m.
730 3782 750 3836 2
764 3784 789 3836 l'
838 3784 1068 3853 praecipitatisV
1118 3784 1294 3838 seuerissima

148 3863 326 3919 damnatione
350 3867 441 3920 VRPa
496 3871 530 3924 18
546 3870 667 3924 infidelis
686 3889 715 3923 er
737 3869 862 3924 infideles
881 3890 913 3923 m.
933 3869 953 3922 2
977 3870 1002 3925 V
1052 3872 1085 3924 14
1102 3870 1250 3938 naufragia
1272 3871 1296 3926 V

149 3952 308 4005 namabilis
327 3972 357 4006 ex
374 3955 527 4009 mobilesll
580 3958 603 4010 si
621 3960 759 4025 potestate
772 3957 797 4009 Il
815 3955 859 4022 (uu
879 3957 987 4011 seilicet
1003 3958 1172 4026 potestate?)
1225 3959 1294 4013 170i

148 4055 196 4090 om.
216 4039 267 4091 ΡΤ
284 4039 408 4094 subiecta
437 4043 461 4095 V
530 4045 563 4097 18
590 4043 784 4111 cupiditatium
809 4044 834 4096 V
903 4046 934 4096 19
962 4042 1067 4097 saeculi
1092 4041 1176 4097 huius
1203 4050 1293 4099 morte

148 4124 238 4192 adque
263 4126 286 4178 l'
353 4128 385 4180 21
417 4128 581 4195 profeticam
611 4148 640 4182 er
670 4130 832 4198 preleticam
863 4150 894 4182 m.
923 4129 943 4182 2
966 4129 990 4182 V
1057 4129 1249 4198 adlegerioam
1272 4133 1296 4186 l'

148 4215 182 4266 96
201 4214 228 4265 in
247 4214 355 4282 psalmo
373 4215 488 4270 LXVIII
514 4218 612 4270 l'RI'I'
663 4219 697 4271 27
716 4218 744 4270 in
763 4216 911 4271 altitudine
930 4218 964 4271 R.
