2790 4844
151 221 191 286 50
489 223 606 276 sancti
630 222 762 276 Hilarii
791 222 953 290 episcopi

150 431 233 476 sum
264 418 303 476 et
332 431 405 475 non
438 410 632 475 demutor.
678 411 771 476 beata
804 409 856 474 illa
886 417 917 475 et
950 411 1088 492 perfecta
1109 419 1298 495 aeternaeque

150 516 271 581 uirtutis
306 515 425 580 bonitas
460 535 519 579 non
555 516 667 598 patitur
698 517 931 580 conuersionem
964 535 1021 581 nec
1052 518 1224 580 demutatur
1259 536 1297 580 ax

150 619 209 684 alio
232 621 262 684 in
287 620 369 684 aliud
393 624 476 683 motu
500 620 668 684 accidentis
692 620 862 684 instinctus.
908 632 937 683 et
970 619 1029 684 hoc
1060 619 1110 685 hic
1144 620 1228 684 idem
1251 621 1297 685 sie

150 731 255 789 sancto
278 725 385 805 spiritu
408 723 537 807 loquens
562 723 716 808 propheta
738 731 874 802 testatur,
898 725 1019 789 dicens:
1044 728 1140 790 deus
1163 725 1296 789 inatus

111 828 277 903 sinder,
312 828 435 893 fortis
466 836 503 892 et
534 830 828 911 magnanimus
863 828 1059 911 numquid
1092 829 1296 893 irascetur

150 953 219 1013 per
257 931 444 1017 singulos
482 932 595 998 dies?
647 932 728 996 nisi
767 933 1075 1010 conuertimini‚
1113 932 1296 1018 gladium

150 1057 257 1101 suum
290 1036 479 1114 uibrauit,
525 1056 661 1101 arcum
699 1055 811 1101 suum
846 1037 1028 1102 tetendit
1061 1045 1099 1101 et
1132 1038 1298 1118 parauit

150 1140 280 1217 illum;
315 1150 351 1206 et
381 1141 420 1205 in
453 1141 543 1222 ipso
575 1142 738 1221 parauit
775 1161 872 1205 uasa
910 1141 1069 1218 mortis,
1115 1141 1297 1225 sagittas

150 1265 243 1310 suas
267 1246 424 1310 arsuris
449 1252 643 1326 operatus
667 1254 736 1309 est.
766 1264 828 1309 non
853 1265 928 1329 ergo
958 1246 996 1309 nd
1031 1247 1108 1308 iram
1132 1246 1298 1328 magnani-

98 1377 122 1412 10
150 1370 219 1413 mus
243 1352 427 1427 demutatur,
451 1350 509 1414 sed
532 1356 640 1429 potens
663 1349 755 1414 iudex
778 1369 902 1430 poenarn
935 1350 1072 1415 decreuit
1101 1350 1141 1414 ad
1164 1347 1297 1430 culpam.

150 1474 222 1518 nam
246 1473 308 1517 non
331 1454 581 1519 conuertentibus
605 1453 744 1536 gladium
769 1453 900 1518 uibrauit
935 1463 965 1519 at
988 1473 1092 1518 arcum
1116 1453 1246 1517 tetendit
1266 1462 1298 1517 et

149 1557 181 1620 in
205 1577 240 1622 eo
263 1558 383 1637 parauit
412 1578 486 1622 nasa
516 1558 632 1635 mortis,
663 1558 793 1641 sagittas
824 1577 896 1622 suas
926 1558 1042 1622 arsuris
1073 1563 1215 1639 operatus
1240 1564 1297 1621 eet.

149 1667 293 1741 operatus
314 1667 418 1728 autem
442 1669 571 1727 estnon
596 1663 772 1727 admotum
796 1662 849 1726 iren
874 1662 1050 1742 repentina,
1074 1682 1143 1745 quae
1166 1681 1222 1741 per
1245 1682 1298 1725 cn·

150 1765 309 1846 piditatem
332 1765 501 1832 ulciscendi
525 1767 625 1831 subito
649 1786 777 1831 aceensa
800 1767 847 1843 sit,
871 1766 927 1830 sed
950 1776 1092 1846 operatus
1110 1766 1227 1829 arsuris
1240 1772 1296 1842 est

99 1895 123 1932 n
150 1870 203 1953 qui
225 1891 281 1952 per
303 1871 534 1950 inpaenitentem
565 1870 755 1936 uoluntatem
785 1871 843 1951 ipsi
876 1891 909 1935 se
944 1871 1129 1935 constituent
1152 1871 1295 1934 urendos.

150 1979 181 2038 et
210 1973 269 2053 his,
293 1977 345 2059 qui
377 1995 437 2039 nou
468 1981 725 2052 conraderentur,
748 1973 871 2058 gladius
905 1975 1044 2041 uibratus
1078 1981 1133 2049 est,
1168 1993 1228 2037 non
1259 1993 1297 2038 ex

155 2078 363 2145 demutatione
379 2080 433 2143 irae
449 2080 639 2159 promendus
654 2082 693 2144 ad
710 2079 847 2164 singulos
860 2116 900 2125 -
913 2099 1014 2163 neque
1030 2079 1122 2160 enim,
1139 2079 1192 2161 qui
1209 2097 1296 2161 mag·

156 2183 298 2247 nanimus
315 2189 370 2261 est,
394 2203 450 2264 per
472 2184 538 2249 dies
554 2183 692 2268 singulos
709 2184 850 2248 irascitur
866 2221 907 2230 —
924 2183 978 2247 sed
995 2183 1067 2266 quia
1081 2182 1227 2263 iudicium
1245 2184 1297 2247 de-

157 2288 260 2365 creuit,
284 2286 408 2370 gladius
431 2289 496 2352 eius
520 2308 557 2353 ex
579 2307 677 2370 poenae
708 2288 925 2352 constitutione
955 2289 1018 2352 iam
1047 2294 1208 2368 promptus
1241 2291 1296 2351 est

99 2414 125 2450 20
158 2410 211 2469 psa
234 2399 335 2456 autern
361 2391 494 2471 poenalis
517 2393 624 2457 iudicii
647 2391 796 2474 spiritalia
819 2393 992 2456 ministeria
1021 2392 1053 2455 in
1076 2389 1190 2476 gladio,
1214 2411 1295 2471 arcu,

158 2495 340 2579 sagittisque
364 2501 588 2574 rnemorantur;
619 2516 688 2579 quae
711 2497 784 2580 quia
804 2502 977 2577 preparata
998 2494 1150 2560 habentur
1172 2495 1297 2568 arsuris

150 2618 209 2663 non
234 2619 271 2663 er
293 2605 378 2663 motu
401 2600 455 2664 irae
485 2601 677 2682 temporariae
708 2611 929 2682 praeparantur,
960 2599 1014 2664 sed
1046 2619 1082 2664 ea
1112 2619 1149 2663 ex
1180 2599 1298 2664 decreti

150 2703 365 2769 constitutione
412 2705 673 2786 temperatissima
703 2706 779 2770 deus
813 2704 958 2769 bonitatis
992 2710 1054 2768 suta
1088 2702 1298 2786 aequabilitate

151 2809 327 2872 moderatus
350 2818 413 2872 est:
438 2828 498 2873 non
522 2809 671 2874 occultam
694 2809 810 2875 scilicet
832 2808 1058 2874 constitutionis
1081 2807 1177 2887 ipsius
1206 2806 1297 2872 huius

98 2933 123 2971 aa
150 2911 346 2976 seueritatem
370 2918 401 2976 et
423 2913 616 2998 incognitam
638 2913 848 2996 relinquendo,
873 2920 1082 2995 terroremque
1099 2912 1164 2975 eius
1181 2912 1298 2976 denun-

149 3013 326 3079 tiationibus
348 3019 578 3097 praemonendo,
603 3024 633 3081 et
655 3017 754 3098 ipsam
769 3016 864 3094 illam,
889 3017 1086 3081 constitutam
1102 3015 1180 3092 licet,
1204 3013 1297 3099 longa

149 3124 253 3183 tamen
276 3119 316 3184 ad
338 3121 457 3201 peccati
480 3121 690 3202 paonitentiam
713 3120 857 3185 dilatione
881 3120 1073 3184 remorando.

191 3223 269 3277 412³.
288 3224 347 3293 vn,
370 3227 409 3277 12.

185 3347 197 3397 l
218 3345 392 3414 etperlectae
412 3351 596 3414 aeternaeque
614 3346 639 3399 V
654 3350 682 3399 et
691 3346 814 3414 perfecta
823 3351 990 3413 aeternaque
1002 3347 1030 3398 E
1074 3348 1090 3400 3
1103 3345 1261 3400 accedentis
1274 3345 1300 3399 V

149 3437 177 3485 et
194 3431 247 3485 hoc
264 3432 310 3485 hic
328 3432 400 3486 idem
421 3437 517 3487 sancto
532 3432 558 3486 V
572 3438 601 3486 et
618 3432 670 3486 hoc
689 3432 762 3485 idem
781 3433 827 3486 hic
840 3438 936 3486 sancto
946 3434 974 3485 E
989 3434 1024 3502 cs.
1036 3433 1079 3485 Pa.
1097 3433 1174 3484 CXX
1190 3449 1248 3503 cop.
1263 3432 1297 3484 Il

148 3521 166 3571 4
192 3517 299 3586 profeta
341 3520 365 3572 V
397 3519 549 3588 prophaeta
576 3520 602 3571 R
672 3521 689 3573 t
716 3519 799 3573 iudex
826 3520 914 3573 iustus
942 3521 997 3572 RE
1059 3519 1244 3588 magnanimis
1272 3520 1297 3573 R

148 3604 279 3658 irascitur
303 3606 327 3657 R
380 3607 396 3658 6
421 3606 548 3660 conuersi
576 3606 683 3660 fueritis
711 3608 766 3659 RE
816 3610 832 3660 'l
860 3612 888 3660 et
915 3624 1009 3660 arcum
1028 3625 1108 3660 suum
1128 3607 1183 3659 RE
1232 3610 1297 3661 Sei

149 3690 178 3743 in
195 3692 292 3744 eoRE
342 3693 618 3761 9magnianimuaV
669 3693 701 3746 10
717 3692 902 3762 deputaturlr’
955 3696 986 3747 11
1007 3693 1167 3747 uibrabitR
1223 3696 1255 3746 12
1268 3699 1298 3748 et

149 3777 263 3846 sagittas
281 3779 407 3832 suasVE
460 3781 491 3834 la
510 3780 670 3848 repentinae
684 3779 780 3834 iraeE
831 3797 901 3848 quae
919 3797 969 3849 per
988 3798 1018 3833 aa
1036 3797 1105 3848 quer
1117 3799 1183 3833 corr.
1194 3781 1300 3835 m.2V

150 3866 181 3917 15
208 3858 476 3920 constituent¹³ur⁰⁸
496 3872 525 3919 et
542 3867 585 3920 hia
604 3885 670 3920 corr.
688 3885 721 3920 nr.
741 3866 760 3919 2
784 3868 808 3920 V
861 3871 893 3921 16
913 3872 1114 3921 conuertuntur
1133 3885 1163 3920 ex
1181 3884 1299 3922 conuer-

149 3954 274 4004 tarentur
292 3971 324 4005 m.
344 3952 364 4004 ἑ)
387 3954 453 4016 V(cl
510 3956 540 4006 17
559 3953 761 4022 magnianimus
785 3955 810 4007 V
860 3957 993 4008 acernus
1014 3954 1039 4006 V
1088 3956 1121 4007 21
1142 3971 1213 4021 quae
1233 3954 1299 4023 quia

149 4044 330 4106 praeparatus
346 4041 370 4093 V
385 4058 415 4108 q;
435 4046 468 4107 qt
487 4045 650 4108 praeparata
661 4039 685 4088 ll
703 4041 768 4108 quia
786 4046 949 4109 praeparata
960 4040 988 4092 E
1044 4043 1078 4093 23
1094 4041 1264 4109 aequalitate
1274 4040 1300 4092 B

149 4109 372 4181 maurusam
403 4112 661 4208 aeetrneognna'n
687 4127 721 4179 aa
731 4127 971 4196 longanimitatem
981 4127 1051 4180 aun
1077 4130 1110 4179 27
1120 4128 1258 4183 nuatione
1268 4150 1298 4184 a

150 4209 313 4267 dilatatione
332 4213 364 4266 R.
