2790 4844
171 239 233 305 248
511 242 627 294 sancti
653 241 786 295 Hilarii
810 243 973 310 episcopi

171 430 243 496 hoe
267 432 437 496 induere
460 432 811 511 incorruptionem
837 440 868 497 et·
891 433 1018 497 iterum:
1043 433 1079 496 in
1105 454 1180 517 quo
1203 432 1314 497 nuln-

172 555 255 601 mus
289 534 527 616 despoliari,
566 536 634 600 sed
673 537 925 616 superindui,
963 543 1003 601 ut
1040 537 1316 602 absorbeatur

174 639 246 704 boe
280 638 452 703 mortale
475 660 493 702 a
514 640 606 704 uita.
653 640 710 704 boo
744 659 819 723 ergo
853 641 1034 705 indumento
1069 640 1179 706 arietes
1209 640 1313 705 ouium

172 744 339 807 induuntur
362 750 394 807 et
418 743 475 808 hoe
498 742 639 827 gloriosae
663 744 892 809 inmortalitatis
916 743 1021 809 habitu
1045 744 1226 810 uestiuntur.

219 847 267 913 18.
293 847 354 912 Sed
378 867 565 931 quamquam
602 848 724 913 diuersa
758 849 993 913 retributionum
1025 849 1087 913 sint
1116 849 1195 912 drino
1226 868 1314 912 mon·

174 957 278 1026 strata,
313 972 400 1031 spem
435 959 537 1015 tamen
574 959 685 1032 praeter
719 951 786 1018 haeo
821 973 881 1016 non
916 953 1060 1038 exiguam
1095 952 1316 1017 misericordia¹

108 1074 111 1079 ·
173 1076 236 1120 suaa
252 1057 329 1120 dens
345 1056 450 1120 tribuit
474 1057 580 1120 dicens
595 1077 651 1135 per
667 1056 866 1136 prophetam:
900 1064 939 1121 et
962 1056 1173 1122 conualles
1197 1057 1317 1120 abun·

174 1160 327 1225 dabunt
350 1161 570 1225 frumento:
595 1161 774 1226 humiliores
794 1160 920 1238 seilicet,
943 1163 998 1226 sed
1014 1167 1194 1226 tamennon
1211 1161 1317 1241 impia

174 1264 245 1329 fidei
269 1271 362 1348 atque
385 1265 486 1345 operis
512 1265 651 1329 homines
674 1264 809 1330 fructum
831 1265 904 1330 uitae
927 1266 1099 1330 sortientur.
1145 1285 1206 1329 non
1230 1265 1314 1329 eninr

174 1370 313 1434 ubertate
336 1369 535 1448 replebuntur
557 1375 591 1433 nt
613 1369 724 1450 campi,
748 1389 849 1452 neque
880 1377 917 1432 ex
948 1371 1070 1434 deserto
1101 1369 1318 1452 pinguescent.

175 1492 275 1556 neque
292 1472 477 1537 exultatione
492 1472 692 1553 accingentur
706 1479 740 1538 ut
754 1480 886 1550 montes,
911 1493 1010 1555 neque
1031 1481 1186 1556 tamquam
1203 1472 1318 1537 arietes

175 1575 276 1640 ouium
301 1577 474 1650 induentur,
505 1577 536 1640 in
566 1576 677 1660 quibus
708 1577 850 1641 omnibus
884 1575 1051 1641 indefinitae
1075 1576 1180 1661 glorias
1204 1596 1319 1640 munus

176 1680 354 1755 ostenditur,
378 1682 433 1745 sed
457 1681 611 1747 frumento
635 1682 841 1759 abundabunt,
864 1683 988 1746 uiuendi
1013 1680 1130 1746 seilicet
1145 1680 1318 1746 substantia

178 1803 236 1848 non
261 1785 416 1857 carebunt,
441 1785 512 1868 quia
536 1806 591 1865 per
613 1786 825 1850 infirmitatem
851 1786 922 1850 fidei
940 1785 1074 1850 humiles
1090 1793 1161 1849 suut
1178 1790 1209 1849 et
1225 1785 1320 1849 edit-is

178 1889 292 1953 eiroum
317 1909 350 1953 se
373 1888 500 1953 collibus
524 1889 646 1954 uallium
672 1911 758 1955 more
782 1890 929 1970 depressi.

223 1993 270 2057 19.
297 1995 344 2059 Ae
368 2014 406 2057 ue
429 1993 628 2074 propheticus
651 2014 754 2058 sermo
778 1993 833 2058 bos
857 2014 990 2073 campos,
1015 1993 1081 2057 haee
1105 1993 1236 2067 deserta,
1263 1992 1322 2057 hos

178 2095 279 2174 eolles,
303 2098 359 2161 hos
382 2098 503 2163 arieles.
528 2098 593 2163 bae
609 2097 766 2173 connubia,
791 2118 859 2181 queo
875 2098 1010 2179 espeetui
1027 2104 1132 2161 nostro
1148 2097 1323 2162 subiacent.

178 2222 253 2265 uooe
277 2208 308 2265 et
330 2222 423 2266 sensu
446 2204 581 2267 carentia
605 2203 781 2287 significare
812 2203 1047 2275 existimaretur,
1077 2201 1204 2265 adiecit:
1242 2208 1323 2266 ete-

178 2306 256 2369 nim
281 2306 513 2371 olamabunt
543 2314 581 2370 et
605 2306 789 2389 hymnum
824 2307 968 2380 dicent,
1000 2305 1048 2370 dei
1073 2303 1190 2369 seilicet
1211 2302 1324 2370 laudes

178 2411 217 2474 ob
240 2408 306 2474 lraee
341 2411 461 2474 diuersa
496 2410 729 2475 retributionum
762 2412 888 2490 prumia
920 2409 1083 2474 indefessis
1115 2415 1144 2472 et
1176 2410 1326 2474 maximis

178 2514 303 2579 uocibus
326 2515 531 2579 concinentes.

600 2652 783 2735 PSALHUS
809 2652 903 2734 lxv,

447 2777 487 2839 lu
514 2777 645 2842 linem.
668 2776 871 2841 cauticum
897 2774 1052 2856 psalmi.

224 2897 404 2962 lubilute
432 2900 505 2962 deo
528 2898 655 2962 ouruis
680 2910 797 2963 terre.
822 2896 1019 2977 psalmum
1043 2895 1169 2960 dieite
1202 2897 1325 2960 nomi·

129 3035 134 3052 ‹
180 3003 217 3066 ni
242 3003 326 3066 eius
350 3002 529 3085 etreliqua.

224 3106 251 3170 1.
277 3106 501 3187 Superseriptio
535 3106 644 3187 psalmi
669 3127 686 3170 a
709 3107 866 3186 superiore
900 3126 935 3170 eo
969 3106 1068 3179 distat,
1103 3104 1186 3186 quod
1222 3105 1254 3168 in
1292 3125 1326 3169 se

181 3209 274 3274 habet
297 3210 499 3274 eantioum
529 3209 683 3289 psalmi,
707 3230 778 3274 eum
801 3211 831 3272 iu
856 3210 1008 3274 anteriore
1030 3206 1211 3288 psalmus
1237 3226 1325 3271 ean·

181 3313 251 3378 tici
276 3314 376 3377 editus
399 3314 448 3377 sit.
493 3322 629 3378 ueterum
653 3312 844 3396 aequabiliter
860 3313 1100 3392 praescribuntur
1122 3310 1161 3374 in
1185 3310 1202 3373 s
1206 3311 1326 3375 inem.

182 3419 284 3500 itaque
308 3419 478 3482 seeundum
502 3416 594 3494 illam,
619 3436 711 3499 quam
729 3418 758 3480 in
777 3417 901 3481 exordio
924 3415 1088 3487 attulimus
1113 3414 1151 3477 de
1164 3413 1326 3478 titulorum

227 3557 452 3624 mm

225 3695 403 3763 2dispolieri
433 3696 483 3747 PE
534 3696 640 3749 bdona
668 3702 821 3748 monstrata
849 3695 905 3746 sint
933 3694 984 3745 PE
1036 3692 1275 3746 'lhabundabunt
1304 3694 1331 3747 R

182 3782 377 3837 Bhuruiliores
405 3801 435 3836 ea
460 3782 615 3835 humilioris
645 3801 676 3834 m.
708 3782 721 3833 I
749 3782 774 3834 R
838 3782 870 3834 12
888 3778 1018 3833 definitae
1047 3779 1085 3830 Pb
1148 3779 1181 3832 15
1209 3779 1329 3834 arellium

182 3871 275 3923 oreP
327 3873 358 3924 16
377 3887 408 3923 ae
428 3890 457 3922 ex
481 3870 532 3922 hae
552 3872 577 3922 R
632 3873 663 3923 17
681 3869 840 3937 aspectuP
892 3870 924 3920 18
943 3865 1111 3936 significasse
1130 3865 1157 3917 P
1208 3868 1331 3920 210οη-

183 4009 326 4062 cinuentes
346 4010 371 4061 Ρ
433 4009 509 4063 Finit
535 4009 658 4077 psalmus
677 4008 779 4061 Lx1111
808 4007 907 4074 iuoipit
936 4006 1057 4073 psalmus
1087 4002 1159 4057 LXV
1179 4004 1206 4056 R
1224 3964 1331 4075 Explil

182 4108 1332 4200 mmmmfflmwmwm

182 4218 278 4272 biliter
296 4220 321 4271 ll
339 4218 492 4286 aequaliter
513 4217 566 4268 l’la'.
