2790 4844
198 208 261 274 880
673 212 868 280 Appendix.

197 399 394 479 interpretari
417 398 567 472 nolumus,
591 420 653 465 non
676 400 851 466 declamare
874 438 914 447 —
931 421 967 466 eo
989 401 1089 485 igitur
1114 409 1269 483 tempore,
1291 423 1343 486 quo

197 504 361 568 insurrexit
374 503 546 569 Abessalon
564 515 671 569 contre
689 505 800 581 Dauid,
814 525 896 570 unns
911 507 950 570 de
966 506 1074 570 amicis
1095 506 1211 580 Dauid,
1228 509 1343 572 nomine

197 606 303 683 Chusi,
327 608 423 672 uoluit
445 609 490 672 ire
513 628 580 672 cum
606 608 708 673 Dauid
732 619 789 674 θῖθ.

218 797 418 901 explanatio
437 798 480 880 do
500 798 632 900 psalmo
649 796 717 880 xv.
736 818 781 880 ex
798 797 919 881 codice
937 798 1015 880 olin
1037 799 1328 902 louisciuctcusi.

157 989 170 1026 θ
404 1012 407 1019 .
589 936 955 1019 coroniacensem.

243 1116 268 1177 1.
294 1112 386 1178 Tituli
411 1113 611 1196 inscriptione
634 1119 823 1193 praenotatur
838 1113 896 1178 iste
913 1112 1066 1193 psalmus;
1090 1115 1150 1178 sed
1167 1135 1241 1198 quse
1258 1117 1343 1180 luerit

196 1217 297 1283 Dauid
322 1217 400 1282 tituli
425 1216 592 1311 inscriptio,
615 1218 646 1280 iu
671 1216 801 1282 historio
817 1238 879 1282 non
896 1218 1081 1283 inuenimus.
1132 1227 1342 1284 uerumtamen

197 1321 277 1386 tituli
311 1322 545 1402 inscriptionem
568 1322 599 1385 in
623 1322 764 1401 passione
789 1321 906 1386 domini
930 1322 1046 1386 iactam
1069 1325 1342 1407 recognoscimus;

196 1432 227 1492 et
260 1427 368 1510 negari
401 1445 463 1490 nou
498 1431 598 1506 potest
633 1425 804 1490 secundum
842 1425 1143 1506 interpretationem,
1183 1429 1260 1511 qma
1293 1430 1344 1492 iste

144 1561 169 1599 lo
196 1530 335 1611 psalmus
351 1530 389 1594 de
405 1530 548 1610 passione
564 1537 595 1593 θῖ
607 1530 830 1594 resurrectione
843 1527 960 1594 Christi
973 1529 1181 1610 prophetasse
1195 1532 1343 1603 uideamr,

196 1637 280 1718 quod
303 1635 334 1699 iu
357 1634 410 1698 illo
440 1634 505 1699 loco
540 1632 737 1698 manifestum
773 1641 828 1710 est,
863 1634 913 1698 ubi
948 1634 1006 1698 ait:
1042 1635 1238 1717 quoniam
1275 1657 1343 1700 non

196 1739 465 1821 derelinques
488 1739 662 1802 animem
686 1757 808 1802 meam
843 1738 881 1802 in
916 1737 1081 1802 inferno
1117 1758 1192 1804 nec
1230 1741 1344 1804 dehis

196 1850 381 1908 sanctum
420 1850 525 1906 tuum
563 1842 705 1907 uidere
743 1842 1060 1922 corruptionem.
1120 1842 1226 1909 Dauid
1266 1845 1344 1909 enlm

195 1956 334 2012 mortuus
368 1957 415 2011 θεῖ
438 1955 469 2011 et
490 1945 645 2026 sepultus:
681 1945 796 2011 Christi
830 1953 933 2011 autern
968 1966 1037 2011 caro
1071 1945 1139 2011 sola
1173 1967 1238 2012 non
1273 1948 1346 2012 uidit

144 2077 170 2117 ιθ
198 2051 434 2131 corruptionem,
458 2071 514 2115 nec
531 2051 661 2115 detineri
679 2050 777 2130 potuit
792 2051 896 2114 anima
924 2050 1045 2125 clusin
1070 2051 1205 2116 inferno.
1256 2072 1344 2136 quam

195 2155 234 2219 oh
262 2175 328 2220 rem
355 2154 502 2235 psalmus,
537 2155 589 2238 qui
626 2154 716 2218 etde
740 2155 883 2235 passione
906 2154 972 2219 eius
1002 2162 1032 2220 et
1063 2157 1296 2221 resurrectione
1318 2170 1345 2220 θῖ

195 2258 368 2324 hereditate
392 2259 528 2323 dictums
551 2265 644 2339 esset,
676 2259 786 2323 merito
809 2264 932 2323 notatus
957 2269 1004 2322 est
1027 2255 1105 2322 tituli
1130 2259 1346 2343 inscriptione.

196 2364 270 2446 quid
294 2363 378 2427 enim
400 2363 433 2437 iu
457 2382 490 2428 se
514 2361 624 2429 habuit
647 2363 799 2442 scripturo
818 2361 907 2438 tituli,
931 2381 1023 2444 quarn
1040 2364 1124 2427 cruci
1142 2363 1213 2428 cius
1231 2363 1346 2429 Pilatus

196 2466 316 2532 affixit?
360 2465 483 2540 Iesus,
507 2467 615 2549 inquit,
639 2488 706 2532 rer
731 2466 963 2531 ludaeorum.
1009 2468 1091 2549 quod
1115 2466 1148 2530 in
1173 2487 1209 2532 se
1235 2488 1346 2533 nomen

143 2594 168 2633 oo
196 2581 227 2636 θῖ
262 2572 328 2651 ipse
363 2565 522 2636 consessus
557 2577 605 2636 est
637 2571 832 2654 interogenta
865 2589 936 2635 eum
972 2569 1085 2634 Pilato:
1127 2583 1167 2635 tu
1204 2592 1248 2636 es
1283 2593 1348 2636 rer

196 2674 442 2739 ludaeorum?
472 2676 508 2738 in
534 2673 617 2751 hoc,
641 2675 747 2757 inquit,
771 2676 862 2739 ueni
888 2684 925 2738 θῖ
946 2674 983 2737 in
1007 2673 1079 2738 hoc
1103 2680 1231 2740 natus
1255 2695 1348 2740 sum.

240 2781 267 2842 2.
293 2779 353 2844 Sed
378 2780 529 2861 numquid
553 2778 724 2844 cornelium
748 2778 921 2843 lndaeorum
946 2798 999 2842 rex
1018 2775 1171 2850 Christus,
1196 2781 1349 2862 quoniam

195 2889 227 2948 et
249 2883 320 2947 alibi
356 2885 505 2963 scriptum
543 2890 604 2948 est:
640 2902 698 2965 ego
729 2889 832 2958 autem
868 2883 1049 2947 constitutus
1073 2901 1144 2946 sum
1169 2903 1227 2948 rer
1252 2885 1293 2948 ab
1316 2905 1349 2948 eo

196 3007 289 3069 super
311 2986 385 3052 Sion
410 2992 545 3051 montem
562 2993 704 3051 sunctum
722 2986 811 3051 eius?
845 3006 906 3051 non
921 2986 1027 3069 utique
1042 2986 1177 3051 arbitror
1194 2988 1229 3051 in
1246 2995 1348 3054 monte

144 3115 170 3153 ss
196 3091 255 3156 hoc
280 3100 409 3170 terreno,
433 3091 485 3175 qui
510 3092 611 3156 estin
636 3091 749 3169 Iudaeo,
772 3110 904 3174 regnum
927 3111 945 3154 e.
968 3099 1054 3171 patre
1077 3089 1189 3155 datum
1214 3092 1348 3167 domino,

197 3197 281 3261 cuius
305 3195 427 3261 caeleste
451 3216 583 3279 regnum
607 3195 762 3276 apostolus
785 3197 883 3273 docet,
906 3197 986 3260 sicut
1009 3200 1038 3259 et
1060 3195 1164 3275 ipsam
1186 3196 1349 3262 ciuitatem

197 3299 392 3365 Hierusalem
422 3320 483 3364 non
513 3298 594 3364 hunc
629 3297 744 3363 Christi
774 3319 843 3364 esse
866 3300 1007 3376 ostendit,
1037 3318 1106 3382 quae
1141 3319 1231 3366 nunc
1255 3301 1350 3366 semit

196 3424 265 3469 cum
289 3403 359 3468 filiis
383 3404 455 3479 suis,
479 3403 535 3467 scd
557 3401 651 3477 illam,
686 3423 753 3486 quae
788 3422 911 3467 sursum
946 3409 1001 3483 est,
1035 3412 1170 3467 matrem
1207 3412 1348 3470 nostram

196 3506 334 3583 liberam,
369 3505 522 3572 caelestem
546 3504 752 3572 Hierusalem.
796 3506 839 3570 ita
862 3526 919 3572 nec
942 3504 1052 3570 horum
1077 3506 1272 3586 Iudaeorum
1297 3509 1348 3592 qui

143 3634 169 3671 co
197 3612 368 3677 circumcisi
393 3616 466 3676 sunt
488 3611 719 3677 circumcisione
742 3630 837 3675 manu
860 3610 950 3686 secta,
985 3611 1042 3675 sed
1075 3610 1157 3676 sicut
1188 3613 1348 3692 apostolus

197 3716 299 3782 docuit
321 3717 442 3780 dicens:
478 3715 573 3799 quia
606 3736 679 3780 non
715 3723 775 3781 est
809 3714 875 3780 hic
906 3714 1075 3794 ludaeus,
1109 3716 1181 3798 qui
1214 3716 1348 3797 palam

196 3821 369 3895 uidetur,
392 3840 522 3904 neque
546 3819 619 3883 illa
642 3819 914 3895 circumcisio,
948 3839 1032 3902 quae
1063 3820 1101 3883 in
1133 3838 1264 3886 earne
1287 3823 1348 3897 sit,

197 3925 265 3987 sed
302 3923 565 3988 circumcisio
598 3925 744 4000 cordis,
780 3923 895 3988 cuius
930 3922 1018 3988 laus
1052 3942 1128 3986 non
1154 3944 1200 3987 er
1225 3924 1348 3989 homi·

197 4026 323 4104 nibus
348 4029 416 4092 sed
441 4047 485 4091 ex
508 4028 580 4091 deo
604 4037 679 4105 est,
703 4035 734 4091 et
757 4047 815 4090 non
840 4026 951 4091 hormn
969 4026 1143 4090 ludaeorum
1169 4048 1225 4092 rex
1249 4028 1347 4103 Isana,

240 4186 255 4234 ‘l
274 4183 396 4250 hystoria
452 4186 483 4237 19
502 4183 647 4237 iudeorum
667 4194 688 4235 ct
707 4186 743 4236 sic
760 4201 866 4253 seraper.
