2790 4844
388 284 568 333 tractatus
587 280 622 332 in
644 279 816 347 psalmum
835 279 958 333 LXVIII.
1183 277 1242 343 321

109 490 175 554 crgo
186 470 398 552 inproperium
415 476 540 550 propter
551 471 652 543 deum,
666 470 740 534 dum
754 468 889 534 alienum
907 491 925 533 a
940 476 1051 534 natura
1063 488 1119 533 sua
1131 488 1245 554 corpus

106 574 241 651 adsumit,
259 575 331 638 doru
347 576 518 638 secundum
542 572 711 654 apostolum
736 574 897 654 peccati
921 574 1105 638 nescium
1129 580 1246 654 pater

106 677 202 742 lacit
232 698 321 743 esse
345 690 564 757 peccatum,
591 679 664 741 dum
689 677 724 741 tit
746 678 904 742 obediens
931 697 1028 760 usque
1052 679 1091 741 ad
1115 686 1243 743 mortem

105 783 208 862 crucia,
234 784 309 847 dum
333 782 390 864 ipsi
414 782 624 862 exprobratur,
649 783 731 863 quod
755 787 875 845 ceteros
899 779 1022 846 saluans
1045 802 1079 846 se
1101 782 1168 862 ipse
1184 803 1242 847 nou

106 884 206 963 soluat,
231 888 306 950 dum
330 885 530 950 contumelias
553 892 712 969 sputorum
736 885 955 968 alaparumque
978 886 1157 967 perpetitur.

147 990 193 1055 10.
217 990 285 1054 Hoc
308 990 402 1072 igitur
424 991 540 1071 pudore
563 996 723 1069 coopertus
746 990 786 1053 ob
811 990 904 1054 deum
936 989 970 1053 fit
1000 989 1119 1054 alienus
1143 1010 1160 1054 a
1183 989 1244 1054 fra·

108 1093 197 1158 tribus
221 1095 284 1158 suis
308 1102 338 1159 ct
360 1093 432 1158 filiis
456 1094 648 1158 matrissuae
672 1093 786 1174 hospes
808 1094 948 1176 efficitur,
973 1113 991 1157 a
1014 1095 1099 1158 uitiis
1127 1094 1245 1160 scilicet

110 1215 216 1275 eorum,
252 1199 305 1281 qui
339 1199 398 1262 sibi
432 1199 600 1263 secuudum
635 1218 762 1263 carnem
796 1198 1017 1282 consanguinei
1040 1198 1243 1264 habebantur.

110 1298 226 1377 alienus,
259 1305 333 1366 dum
358 1302 631 1367 nummulariorum
655 1322 780 1367 mensas
800 1302 949 1384 templum
972 1303 1133 1386 ingressus
1159 1324 1244 1369 euer-

112 1401 147 1478 tit,
168 1406 244 1469 dum
268 1406 422 1471 nundinas
446 1407 548 1470 ouium
572 1427 609 1470 ac
632 1406 723 1470 boum
750 1405 898 1487 probibet,
933 1408 1005 1471 dum
1037 1408 1241 1472 uendentibus
1271 1431 1295 1467 ιο

111 1506 268 1588 columbas,
303 1530 358 1573 cur
381 1512 506 1574 domum
530 1511 625 1590 patris
648 1511 695 1574 sui
718 1510 843 1573 domum
866 1511 995 1574 feceriut
1017 1512 1241 1595 negotiationis

112 1613 271 1692 exprobrat
311 1614 374 1678 zelo
398 1616 482 1679 euim
506 1616 616 1679 domus
640 1615 687 1678 dei
704 1634 852 1695 peruasus
869 1613 936 1679 haec
953 1616 1024 1698 egit.
1068 1622 1238 1681 astantem

109 1706 168 1781 haec
189 1718 304 1782 amoris
326 1717 368 1800 pii
393 1718 572 1801 indignatio,
600 1725 633 1782 ut
656 1738 769 1794 eorum,
794 1738 871 1802 quos
895 1717 1061 1803 diligimus
1085 1727 1242 1786 contume-

106 1809 149 1881 liis
172 1833 330 1905 tamquam
362 1821 427 1885 zelo
450 1821 671 1887 efferuescente
695 1842 882 1886 moneamur.
927 1821 987 1887 hoc
1010 1824 1093 1887 euim
1116 1823 1240 1907 pollutio

101 1915 210 1989 domus
233 1925 308 2002 zelo,
330 1937 363 1988 ut
387 1924 580 2009 euangelium
607 1963 642 1972 -
669 1926 748 1990 sicut
770 1926 910 2005 superius
934 1927 1023 1991 docui
1040 1964 1080 1973 —
1097 1934 1242 1993 testatum
1270 1948 1295 1988 aa

98 2031 155 2102 tsi,
178 2032 299 2094 turbam
323 2049 447 2094 omnem
463 2031 631 2094 ementium
647 2050 682 2095 ac
698 2031 899 2094 uendeutium
915 2030 1064 2111 templum
1080 2032 1242 2115 ingressus

96 2124 197 2197 eiecit
242 2133 307 2198 zelo
331 2143 433 2198 autern
458 2134 506 2198 dei
530 2136 624 2199 etiam
649 2153 745 2216 usquc
780 2136 819 2198 ad
850 2136 956 2198 mortis
991 2137 1187 2200 seueritatem
1211 2144 1242 2200 et

96 2225 194 2300 finem
215 2237 377 2318 placuisse,
399 2238 553 2302 laudabile
578 2245 632 2302 est.

146 2340 195 2404 11.
217 2341 278 2406 Per
301 2342 381 2406 hanc
405 2343 499 2425 igitur
521 2342 773 2425 exprobratarum
798 2341 847 2406 his
871 2343 1068 2422 cupiditatum
1099 2344 1240 2427 indigna-

99 2432 214 2509 tionem
237 2447 376 2512 omnium
398 2446 431 2511 in
454 2466 523 2510 eum
548 2446 779 2511 maledictorum
809 2455 959 2531 congesta
989 2448 1129 2512 conuicia
1160 2457 1241 2513 sunt.
1269 2467 1294 2505 ²⁰

104 2555 302 2634 lllaecumque
325 2563 427 2615 autem
449 2551 481 2615 in
503 2551 616 2631 impios
640 2551 732 2634 dirigi
756 2550 862 2627 solent,
891 2549 958 2615 hauc
982 2553 1012 2614 iu
1037 2572 1106 2616 eum
1130 2572 1241 2633 oppro-

107 2637 173 2714 lria
201 2663 271 2719 aunt
304 2654 411 2731 relata,
453 2675 522 2719 curu
556 2654 767 2738 blasphemus,
806 2675 874 2719 cum
910 2655 1132 2726 Samaritanus,
1171 2676 1239 2722 cum

113 2741 285 2838 betianus,
308 2779 380 2823 cunr
403 2760 590 2823 daemonium
614 2759 732 2823 habens
756 2760 874 2824 dicitur.
921 2760 951 2823 id
982 2760 1065 2824 enirn
1088 2759 1241 2826 subiacet:

117 2862 384 2943 elopprobria
416 2862 755 2943 exprobrantium
779 2870 815 2926 te
846 2865 1086 2928 ceciderunt
1119 2885 1242 2944 super

60 2966 62 2971 ’
121 2968 172 3025 ¹¹¹0.
209 2965 412 3049 blasphemiae
435 2966 634 3048 opprobrium
659 2968 687 3032 ei
712 2968 821 3050 potina,
853 2968 904 3051 qui
935 2969 993 3032 deo
1023 2970 1240 3034 contumeliam
1268 2985 1294 3023 π

155 3092 204 3149 211
223 3098 283 3152 Cor.
302 3100 327 3165 5,
346 3101 388 3151 21.

158 3205 243 3263 ldum
261 3210 384 3263 alienum
402 3210 571 3264 caralitanum
590 3229 622 3263 m.
643 3209 662 3262 2
688 3212 709 3262 V
760 3213 777 3262 2
795 3211 860 3263 dum
880 3211 1030 3265 secundum
1049 3231 1079 3265 ex
1096 3213 1125 3265 in
1144 3230 1240 3266 secuu-

126 3279 238 3348 dum-2
254 3297 278 3350 V
328 3296 456 3350 nesciunt
464 3302 528 3365 pate
545 3297 568 3350 V
618 3297 766 3350 bdumait
783 3298 805 3351 V
856 3298 951 3351 ddum
970 3299 1028 3367 ipae
1045 3299 1092 3352 VP
1142 3316 1240 3368 expro-

126 3367 199 3459 bptur
216 3384 257 3448 lta
275 3387 302 3435 in
321 3382 384 3448 rua.)
403 3384 429 3436 P
453 3385 621 3452 exprobatur
640 3385 665 3436 R
718 3384 776 3452 ipae
803 3403 833 3437 ec
859 3385 949 3452 ipsum
978 3385 1049 3438 aa?
1073 3387 1097 3438 V
1145 3388 1240 3440 otum

124 3481 261 3540 ‘'dtumeliaa
287 3488 311 3539 V
361 3487 571 3542 balianusza
590 3488 616 3539 Ρ
665 3484 803 3568 §talionis
831 3489 857 3541 P
880 3489 981 3542 alienes
1000 3509 1019 3538 α
1045 3490 1168 3543 alienans
1193 3491 1240 3542 VR

118 3642 233 3709 templum
261 3645 365 3697 euertit
391 3644 533 3712 ingressus
568 3645 592 3697 V
644 3647 676 3699 10
692 3601 776 3697 bouin
804 3662 869 3696 corr.
895 3664 927 3697 m.
955 3645 975 3697 2
1009 3646 1031 3696 V
1089 3649 1119 3699 ll
1139 3665 1192 3715 qur
1216 3648 1241 3699 la

113 3725 198 3783 locent
223 3729 284 3783 V¹P
336 3733 369 3785 13
386 3730 608 3800 indignationum
626 3747 721 3784 eorum
744 3731 769 3783 V
821 3735 853 3785 14
871 3731 1069 3785 efferuescente
1096 3752 1126 3786 ea
1153 3734 1239 3787 enim·

109 3816 270 3872 senescente
295 3837 327 3871 m.
347 3819 368 3870 2
391 3818 416 3870 V
434 3817 659 3900 efferuescentem
679 3819 704 3870 Ρ
757 3822 788 3870 17
807 3826 835 3871 et
856 3836 904 3871 oua.
928 3819 1003 3871 VRl’
1055 3822 1087 3874 19
1105 3821 1240 3888 cupidita-

105 3923 170 3974 tium
204 3922 226 3971 Γ
284 3924 319 3975 20
345 3921 557 3976 maledictorum
587 3940 616 3974 ca
646 3921 856 3975 maledictarum
888 3923 912 3974 lt
978 3928 1108 3989 congesta
1138 3943 1186 3976 om.
1220 3925 1243 3975 l'

99 4011 129 4065 21
149 4015 243 4062 autem
262 4010 323 4061 odd.
343 4027 375 4061 m.
395 4010 462 4063 2V
511 4009 660 4077 obprobria
679 4009 730 4061 RP
779 4011 814 4062 22
832 4009 981 4063 blasfemus
1007 4010 1080 4062 VRP
1130 4013 1163 4064 23
1182 4012 1240 4064 bel·

96 4095 171 4152 obul
193 4096 218 4147 V
269 4095 344 4179 egilan
363 4092 432 4160 (nim
449 4099 477 4149 io
495 4098 559 4159 rna.)
585 4097 608 4149 V
658 4096 776 4149 subiecit
799 4094 825 4161 (c
844 4098 871 4148 in
889 4114 949 4163 rus,
974 4097 997 4149 ib
1015 4114 1044 4149 ex
1062 4104 1090 4149 et
1108 4098 1180 4150 m.‘.)
1206 4099 1238 4162 1')

100 4254 177 4308 l'PE
229 4253 264 4305 24
281 4208 417 4320 opprobia
433 4250 455 4303 V
471 4252 619 4320 obprobria
631 4263 654 4306 et
663 4254 700 4305 sic
712 4254 788 4305 etiam
802 4253 902 4320 iasab
953 4254 988 4306 25
1006 4252 1167 4307 blasfemiae
1187 4254 1241 4310 Vlt.

145 4373 222 4413 xrrr.
238 4370 312 4410 artu.
327 4370 384 4410 rtet.
400 4381 451 4419 μη
465 4371 484 4411 1.
1049 4357 1082 4409 21
