2790 4844
203 219 266 282 442
551 219 667 272 sancti
687 218 821 271 Hilarii
841 218 1003 286 episcopi

204 409 404 474 tradiderunt.
451 409 613 492 egregium
637 407 696 472 lroc
719 408 823 489 itaque
847 415 877 471 et
901 406 1080 488 praeclarum
1099 408 1130 470 in
1147 405 1280 472 homine
1298 413 1352 482 est,

204 514 275 596 quia
298 533 315 577 a
338 513 449 577 ceteris
472 513 623 596 dignitate
647 510 831 591 operationis
856 511 1012 591 excipitur.
1058 511 1097 576 de
1113 509 1352 576 confirmatione

203 629 305 681 autem
330 616 395 680 caeli
420 617 461 679 ita
485 617 618 699 quodam
654 616 684 679 in
720 615 785 679 loco
819 614 967 699 legimus:
1004 635 1077 699 ego
1113 635 1229 679 manu
1266 635 1352 680 mea

204 720 368 785 firmani
400 720 544 785 caelum.
590 740 665 803 ergo
693 728 870 802 exaequatur
901 719 1069 799 operationi
1101 719 1237 783 hominis
1270 719 1350 784 istud

165 852 177 885 a
205 824 399 900 elementum,
423 844 494 888 cum
519 825 650 905 idipsum
675 844 770 888 rnanu
793 824 842 888 dei
866 822 1020 888 firmatum
1044 843 1113 888 esse
1133 821 1351 888 memoratur?

205 931 258 993 sed
285 949 470 1012 quamquam
504 928 610 992 caelum
643 948 744 1007 manu,
774 926 865 992 homo
900 940 1000 992 tamen
1026 928 1175 992 manibus.
1224 935 1351 1011 praestat

204 1053 280 1116 ergo
303 1031 404 1097 afficio
430 1033 516 1097 unius
541 1052 650 1096 manus
674 1036 803 1097 duarum
827 1032 978 1112 operatio:
1004 1045 1034 1096 et
1057 1032 1096 1108 id,
1113 1032 1197 1115 quod
1221 1032 1262 1096 ad
1279 1052 1348 1096 eou-

205 1137 409 1201 firmationem
433 1138 498 1201 caeli
524 1138 598 1201 satis
623 1146 678 1208 est,
701 1138 732 1201 in
756 1136 893 1201 hominis
916 1136 1100 1201 condicione
1130 1155 1193 1200 non
1225 1135 1347 1201 sufficit.

204 1239 445 1324 intellegendum
471 1256 573 1305 autem
598 1251 652 1319 est,
674 1260 729 1305 our
753 1242 893 1305 manibus
916 1239 1067 1324 propheta
1090 1260 1124 1305 se
1146 1240 1264 1305 factum
1282 1260 1347 1306 esse

154 1371 178 1405 ιο
206 1347 294 1419 dicat,
319 1366 420 1428 neque
440 1346 539 1410 solum
556 1345 680 1415 factum.
704 1346 867 1410 sedetiam
885 1346 1048 1428 figuratum
1065 1344 1115 1410 uel
1132 1356 1344 1428 praepuratum.

250 1449 278 1514 6.
302 1448 480 1514 Ceterorum
504 1450 640 1513 omnium
666 1449 888 1515 elementorum
913 1449 1027 1514 creatio
1051 1469 1088 1513 eo
1111 1450 1179 1529 ipso
1210 1450 1241 1513 in
1273 1458 1343 1514 tem·

207 1574 278 1634 pore
302 1564 332 1618 et
355 1554 492 1617 instituta
515 1570 545 1618 et
569 1552 678 1618 effecta
702 1564 756 1625 est,
782 1572 841 1636 quo
865 1553 1032 1618 subsistere
1051 1552 1225 1621 iubebatur.
1251 1572 1342 1635 neque

205 1656 429 1723 inchoationem
454 1678 558 1722 eorum
584 1665 614 1721 et
638 1658 858 1738 perlectionem
884 1666 1006 1737 tempus
1037 1656 1160 1739 aliquod
1185 1657 1341 1732 discernit3

206 1782 276 1824 nam
302 1763 595 1826 consummationem
621 1761 773 1826 inchoatio
798 1761 826 1824 in
850 1761 992 1844 eoquod
1010 1769 1056 1826 est
1076 1768 1186 1844 empta,
1205 1761 1340 1842 percepit

155 1889 180 1924 m
207 1864 299 1929 homo
331 1886 411 1934 uero.
445 1886 513 1930 curm
544 1866 696 1930 internam
732 1875 761 1930 et
798 1874 958 1930 externam
990 1867 1020 1928 in
1052 1885 1085 1929 se
1115 1879 1257 1929 naturam
1288 1865 1341 1928 dis

207 1979 366 2034 sona-ntem
382 1970 470 2033 aliam
484 1970 523 2033 ab
541 1971 599 2033 alia
615 1971 769 2034 contiueat
790 1979 820 2035 et
836 1991 872 2034 en
890 1970 1008 2034 duobus
1024 1968 1192 2053 generibus
1207 1970 1239 2032 in
1255 1987 1343 2035 unum

207 2075 246 2137 sit
268 2073 381 2137 animal
406 2074 533 2137 rationis
565 2076 716 2156 particeps
748 2075 939 2146 constitutus,
971 2073 1083 2156 duplici
1115 2082 1163 2138 est
1192 2074 1343 2138 institutus

207 2179 340 2242 exordio.
386 2179 517 2257 primum
555 2180 638 2242 enim
668 2178 783 2242 dictum
816 2187 877 2242 est:
913 2177 1113 2242 faciamus
1146 2176 1345 2241 hominem

207 2284 253 2346 ad
293 2282 509 2364 imaginem
550 2291 587 2346 et
629 2282 945 2346 similitudinem
992 2288 1189 2359 nostram;
1237 2281 1347 2346 dehine

155 2407 180 2443 20
207 2389 358 2450 seeundo:
384 2397 418 2450 et
444 2389 606 2470 accepit
630 2389 727 2452 deus
750 2387 957 2467 puluerem
982 2386 1350 2450 deterraetfinxit

208 2491 417 2555 hominem.

252 2595 279 2658 7.
306 2594 443 2658 Primum
468 2615 543 2673 uptus
572 2616 632 2658 non
659 2595 750 2660 habet
772 2596 803 2658 in
828 2615 861 2660 se
884 2595 1056 2675 adsumptae
1078 2593 1204 2658 aliunde
1228 2594 1352 2659 alterius

207 2713 323 2763 naturae
346 2699 506 2781 originem.
554 2699 744 2780 incorporale
768 2709 824 2773 est,
848 2699 998 2782 quidquid
1028 2697 1104 2763 illud
1127 2704 1193 2762 tum
1219 2701 1261 2763 de
1285 2719 1352 2764 con·

207 2803 265 2867 silii
290 2804 441 2867 sententia
464 2802 640 2868 inchoatur:
673 2804 704 2866 lit
730 2805 811 2868 euim
837 2805 875 2867 ad
906 2803 1078 2886 imaginem
1110 2801 1171 2867 dei.
1218 2822 1283 2868 non
1306 2803 1354 2867 dei

155 2925 180 2963 ²⁶
207 2908 320 2988 imago.
345 2908 416 2989 qiua
439 2907 543 2991 imago
568 2908 616 2971 dei
641 2917 688 2972 est
710 2908 934 2988 primogenitus
965 2907 1068 2971 omnis
1099 2914 1271 2984 ereaturam
1302 2906 1355 2971 sed

207 3012 245 3074 ad
269 3012 447 3094 imaginem,
472 3013 501 3074 id
519 3022 567 3076 est
582 3012 750 3076 secundum
768 3012 912 3095 imaginis
929 3018 958 3075 et
975 3008 1188 3075 similitudinis
1205 3012 1354 3091 speciem.

209 3116 347 3179 diuinum
382 3116 410 3178 in
447 3135 483 3180 eo
518 3128 548 3181 et
587 3114 777 3196 incorporale
814 3115 1020 3196 condendum,
1060 3115 1143 3198 quod
1183 3116 1356 3191 secundum

207 3220 375 3303 imaginem
401 3220 449 3284 dei
476 3233 504 3284 θῖ
528 3219 760 3284 similitudinem
792 3225 855 3283 tum
889 3218 999 3283 tiebat:
1035 3217 1214 3297 exemplum
1241 3219 1357 3284 seilicet

250 3399 266 3446 a
286 3393 357 3445 naar.
376 3392 458 3460 xuv,
481 3394 511 3445 ra
530 3394 639 3458 (arnt.
679 3396 710 3446 re
730 3394 796 3445 oen.
815 3395 835 3459 r,
854 3395 896 3446 aa.
932 3394 966 3446 ao
984 3393 1054 3445 ruia.
1072 3392 1108 3457 u,
1127 3395 1152 3446 7.

254 3532 410 3585 ltradidei·
431 3535 468 3601 t‘p
487 3531 627 3586 tradidere
643 3533 668 3583 Ε
719 3533 872 3586 Mamali
925 3533 1030 3585 distat
1048 3536 1110 3621 etnt
1127 3531 1275 3587 elemento
1293 3552 1358 3587 corr.

209 3656 279 3706 πῖὶ)
305 3654 326 3703 l'
378 3653 532 3706 iot'lioium
559 3655 581 3706 V
632 3671 729 3707 manua
748 3674 796 3706 orm
818 3655 841 3704 17
892 3653 965 3721 quod
984 3652 1197 3706 confirmatione
1220 3658 1245 3707 t'
1296 3655 1359 3710 siu

208 3742 267 3792 udal.
288 3743 359 3792 ms.)
385 3742 406 3791 l'
456 3744 545 3807 9qur
563 3741 588 3792 R
641 3757 690 3793 cur
708 3768 741 3776 —
761 3741 835 3795 dicat
853 3741 951 3794 onaV
1002 3743 1033 3794 ll
1053 3746 1215 3793 ceterarum
1244 3741 1278 3795 V¹
1331 3742 1360 3794 in

209 3846 256 3877 aaa
286 3846 320 3896 po
393 3829 424 3879 12
455 3827 617 3880 subsisteret
656 3826 689 3880 1ἵί
761 3830 793 3881 13
824 3821 991 3881 icoationem
1028 3827 1074 3880 VC
1107 3837 1131 3878 et
1168 3828 1207 3880 sic
1247 3831 1275 3881 in
1310 3846 1359 3898 seq.

210 3917 242 3967 14
260 3913 437 3997 perffioppit
464 3924 490 3977 te
510 3913 565 3966 exi
585 3912 665 3979 1113)
687 3916 710 3966 lt
763 3917 795 3967 16
815 3915 868 3967 alia
895 3914 929 3968 ab
952 3913 1008 3967 alia
1035 3914 1061 3966 R
1116 3915 1149 3965 17
1168 3914 1315 3969 rationum
1339 3915 1361 3969 l'

209 4018 374 4070 constitutus
394 4021 430 4070 ed.
448 4029 505 4086 post
525 4019 607 4069 Bait.
627 4018 702 4070 atto
718 4019 898 4071 constitutum
917 4018 1023 4088 VRt'pa
1076 4023 1119 4070 est
1138 4019 1316 4074 constitutus
1340 4018 1363 4070 l'

208 4105 243 4158 20
262 4107 339 4157 eodm
355 4125 375 4174 p
428 4106 567 4173 acceperit
595 4104 625 4159 1Ὶ
679 4106 712 4159 28
731 4105 794 4158 illut
820 4106 841 4158 l'
898 4111 957 4158 tum
978 4123 1058 4157 ome
1110 4105 1147 4159 26
1165 4104 1202 4158 ad
1223 4124 1360 4163 sunnam

211 4210 241 4243 m.
264 4191 322 4242 IR
375 4190 420 4244 dei
440 4191 467 4242 id
487 4198 528 4243 est
549 4192 603 4261 (pli
