2790 4844
285 264 467 310 tractatus
485 256 526 310 de
544 256 657 309 titulo
676 255 802 323 psalmi
821 254 889 308 XCI.
1097 253 1159 319 349

68 448 85 511 i.
112 447 156 512 Ut
179 455 280 512 autern
305 445 474 510 absolut-ius
508 444 686 528 intellegere
721 446 884 525 possimne,
920 463 989 527 quae
1023 444 1160 525 operatio

88 552 130 618 ait
153 560 185 617 et
208 550 363 635 quomodo
387 569 518 631 operans
542 559 628 630 pater
651 557 795 629 operatur
826 555 857 613 et
886 547 976 625 lilius,
1007 549 1161 632 originem

68 657 89 721 li
123 655 215 720 buius
249 674 340 719 nosse
379 655 539 719 debemus.
585 654 666 718 inter
699 663 818 729 ceteras
856 654 938 718 enirn
978 652 1160 730 curationes

68 761 129 826 ibus
153 780 187 826 se
211 759 357 824 dominus
382 760 410 822 iu
436 778 528 822 earne
551 757 686 822 hominis
709 758 800 822 deum
836 758 966 821 dooebat
1000 757 1058 821 sub
1087 757 1161 821 uisi·

68 863 74 927 i
96 864 226 932 materie
241 869 425 945 potestatem
441 861 605 927 inuisibilis
620 862 743 927 uirtutis
759 863 933 938 ostendere,
958 859 1159 944 paralyticum
1201 886 1212 921 s

68 967 143 1050 ginta
166 975 197 1033 et
219 973 288 1034 oete
323 987 475 1031 annorum
509 967 540 1030 in
574 967 725 1030 natatoria
758 967 891 1046 port-icus
917 965 1092 1031 Salomonis
1115 966 1160 1029 in·

68 1072 106 1136 nit
125 1077 341 1154 expectantem
364 1070 492 1136 alieuius
516 1069 673 1147 auxilium,
697 1091 754 1150 per
773 1090 865 1154 quern
882 1070 921 1134 ad
938 1079 1056 1135 motum
1072 1089 1161 1153 aqnae

69 1175 241 1261 rangelum
274 1175 407 1240 inuitatae
443 1175 555 1240 deuelri
589 1181 702 1255 posset.
748 1183 814 1239 erat
847 1181 949 1239 autem
985 1173 1044 1238 hoo
1078 1181 1108 1238 et
1129 1173 1161 1238 in

68 1297 155 1360 npore
179 1287 209 1344 et
232 1281 263 1343 in
288 1278 414 1344 homine
438 1280 567 1357 uirtutis
590 1283 632 1356 ut,
656 1299 728 1343 oum
752 1278 819 1343 fons
840 1278 966 1358 pisciuae
989 1285 1161 1344 commotus

68 1392 114 1460 set
127 1382 186 1462 ille,
202 1383 255 1467 qui
272 1383 390 1467 primus
406 1403 502 1466 aquas
519 1390 602 1448 esset
617 1384 786 1466 ingressus,
799 1402 924 1447 omnem
940 1381 1160 1457 infirmitatem,
1190 1404 1214 1440 ιο

68 1503 90 1549 u
107 1487 320 1561 adflictaretur,
344 1489 499 1552 aua-deret..
544 1494 630 1551 erant
664 1492 767 1552 autern
803 1486 868 1551 baee
903 1495 933 1552 et
962 1487 1161 1568 praesentium

68 1585 177 1656 lactibus
200 1589 286 1656 utilia
308 1601 339 1656 ot
361 1592 532 1656 futurorum
557 1590 681 1671 speculo
705 1590 885 1673 imaginata.
910 1611 979 1656 oum
995 1589 1106 1674 angelo
1122 1592 1161 1655 ad

68 1711 120 1773 {nas
130 1702 260 1761 noranta
276 1696 415 1759 omnium
432 1696 652 1779 egritudinum
668 1701 811 1776 prompta
827 1701 909 1760 esset
924 1693 1055 1761 abolitio,
1079 1693 1161 1759 huno

68 1814 102 1879 *go
129 1799 329 1883 paralyticum
360 1799 410 1864 die
440 1800 561 1865 sabbati
592 1800 736 1864 dominus
767 1799 817 1864 ubi
841 1799 926 1876 uidit,
949 1800 1044 1864 uerbo
1066 1804 1161 1873 aurat,

68 1914 175 1984 erepto
199 1903 331 1969 salutern
361 1903 547 1968 infirmantis
570 1902 717 1968 efficiens.
764 1903 839 1968 dieit
872 1923 946 1987 ergo
979 1902 1160 1987 paralytico:
1189 1924 1214 1960 1⁶

68 2021 142 2090 urge
165 2015 203 2073 et
234 2007 333 2072 tolle
363 2008 577 2092 grabatum
611 2014 718 2073 tuum
742 2014 780 2073 et
802 2007 971 2072 ambula.
1017 2008 1079 2071 iam
1102 2027 1161 2072 non

68 2103 124 2174 rlnn
155 2131 252 2176 sanus
284 2110 481 2194 paralyticus,
514 2112 571 2176 sed
606 2113 700 2176 etiarn
734 2112 819 2177 oneri
856 2111 940 2176 utilis
974 2111 1072 2176 faetus
1106 2126 1161 2176 est.

68 2210 123 2277 uei
143 2214 344 2300 paralyticum
361 2215 463 2280 uiolati
488 2216 606 2280 sabbati
623 2224 756 2300 arguunt
773 2217 924 2281 dieentes:
949 2216 1162 2280 sabbatum

69 2325 95 2378 u
112 2328 144 2383 at
166 2340 241 2384 uon
265 2319 365 2385 lieet
388 2320 463 2387 t-ibi
487 2319 636 2385 tollere
659 2322 873 2404 grabatum
897 2328 1013 2385 tuum.
1052 2319 1163 2404 quibus

68 2423 195 2502 apolon:
220 2423 288 2507 qui
311 2443 368 2487 me
392 2424 494 2489 feeit
515 2444 662 2502 sanum,
686 2423 759 2489 ille
782 2423 880 2489 mibi
911 2425 1031 2488 dixit:
1066 2422 1164 2487 tollo
1191 2446 1215 2484 a

68 2523 236 2592 ‘rutatum
268 2533 375 2592 tunm
406 2534 442 2592 et
472 2527 648 2602 ambula,
684 2529 816 2592 eundem
839 2535 996 2593 auctorem
1021 2528 1093 2592 laeti
1116 2529 1161 2592 sui

68 2626 199 2709 *reterens
233 2651 327 2714 quem
362 2630 476 2707 salutis,
510 2639 542 2696 ut
577 2652 636 2695 non
671 2632 900 2697 existimaretur
932 2633 971 2696 ab
1006 2652 1041 2697 eo
1075 2630 1162 2713 eulpa

68 2723 132 2794 iolati
152 2735 270 2799 sabbati
294 2755 384 2816 posse
408 2733 568 2816 proficisci,
597 2736 682 2800 ouius
704 2736 735 2801 in
760 2737 854 2801 uerbo
877 2735 1006 2801 humani
1030 2736 1164 2818 corporis

68 2837 202 2902 uuuatio
225 2839 420 2904 eonstitisset.
467 2859 542 2923 ergo
558 2840 630 2923 quia
646 2839 851 2924 paralyticum
867 2841 1011 2904 dominus
1026 2849 1164 2906 durasset

68 2938 207 3016 nauum,
229 2942 281 3007 nbi
297 2942 369 3007 sacti
386 2943 547 3008 ueneratio
563 2944 710 3026 consequi
728 2945 892 3022 debuisset
910 2943 970 3009 illie
988 2944 1162 3009 Iudaeorum
1191 2962 1216 2998 π

68 3039 167 3108 lunium
181 3047 285 3111 odium
300 3055 521 3112 commonetur.
567 3048 678 3131 quibus
694 3049 836 3113 dominus
853 3049 1024 3129 respondit:
1048 3055 1140 3129 pate
1150 3071 1165 3113 r

68 3150 141 3209 lena
160 3169 283 3234 usqne
308 3151 420 3215 modo
444 3159 648 3232 operatur,
673 3158 711 3216 et
733 3172 807 3236 ego
831 3172 983 3234 operor.

95 3330 117 3381 b
132 3339 178 3396 aa.
196 3343 228 3411 u,
246 3348 271 3400 a.
309 3347 341 3399 ra
359 3345 428 3399 nu.
451 3347 490 3400 ιο.
526 3348 561 3398 eo
579 3316 653 3400 rura
670 3349 709 3400 11.
745 3349 779 3400 aa
798 3347 867 3401 rua
889 3350 927 3400 ιτ.

94 3502 142 3564 lut
157 3534 200 3570 om.
224 3518 249 3570 V
299 3520 466 3585 20perante
485 3523 563 3586 patre
582 3521 726 3572 ‹lrabitoater
752 3523 815 3573 coni.
843 3520 939 3573 Bened.
993 3520 1122 3575 beetera
1145 3522 1169 3575 l'

68 3612 170 3672 tutatione
193 3622 215 3674 V
264 3623 476 3690 dparalitioum
500 3642 514 3674 r
566 3609 680 3676 sitiri
696 3629 724 3676 et
736 3610 801 3678 vni
818 3625 842 3677 V
853 3623 887 3688 cs.
900 3626 930 3677 F.
945 3624 1019 3678 Neue
1035 3626 1164 3679 Formenl.

68 3687 90 3757 ll
98 3694 139 3754 lid
146 3708 257 3777 triginta
269 3713 332 3762 octo
345 3711 374 3761 rb
427 3705 542 3763 ann-r
591 3710 620 3762 in
630 3699 783 3764 natatoriae
800 3712 823 3765 l'
867 3711 1016 3766 solomonis
1031 3712 1056 3764 V
1105 3713 1165 3766 'lad

68 3779 179 3844 iduma
231 3796 728 3865 l0essetingresauseseetcorr.aa?
744 3798 767 3850 l'
811 3799 970 3852 llenadere
987 3800 1010 3852 l'
1054 3799 1166 3869 ldegri·

68 3904 390 3986 ndinumraegritndinem
407 3919 429 3969 V
474 3919 611 3972 oblitioV
658 3922 691 3972 14
700 3919 773 3973 drV
819 3919 1058 3988 lbsurgetollerb
1105 3937 1167 3989 gra·

68 4053 140 4106 attam
151 4055 173 4106 V
206 4059 236 4109 18
246 4002 334 4108 ablati
343 4073 408 4110 corr.
420 4055 516 4110 m.‘.)l'
552 4060 620 4111 l9et
631 4075 684 4111 non
695 4078 725 4111 ex
734 4066 762 4111 et
771 4061 833 4111 m?
850 4059 933 4112 Vnon
943 4059 973 4111 rb
1008 4059 1168 4127 grabattum

68 4141 228 4208 :grabatum
256 4161 289 4195 m.
314 4142 379 4195 2V
431 4146 461 4197 21
483 4145 613 4213 grabatta
638 4146 661 4197 V
711 4147 746 4198 22
765 4145 907 4213 proferena
934 4147 963 4198 rb
1016 4147 1050 4198 24
1069 4145 1120 4199 dns
1139 4163 1168 4197 er

68 4239 177 4284 trenta
201 4229 268 4281 211
317 4230 404 4283 fldde
429 4232 456 4282 l'.
