2790 4844
342 275 522 323 tractatus
541 269 575 321 in
594 269 767 337 psalmum
787 267 907 321 CXVIII.
1134 268 1197 333 447

50 460 203 524 uitiomm.
250 481 309 524 non
345 459 427 524 enim
460 472 493 523 ut
525 457 683 523 humilitas
706 479 741 524 ae
766 459 920 524 tribulatio
944 481 963 524 a
986 480 1019 525 se
1042 460 1200 523 auferatur

49 572 127 639 orat,
159 565 213 629 sed
237 570 269 627 ut
292 564 352 628 sibi
376 583 413 628 eu
437 562 651 628 misericordia
675 563 722 627 dei
748 563 922 628 adhortatio
945 564 976 628 lu
1000 563 1198 628 tribulatione

50 677 225 748 prestetur.
271 676 356 747 optut
379 686 455 750 ergo
480 666 596 731 diutino
619 666 727 747 prelio
751 667 782 730 iu
806 667 855 732 his
884 667 1021 748 eorporis
1044 667 1089 731 sui
1113 665 1198 730 infir·

50 772 211 836 mitatibus
235 771 375 849 militare,
400 777 484 851 optat
509 770 600 854 longo
623 771 791 836 certamine
814 775 963 837 aduersus
989 771 1075 835 huius
1092 771 1198 835 mundi

51 876 210 959 nequitias
241 877 419 941 consistere.
466 877 520 940 sed
556 875 801 941 adhortationem
836 896 872 940 ex
907 876 1118 940 miserieordia
1148 875 1198 939 dei
1239 899 1250 936 ⁵

51 992 166 1060 sperat.
188 989 222 1045 ut
246 979 407 1043 tribulatus
423 979 495 1044 lieet
511 985 541 1044 et
557 977 699 1044 addietus
716 980 829 1044 diuinae
845 977 1071 1044 adhortationis
1086 979 1199 1044 auxilio

51 1083 201 1148 firmetur.
247 1085 305 1148 soit
339 1092 370 1148 et
404 1083 510 1148 beatus
546 1082 701 1163 apostolus
734 1083 856 1149 Paulus.
891 1084 975 1147 omni
1006 1084 1072 1164 ipse
1101 1091 1198 1164 temp-

51 1188 202 1252 tationum
247 1207 362 1272 genere
413 1189 608 1268 perfunctus,
653 1187 696 1252 uti
742 1208 775 1253 se
821 1189 933 1253 diuina
978 1189 1199 1254 misericordia

52 1290 276 1357 adhortatione.
315 1292 439 1357 dioens:
480 1292 723 1357 benedictus
761 1293 859 1358 deus
896 1299 1012 1373 pater
1045 1292 1199 1358 domiui

53 1396 182 1460 nostri
216 1396 306 1460 lesu
340 1396 507 1464 Christi.
542 1409 656 1476 pater
690 1396 998 1461 miserationum
1033 1404 1069 1461 et
1101 1397 1198 1461 deus
1227 1419 1251 1455 ro

55 1502 183 1564 omnis
214 1499 527 1569 exhortationis.
563 1501 629 1584 qui
660 1500 900 1565 exhortatur
931 1521 1001 1566 nos
1032 1502 1199 1566 inomni

56 1603 337 1669 tribulatione.
394 1615 424 1669 et
461 1605 706 1670 adhortationem
748 1604 827 1670 haue
866 1605 922 1670 soit
956 1605 1015 1670 sibi
1050 1604 1200 1687 propheta

59 1709 240 1782 promissam
278 1708 317 1772 ab
356 1729 392 1773 eo
429 1717 515 1791 patre
553 1716 583 1772 et
618 1709 742 1773 domino
781 1709 1019 1784 miserationum,
1058 1709 1109 1792 qui
1146 1729 1200 1791 per

62 1814 272 1894 temptationes
296 1832 376 1890 eum,
401 1813 450 1895 qui
475 1812 505 1876 in
530 1832 564 1877 se
589 1814 703 1883 eredat.
726 1814 896 1878 examinet:
920 1819 1012 1897 atque
1035 1813 1105 1879 ideo
1128 1813 1200 1878 sub·

63 1911 141 1981 ieoit:
187 1917 407 1982 seeundum
454 1916 620 1981 uerbum
667 1927 771 1982 tuum
810 1937 929 1982 seruo
968 1925 1043 1983 tuo.
1083 1918 1114 1981 id
1153 1924 1201 1982 est
1228 1936 1252 1974 a

61 2022 225 2085 seeundum
251 2040 317 2084 eam
343 2021 585 2100 promissionem.
610 2040 669 2104 qua
692 2022 891 2104 spoponderit
922 2041 955 2086 se
986 2021 1145 2086 tribulatos
1167 2022 1200 2086 iu

54 2125 250 2198 passionibus
281 2145 342 2189 non
366 2123 553 2190 relietumm.
600 2126 676 2189 uixit
711 2126 792 2190 enim
828 2126 859 2189 iu
895 2125 1080 2208 euangeliis:
1115 2146 1200 2191 oum

50 2240 150 2312 ergo
188 2229 354 2294 tradent
393 2249 468 2305 uos,
502 2229 630 2294 nolite
664 2230 859 2314 cogitare,
898 2231 1098 2313 quomodo
1136 2238 1201 2295 aut

44 2333 151 2408 quid
185 2333 427 2416 loquamini:
462 2332 628 2398 dabitur
661 2334 765 2398 euim
806 2334 921 2399 nobis
955 2334 994 2398 iu
1028 2334 1103 2398 illa
1137 2334 1200 2399 die

41 2436 152 2511 quid
175 2437 412 2521 loquamini.
449 2457 522 2501 uon
547 2437 652 2502 euim
675 2438 873 2514 nossetis,
891 2437 1199 2522 quiloquimini,
1227 2456 1252 2492 20

37 2539 129 2602 sed
159 2541 333 2623 spiritus
366 2542 499 2622 patris
533 2541 672 2619 uestri,
707 2544 773 2625 qui
804 2541 989 2625 loquitur
1012 2542 1050 2607 in
1073 2542 1200 2607 uobis.

37 2642 76 2698 et
114 2641 167 2710 hoe
191 2646 326 2729 quidem,
351 2654 500 2728 quantum
525 2646 724 2726 adpraesens
748 2647 883 2727 pertinet
904 2653 1037 2726 tempus.

105 2747 152 2811 15.
175 2749 299 2815 Futura
322 2755 424 2814 autem
448 2750 515 2833 spei
540 2748 692 2831 propheta
716 2770 777 2814 non
812 2750 967 2815 inmemor
996 2758 1043 2816 est
1077 2750 1197 2815 dicens:

39 2852 223 2918 ueniant.
246 2854 542 2919 miserationes
566 2864 647 2929 tuae.
673 2864 710 2920 et
739 2854 888 2919 uiuam:
924 2854 1017 2938 quia
1048 2854 1112 2920 lex
1136 2865 1201 2919 tua

42 2954 271 3023 meditatio
317 2978 401 3023 mea
438 2965 508 3023 est.
566 2966 683 3023 natura
721 2958 888 3041 corporalis
927 2959 1090 3023 infirmitas
1128 2965 1201 3042 eget
1228 2974 1253 3011 2⁶

48 3049 305 3126 miserationibus
329 3061 387 3128 dei.
433 3080 533 3144 neque
557 3064 642 3127 euim
665 3063 763 3127 beatae
787 3061 867 3126 illius
895 3063 964 3127 uita·
996 3064 1201 3129 aeteruitatem

102 3177 124 3221 5⁴
139 3181 161 3234 Il
179 3183 237 3237 Cor.
260 3187 282 3241 l.
301 3187 318 3238 3
337 3202 376 3253 sq.
415 3187 447 3237 17
465 3184 564 3238 Matth.
585 3186 616 3249 X,
636 3188 669 3239 19
688 3202 727 3253 sq.

105 3318 181 3376 ‘esau
209 3330 240 3377 ut
259 3271 311 3378 ⁸¹bi
338 3342 405 3376 corr.
436 3342 467 3376 nr.
499 3324 513 3375 1
543 3325 567 3376 Il
594 3324 641 3377 sed
670 3324 721 3378 sibi
753 3325 776 3375 Γ
827 3325 939 3378 aobtar
971 3328 993 3376 (.'
1043 3325 1139 3378 diuino
1168 3328 1202 3378 (ἐ

63 3387 170 3483 {optat
187 3427 253 3479 ergo
272 3411 356 3479 longo
372 3411 396 3462 Γ
446 3411 594 3465 aduersum
612 3412 671 3481 l'l'p
724 3411 820 3463 mundi
840 3410 921 3464 huius
937 3412 986 3463 (E
1036 3411 1201 3465 badlrorta·

68 3474 138 3544 itone
159 3496 180 3545 Γ
202 3496 360 3550 hortatione
385 3518 406 3568 p
433 3498 599 3551 ortationem
629 3502 652 3545 Γ
702 3497 871 3551 hauxilium
908 3495 941 3549 l'¹
995 3498 1104 3551 'domni
1132 3515 1161 3550 se
1182 3502 1205 3550 r}

72 3559 235 3639 ⁸rertunotn
256 3587 279 3633 t'
329 3585 371 3638 uti
390 3584 537 3638 diuinaeR
591 3589 624 3640 lo
641 3585 851 3639 miserationum
870 3604 899 3638 er
918 3584 1165 3639 miserrimorum?
1180 3587 1205 3636 Γ

1001 3681 1014 3709 Ι

79 3708 316 3776 misericordiane
369 3725 400 3777 ll
419 3722 619 3778 exhortationis
632 3726 692 3777 eald.
706 3722 772 3776 aa?
792 3725 814 3775 Γ
864 3725 931 3792 quin
949 3725 970 3775 Γ
988 3742 1020 3791 q;
1041 3728 1063 3769 Γ
1116 3724 1148 3777 13
1167 3725 1202 3778 ab

81 3803 105 3847 ‘⁰
118 3814 185 3869 patre
205 3808 324 3878 ‘pmissa
343 3809 367 3864 dr
386 3810 440 3863 dhe
459 3810 639 3864 miseratione
655 3810 729 3881 p(.-l)
749 3811 914 3878 promissam
933 3810 1037 3865 habens
1053 3816 1160 3878 patrem
1174 3815 1202 3864 et

82 3878 197 3949 lominum
217 3896 277 3953 (dm
299 3897 332 3962 Γ)
351 3897 561 3951 miserationum
581 3898 653 3950 ΓΕΓ
668 3899 703 3966 rs.
720 3917 747 3968 p.
767 3897 829 3963 tlt,
845 3897 859 3949 I
878 3909 900 3950 er
924 3901 954 3951 de
973 3899 1057 3951 uerbis
1075 3897 1109 3950 ab
1128 3913 1160 3949 eo
1179 3909 1202 3950 er

80 3965 146 4032 llbeo
162 3987 264 4053 ruspina
282 3985 398 4054 nominis
411 3985 446 4054 cf.
460 3986 541 4037 leod.
558 4005 585 4054 p.
604 3982 640 4036 27
661 3985 822 4053 promissam
842 4002 857 4036 a
875 3985 926 4038 deo
944 3991 1024 4053 patre
1043 3991 1068 4037 ot
1089 3984 1202 4037 domino

10 4058 12 4063 ¹
76 4066 302 4123 nitentionumE
346 4071 768 4140 pertemptationemseuquil'
812 4072 961 4124 ldiuornae
1007 4069 1200 4124 19dabitnr-

10 4214 12 4219 ¹
72 4150 207 4222 loquamini
224 4157 312 4210 onaR
365 4157 409 4212 die
435 4159 458 4210 Γ
472 4157 540 4211 hora
560 4159 609 4211 ΓΕ
625 4175 700 4228 orap
753 4160 787 4211 ‘23
805 4158 929 4226 profetae
947 4159 972 4207 Γ
1022 4173 1077 4209 non
1096 4173 1202 4213 memor

10 4234 12 4271 ²
67 4248 104 4298 est
121 4241 144 4295 ll
161 4260 214 4296 non
233 4243 399 4298 inmemorat
426 4245 449 4296 Γ
498 4246 534 4299 24
552 4245 666 4299 ueniant
684 4243 753 4297 mihi
771 4244 962 4298 miserationes
979 4246 1031 4315 pli.
