2790 4844
155 205 218 271 210
496 205 611 258 sancti
635 204 767 259 Hilarii
793 206 953 275 episcopi

154 395 344 461 obnitentem
378 393 439 478 legi
473 394 585 460 mentis
619 414 681 460 snae
715 395 846 460 senserit
876 401 907 461 et
936 396 1157 479 congemuerit,
1188 403 1295 477 postea

155 519 249 583 quarn
272 498 320 564 dei
344 498 495 581 spiritum,
527 498 577 564 dei
599 499 752 572 uirtutem,
784 498 835 564 dei
857 499 1048 581 sapientiam,
1071 500 1120 565 dei
1144 497 1243 565 filium
1266 508 1296 567 et

154 603 344 688 unigenitum
368 603 461 668 deum
483 603 523 667 ad
545 603 760 668 remissionem
791 603 910 684 peccati
941 604 1296 688 condemnationemque

153 707 271 788 peccati
293 705 372 792 legis
395 706 551 772 hominem
577 713 682 771 uatum
705 726 774 773 esse
793 707 983 792 cognouerit,
1007 708 1059 792 qui
1086 706 1293 774 humanarum

113 839 125 874 s
153 811 332 892 pensionum
355 816 437 877 sorte
458 809 636 892 perfunctus
666 812 704 876 ad
736 811 970 876 condemnanda
1001 812 1032 876 in
1066 831 1101 877 se
1123 811 1295 879 calentium

152 914 360 1000 nequitiarum
390 915 484 996 impia
514 923 738 999 temptamenta
771 915 812 982 sit
845 923 992 994 mortuus,
1026 924 1059 981 ut
1089 918 1294 983 aeternitatem

152 1020 303 1097 omnibus,
327 1020 380 1103 qui
405 1040 458 1100 per
480 1018 675 1085 habitantem
708 1020 739 1084 in
775 1039 868 1085 cerne
904 1027 1009 1085 nostra
1043 1021 1160 1101 peccati
1191 1020 1295 1106 legem

152 1123 372 1201 moriebamur,
395 1123 572 1202 inueheret;
596 1143 632 1188 ac
651 1134 713 1188 turn
735 1124 793 1188 hoo
808 1132 1000 1190 sacramento
1023 1125 1145 1205 pietatis
1169 1133 1296 1207 accepto

152 1233 223 1308 post
244 1227 446 1311 ignorationis
469 1234 590 1293 noctem
618 1228 649 1292 in
665 1228 800 1293 scientiae
816 1228 932 1294 lumine
951 1226 1116 1294 collocatus
1140 1229 1183 1293 ita
1200 1230 1297 1294 dicat:

101 1359 125 1395 ιο
153 1351 281 1397 nonne
305 1332 378 1396 deo
401 1331 567 1397 subdita
590 1333 669 1397 erit
691 1333 824 1397 anima
846 1332 953 1398 mea?
986 1333 1032 1396 ab
1066 1334 1154 1414 ipso
1191 1335 1296 1399 euim

152 1434 336 1500 salutare
359 1454 496 1500 meum.
541 1436 692 1501 etenim
715 1436 802 1517 ipsa
826 1437 923 1501 deus
947 1456 1056 1502 meus
1080 1436 1294 1514 eetsalua·

152 1549 353 1617 tornacus,
377 1548 591 1620 susceptor
622 1560 745 1605 meus:
781 1561 856 1605 nou
891 1541 1079 1606 monebor
1108 1542 1294 1621 amptius.

152 1649 274 1724 reperta
307 1644 411 1727 itaque
445 1643 517 1709 fidei
555 1644 628 1710 sede
664 1652 735 1726 post
771 1664 868 1728 uagos
906 1665 1025 1710 errores
1062 1644 1295 1730 impietatisque

152 1748 343 1824 senteutiam,
368 1748 441 1831 quia
463 1755 673 1830 susceptorem
705 1769 796 1814 suum
829 1748 1076 1833 saluatoremque
1106 1750 1293 1834 cognouerit.

100 1876 126 1912 ιε
152 1850 283 1933 amplius
306 1871 367 1916 non
391 1858 538 1918 mouetur.
584 1853 659 1937 quid
682 1854 766 1917 enim
789 1852 870 1918 ultra
884 1853 1068 1937 ignorationi
1083 1853 1294 1938 anxietatique

152 1954 313 2021 homiuum
335 1963 384 2022 est
405 1956 553 2035 relictum,
588 1977 659 2022 cum
693 1957 850 2022 eternitas
885 1958 998 2022 anima
1032 1965 1062 2022 et
1092 1958 1239 2038 corporis,
1263 1958 1294 2023 id

151 2066 199 2124 est
221 2060 312 2125 totius
335 2059 470 2125 hominis
493 2062 685 2141 predicetur,
720 2081 788 2126 oum
811 2062 985 2143 adsumptio
1015 2069 1107 2145 atque
1137 2063 1294 2144 susceptio

151 2169 280 2229 terreuae
315 2171 427 2230 nostras
461 2165 562 2230 caruis
592 2187 609 2229 a
639 2167 696 2230 deo
727 2165 783 2230 sub
817 2172 1010 2231 sacramento
1043 2186 1167 2250 maguae
1203 2166 1294 2233 buius

151 2267 273 2350 pietatis
296 2278 419 2334 ostensa
443 2270 490 2347 sit,
515 2289 587 2335 cum
610 2279 807 2349 peccatorum
828 2271 969 2335 remissio
992 2269 1200 2335 condemnata
1223 2292 1295 2352 peo-

98 2392 123 2428 ao
151 2373 211 2437 cati
235 2372 305 2456 lege
327 2374 367 2437 sit
397 2373 541 2454 praestita
576 2394 645 2438 curn
676 2373 793 2438 bomini
824 2379 928 2439 nostro
952 2395 969 2438 a
992 2374 1108 2439 dextris
1139 2376 1190 2439 dei
1222 2397 1296 2442 oon·

150 2495 254 2541 sessus
277 2477 307 2541 in
332 2476 414 2542 caelis
437 2475 500 2541 sit?

194 2579 222 2645 3.
248 2581 308 2646 Sed
335 2580 414 2646 hauc
439 2581 580 2646 bumana
604 2582 799 2647 beatitudiuis
815 2602 903 2662 spem
919 2582 1081 2666 gentilium
1097 2582 1296 2666 impietatum

150 2686 251 2751 studia
285 2687 503 2763 comminuunt,
541 2687 710 2766 prudentia
752 2685 907 2752 saeculnris
940 2686 1085 2751 inanitate
1118 2687 1298 2767 profectum

149 2787 267 2853 homini
290 2791 329 2855 ad
354 2791 444 2855 deum
469 2790 659 2874 denegantes
682 2796 713 2856 et
742 2791 799 2855 deo
830 2791 1016 2855 consortium
1046 2790 1205 2871 adsumpti
1230 2813 1298 2859 oor-

97 2910 123 2948 rs
149 2893 233 2974 poris
272 2894 479 2971 detrabentes,
517 2895 623 2960 arbitri
661 2894 934 2977 moderatoresque
968 2894 1080 2958 diuinae
1113 2898 1280 2974 potestatis

149 2997 235 3080 quasi
260 2997 416 3062 diiiicitius
439 2999 496 3063 deo
520 2999 559 3062 sit
589 2999 801 3079 adsumpsisse
834 2998 990 3064 homiuem
1026 3017 1120 3081 quam
1156 3021 1229 3065 eum
1264 3003 1298 3066 it

193 3153 407 3288 loganitentem
426 3208 452 3259 P
502 3208 703 3277 legicalegeT
737 3209 824 3262 menti
834 3209 936 3262 sueeP
985 3208 1295 3266 boundemnationem·

148 3326 201 3379 qne
219 3312 328 3379 peceati
345 3330 401 3381 sup.
420 3313 465 3364 tin.
483 3330 500 3364 c
518 3330 550 3364 m.
570 3310 589 3364 2
612 3311 638 3364 V
686 3315 704 3366 4
721 3312 864 3367 hominum
882 3313 907 3366 V
957 3313 1067 3366 bsorte
1085 3331 1115 3366 cr.
1134 3315 1207 3369 serie
1225 3332 1286 3369 corr.

149 3415 181 3450 m.
202 3397 218 3448 I
236 3397 262 3450 R
315 3399 349 3452 ad
374 3398 675 3468 condempnandemP
725 3399 753 3453 in
772 3417 817 3481 sae
836 3416 904 3453 corr.
922 3418 954 3452 m.
974 3397 1034 3453 21⁷
1082 3401 1285 3470 btiaptameuta

147 3499 180 3569 (p
198 3519 228 3553 er
241 3512 319 3571 parte
344 3504 370 3554 ia
388 3502 454 3568 ras.)
474 3503 500 3556 R
552 3503 649 3572 'ilege
673 3504 721 3557 VR
773 3504 860 3557 8hec
887 3502 933 3570 (he
960 3506 987 3557 in
1016 3504 1080 3568 ros.)
1108 3511 1169 3559 tum
1197 3505 1289 3560 hocP

148 3587 310 3642 9insoitiae
333 3588 358 3641 V
408 3590 513 3643 lumine
539 3607 569 3642 aa
596 3590 717 3643 luminae
745 3610 777 3643 m.
797 3589 817 3642 2
841 3590 866 3643 V
890 3591 983 3644 lumen
1008 3591 1034 3643 P
1084 3591 1238 3646 collocatus
1261 3613 1287 3648 ar

148 3674 307 3728 conlocatus
323 3675 373 3728 VP
422 3675 491 3730 dicit
510 3677 587 3729 ΡΤΕ
639 3680 671 3731 10
690 3677 800 3731 subdita
819 3677 834 3730 ia
853 3678 879 3731 R
933 3681 962 3732 ll
983 3678 1018 3732 ds
1036 3694 1114 3732 meus
1133 3684 1161 3732 et
1180 3697 1288 3752 suscep-

147 3767 193 3814 tor
210 3779 286 3815 meus
302 3762 327 3814 V
377 3764 409 3817 13
428 3762 492 3817 fidei
511 3763 633 3832 sedpost
647 3764 672 3816 R
724 3764 936 3834 impietatesqua
954 3765 1092 3819 sententia
1110 3767 1137 3818 R
1194 3769 1226 3820 1⁴
1243 3773 1289 3838 qui

148 3853 335 3916 susceptorem
361 3849 410 3902 PT
462 3851 494 3904 15
513 3850 718 3919 ignorantiiV
767 3851 980 3920 auExietatiq.
1000 3852 1026 3903 P
1078 3854 1110 3906 16
1128 3852 1247 3908 relicum
1269 3858 1292 3911 V

147 3987 320 4040 aeternitatis
345 3988 368 4040 V
421 3991 452 4043 19
470 3989 652 4043 condemnata
679 3990 785 4059 peccati
803 3947 891 4075 ΙΞΘΕ
910 3990 1110 4058 condempnata
1134 3992 1200 4061 lege
1228 4011 1292 4063 peo-

148 4089 204 4143 ceti
222 4090 272 4142 1⁷1·
322 4093 357 4144 20
374 4091 419 4144 dei
438 4111 485 4144 om.
504 4092 555 4145 PT
606 4095 641 4147 28
659 4094 807 4147 saecularis
826 4112 856 4148 ar
874 4095 1001 4148 siouiaris
1019 4113 1052 4146 ur.
1072 4093 1093 4146 2
1116 4095 1141 4147 V
1194 4101 1230 4152 ab
1248 4120 1293 4157 aru

148 4176 233 4229 bitrio
257 4177 282 4229 V
331 4181 366 4231 26
385 4194 447 4231 eum
466 4197 496 4232 ec
514 4196 576 4233 cum
598 4179 629 4232 R.
