2790 4844
383 277 560 325 tractatur
579 271 614 324 in
632 272 804 339 psalmum
824 271 982 325 CXXXVII.
1006 275 1008 279 ’
1193 269 1265 336 739

110 463 213 547 legem
230 465 306 528 deus
322 461 485 527 Abraham
501 469 531 527 et
554 462 629 526 deus
650 461 737 527 Isaac
761 468 792 526 et
814 463 889 527 deus
908 462 1002 528 iacob
1027 463 1074 540 sit,
1098 470 1131 528 et
1146 483 1255 529 secun·

109 568 185 631 dnm
209 566 372 651 euangelia
395 566 545 651 unigeniti
570 566 618 631 dei
641 572 730 646 pater
752 572 807 631 est.

153 671 183 735 8.
208 671 369 754 Extinguit
407 690 529 755 quoque
568 669 752 735 insolentem
791 691 896 735 eornm
930 672 1162 752 professionem,
1201 675 1255 756 qui

112 775 257 839 humanae
288 780 404 840 nutnrae
428 781 459 838 et
489 773 676 838 infirmitatis
706 775 895 839 inmemores
926 781 957 839 et
986 775 1253 841 inmisericordem

108 880 201 944 deum
233 879 438 959 praedicantes
469 879 606 959 peccatis
640 879 852 960 paenitentinm
883 880 1006 945 ueniam
1041 887 1072 945 et
1105 880 1252 946 solacium
1294 907 1306 942 a

108 1005 170 1048 non
205 985 398 1067 relinquunt:
434 1002 505 1048 cum
538 982 578 1045 ad
612 983 832 1063 paenitentiam,
867 1003 922 1064 per
957 1003 1051 1066 qnam
1074 1005 1102 1052 a.
1119 985 1253 1065 peccatis

107 1090 278 1163 desistitur,
292 1088 432 1152 doctrina
443 1087 532 1170 legis,
545 1086 775 1167 prophetarum,
791 1088 1030 1172 euangeliorum,
1048 1089 1255 1169 apostolorum

107 1214 171 1263 eos,
188 1193 240 1277 qui
256 1192 460 1274 peccauerint,
483 1191 672 1269 adhortetur,
698 1198 730 1255 nt
746 1191 916 1273 desperatae
939 1194 1002 1256 iarn
1025 1193 1090 1272 spei
1114 1192 1254 1277 aliquan-

108 1297 204 1363 tulum
229 1316 377 1378 peream
411 1295 517 1360 solacii
550 1300 743 1376 conparetur,
776 1302 810 1360 ιιι
843 1296 967 1361 arnissis
1001 1296 1073 1362 licet
1102 1297 1201 1362 beatis
1222 1309 1255 1362 et

107 1402 252 1466 maximis
286 1408 317 1465 et
347 1402 404 1465 deo
438 1400 585 1480 proximis
620 1419 658 1463 ne
693 1399 741 1464 his
776 1399 896 1478 saltem,
931 1420 999 1484 quae
1033 1399 1146 1466 talibus
1180 1408 1251 1466 sunt
1280 1425 1305 1462 ro

105 1506 253 1582 secunda,
277 1523 447 1569 careamus.

149 1608 178 1673 9.
202 1608 293 1673 Tollit
315 1610 408 1673 etiarn
433 1606 645 1673 stultissimam
670 1628 775 1672 corum
799 1609 1012 1684 temeritatem,
1037 1609 1089 1692 qui
1105 1609 1250 1681 frustrato

104 1713 245 1797 salsoque
269 1732 397 1793 corpore
420 1712 581 1776 dominnm
604 1713 636 1776 in
659 1731 752 1776 carne
773 1712 873 1776 uisum
899 1732 968 1777 esse
991 1714 1188 1791 contendunt,
1218 1720 1251 1778 ut

103 1838 176 1883 enm
202 1826 288 1897 pater
311 1817 461 1881 ementita
484 1816 612 1880 ueritate
635 1817 665 1879 in
692 1815 797 1880 habitu
821 1815 906 1880 salsae
937 1817 1038 1881 carnis
1072 1818 1250 1896 ostenderit,

105 1942 168 1986 non
193 1922 392 1986 recordantes
415 1925 485 2003 post
507 1921 764 1985 resurrectionem
788 1920 923 2001 corporis
939 1920 1080 2000 spiritum
1097 1941 1131 1986 se
1147 1922 1252 1986 uidere
1280 1944 1305 1980 ra

104 2025 307 2091 credentibus
330 2024 475 2105 apostolis
499 2024 615 2088 dictum
639 2045 722 2089 esse:
755 2024 849 2107 quid
881 2025 1117 2089 conturbati
1141 2026 1252 2091 estis.

105 2138 146 2194 et
170 2150 253 2212 qnae
276 2129 555 2213 cogitationes
579 2129 855 2194 ascenderunt
878 2129 916 2192 iu
941 2130 1063 2194 corde
1087 2128 1252 2194 uestro?

103 2233 1252 2318 uidet-omanusnreasetpedesmeos,quoniamipseego

103 2358 207 2403 snm:
239 2337 402 2419 palpate
427 2348 465 2402 et
486 2338 642 2414 uidete,
677 2337 864 2420 quoniam
889 2337 1065 2420 spiritus
1089 2357 1248 2403 carnem

103 2448 144 2508 et
183 2463 274 2507 ossa
311 2462 385 2506 non
425 2441 556 2518 hebet,
595 2443 701 2506 sicut
738 2461 795 2505 me
832 2441 986 2505 uidetis
1021 2440 1302 2507 retentoria

103 2547 145 2610 ab
185 2545 293 2611 horum
332 2547 426 2631 igitur
464 2546 657 2611 confessione
695 2534 921 2610 consessionem
966 2565 1054 2610 suern
1100 2544 1251 2626 propheta

103 2651 256 2716 discernit
279 2651 422 2732 perfectae
445 2649 518 2715 fidei
541 2651 680 2715 ordinem
704 2656 824 2726 tenens,
854 2669 925 2714 cnm
948 2649 979 2712 in
1003 2651 1127 2714 nomine
1157 2650 1249 2715 deum

103 2753 243 2819 Abrahae
267 2762 297 2819 et
320 2755 413 2820 deum
436 2755 525 2819 Isaac
555 2760 586 2819 et
614 2755 707 2819 deum
739 2753 841 2830 Iacob,
876 2774 944 2819 earn
976 2754 1006 2818 in
1039 2754 1251 2819 misericordia
1330 2816 1335 2825 ,

103 2859 317 2940 paenitentium
341 2859 584 2935 misericordem,
612 2879 682 2922 curn
706 2859 736 2922 in
760 2859 889 2923 ueritate
913 2859 1050 2936 uerbum,
1074 2860 1156 2941 qnod
1179 2878 1250 2923 caro

102 2964 223 3027 sactum
245 2965 293 3041 sit,
317 2962 487 3028 confitetur.
1277 2980 1303 3019 π

150 3068 200 3133 10.
226 3065 325 3133 Causa
337 3068 430 3133 etiam
443 3067 647 3133 confessionis
659 3066 732 3131 hinc
744 3068 890 3132 sumitur:
908 3068 1094 3151 quonium
1111 3068 1249 3151 magni·

102 3173 249 3236 t'icasti
275 3192 394 3253 super
417 3173 549 3236 omnia
572 3191 720 3236 nomeu
744 3179 928 3238 sanctum
952 3181 1067 3237 tuum.
1115 3192 1174 3236 non
1198 3172 1248 3236 uni

156 3287 188 3339 16
206 3286 272 3338 Luc.
290 3285 389 3352 XXIV,
408 3288 442 3340 38
460 3304 500 3353 sq.

152 3381 315 3435 lebraham
337 3382 362 3434 G
380 3381 499 3434 ahrahae
519 3382 572 3433 RP
587 3381 730 3433 abraaeT
782 3387 810 3434 et
837 3382 871 3434 ds
898 3382 970 3434 isaac
999 3378 1067 3446 (iseo
1096 3381 1131 3447 (ι’)
1158 3387 1186 3434 et
1214 3381 1249 3436 ds

104 3469 188 3521 iacob
216 3467 293 3520 GPT
318 3468 386 3521 deus
413 3469 486 3520 isaac
514 3468 580 3521 dens
607 3468 686 3521 iacob
715 3469 739 3520 R
792 3471 809 3522 a
835 3469 975 3536 relinq.nt
1003 3469 1028 3520 G
1055 3468 1197 3536 relinqunt
1224 3470 1250 3521 R

97 3559 121 3609 8
148 3555 304 3623 disparatae
332 3555 358 3607 P
408 3558 425 3608 9
451 3571 502 3622 per
530 3572 562 3607 ea
580 3556 606 3607 P
658 3559 690 3609 10
711 3562 739 3607 et
757 3555 809 3608 deo
827 3555 961 3623 proximis
979 3573 1027 3608 om.
1047 3555 1098 3607 PT
1149 3555 1249 3609 saltem

107 3643 147 3695 Te
175 3642 270 3695 statim
303 3642 371 3696 Rha
398 3641 503 3706 (statim
533 3660 563 3694 erc
593 3642 685 3695 saltim
716 3653 799 3694 ortmn
829 3643 939 3706 uidetur,
968 3643 1004 3711 cf.
1034 3643 1114 3695 Acud.
1142 3661 1170 3712 p.
1204 3641 1249 3709 19)

104 3732 141 3783 14
158 3729 318 3782 ostenderet
336 3729 362 3781 P
415 3732 445 3782 17
463 3729 492 3781 in
517 3730 601 3782 corde
627 3730 765 3783 neutrali
793 3728 841 3797 (cf.
860 3739 919 3782 tert.
935 3747 1020 3797 praec.
1039 3731 1065 3779 ἐν
1081 3735 1115 3802 τῇ
1135 3727 1247 3797 καρδίᾳ)

100 3815 135 3869 in
153 3815 238 3868 corda
254 3821 349 3868 uestra
368 3815 418 3867 PT
419 3817 447 3868 E
500 3816 531 3869 18
550 3833 648 3869 manns
675 3833 749 3869 meas
776 3822 805 3869 et
831 3816 914 3884 pedes
941 3833 1016 3868 meos
1035 3816 1074 3868 Re
1098 3820 1126 3868 et
1149 3833 1248 3869 manus

97 3919 178 3956 meas
206 3906 235 3955 et
260 3901 346 3970 pedes
375 3902 424 3953 ΡΤ
475 3905 510 3955 20
528 3902 673 3957 habentem
703 3903 751 3955 171¹
775 3902 876 3955 habere
900 3904 926 3954 R
978 3903 1147 3956 reuersum
1174 3903 1247 3970 qnod

99 4006 168 4043 caro
187 3989 292 4042 facturn
305 3988 341 4042 sit
355 3987 504 4041 confitetur
516 3990 650 4057 Ganod
669 3991 785 4042 uerbum
805 4005 869 4042 earo
886 3990 990 4042 factum
1010 3990 1044 4042 sit
1064 3987 1211 4042 confltetur
1224 3991 1249 4041 T

101 4076 222 4130 uerbum
242 4092 306 4128 caro
325 4075 428 4128 factum
448 4076 484 4128 sit
503 4075 651 4129 confitetur
669 4077 743 4143 quod
762 4077 787 4128 P
837 4079 870 4128 27
888 4093 944 4129 non
968 4077 1015 4128 uni
1043 4080 1151 4129 tantum
1170 4077 1247 4145 genti
1274 4076 1277 4087 ⁸

99 4182 134 4217 ex
151 4179 207 4216 nun
226 4163 275 4215 uni
294 4168 402 4215 tanturn
421 4163 559 4231 unigeniti
577 4165 602 4215 lt
621 4180 675 4216 non
694 4169 803 4216 tuntum
821 4163 958 4232 unigeniti
973 4162 1033 4215 ΤΡ1
1053 4161 1118 4227 (non
1137 4168 1246 4216 tantum

94 4250 248 4320 unigenito
267 4247 322 4313 P’).

1033 4356 1089 4409 47*
