2790 4844
239 295 421 343 tractatus
440 290 475 343 in
493 289 663 358 psalmum
684 291 805 344 CXXXI.
1031 289 1089 355 661

78 481 308 546 lacernicc
340 500 475 546 eorum
506 488 544 544 et
574 479 737 544 uincula
767 468 899 546 eorum
924 479 1092 545 disrum-

78 591 202 650 rtnon
236 587 513 666 operabuntur
547 584 627 665 ipsi
662 583 790 649 adhuc
820 584 925 661 eliis,
957 603 1091 666 opere·

82 691 281 754 rdomino
311 691 382 755 deo
406 709 485 765 suo,
516 695 554 754 et
586 688 712 752 Dauid
743 707 881 772 regem
912 689 1090 769 ipsorum
1192 751 1194 756 Α

87 795 159 858 abo
198 793 302 872 illis;
340 800 371 858 et
407 812 547 857 rursum:
585 793 796 858 suscitabo
834 792 923 857 illis
961 792 1091 859 Dauid

78 927 90 974 r,
121 898 329 976 orientem,
360 898 517 972 iustum,
545 903 583 963 et
605 897 800 981 regnabit
822 917 889 962 rex
912 903 951 961 et
973 896 1091 961 intel·
1131 927 1144 961 ⁵

78 1001 761 1068 etsacietiustitiametiudieium
785 1007 1090 1085 superterram:

84 1107 155 1171 bns
179 1108 265 1172 eius
288 1105 668 1183 saluebiturludas
686 1105 905 1171 etlsrahel
925 1125 1091 1171 commo·

78 1231 106 1274 rr
129 1211 281 1289 fidens;
305 1211 379 1276 item
402 1211 432 1275 in
456 1210 565 1274 Esaia:
596 1217 634 1275 et
669 1209 855 1275 excitabo
878 1229 1000 1290 snper
1022 1227 1089 1274 eos

78 1334 152 1378 rem
193 1335 307 1380 unum
343 1314 483 1393 altum,
519 1323 659 1396 pascet
691 1333 758 1378 eos
797 1333 940 1379 seruus
978 1332 1091 1377 meus

86 1426 154 1484 :et
177 1421 257 1484 erit
279 1418 343 1484 his
374 1426 524 1500 pastor,
546 1425 584 1484 et
606 1438 678 1503 ego
701 1438 769 1484 ero
792 1418 883 1510 illis
906 1419 950 1482 in·
968 1418 1088 1491 deum,
1118 1445 1141 1479 ιο

78 1524 135 1588 rid
170 1524 365 1605 princeps
399 1525 439 1588 in
472 1524 602 1589 medio
630 1543 779 1597 eorum:
804 1542 876 1607 ego
901 1521 1088 1587 dominos

78 1648 108 1692 rs
143 1647 224 1691 sum
255 1637 293 1693 et
323 1629 533 1708 disponam
568 1627 613 1692 ed
638 1627 762 1692 Dauid
799 1633 1087 1691 testamentum

91 1731 197 1798 nolunt
219 1732 355 1810 credere,
376 1733 458 1814 quod
482 1732 638 1808 docentur,
662 1751 762 1815 neque
779 1731 827 1795 bis
850 1729 946 1796 tidem
965 1729 1087 1807 habent,

82 1835 187 1901 deberi
211 1838 441 1901 uenerationem
464 1835 656 1901 confitentur.
703 1843 734 1901 et
763 1834 898 1920 religiosi
935 1835 1087 1918 quomodo

77 1941 270 2005 actoritatem
293 1941 485 2024 abnegantes
507 1939 672 2024 religioni?
1117 1964 1141 2001 o

78 2045 142 2108 mid
177 2064 248 2109 enm
282 2045 421 2125 patribus
455 2044 642 2127 quiescebat,
676 2045 742 2125 ipse
765 2050 983 2109 testamentum
1009 2043 1088 2108 datae

78 2167 154 2231 ysen
178 2147 257 2232 legis
281 2141 482 2228 cognouerat
506 2154 589 2212 tanto
612 2156 719 2232 postea
742 2150 817 2213 deus
840 2167 895 2228 per
919 2146 1088 2231 prophetas

104 2259 151 2316 est
188 2251 290 2317 Dauid
329 2252 533 2330 excitandum,
571 2259 736 2333 pastorem,
773 2270 891 2334 regem,
928 2251 1087 2328 orientem,

93 2355 124 2419 in
148 2356 235 2421 cuins
258 2356 367 2421 diebus
390 2355 473 2421 salus
499 2355 620 2421 Israhel
643 2357 691 2434 sit,
713 2356 753 2421 ad
777 2375 870 2438 quem
893 2357 971 2421 deus
993 2362 1086 2420 testa·
1136 2377 1137 2381 ¹

78 2485 80 2522 ι
105 2460 189 2540 pacis
213 2460 362 2541 disponet
407 2480 482 2544 ergo
505 2466 553 2526 est
576 2461 675 2525 Dauid
705 2480 766 2524 non
797 2459 848 2524 hic
872 2460 965 2525 lessae
995 2459 1085 2535 filius,
1114 2482 1139 2519 so

78 2583 132 2628 nm
157 2571 301 2644 exparte
325 2565 520 2645 conscriptor,
543 2565 599 2630 sed
615 2564 715 2629 Dauid
730 2564 768 2628 ob
785 2563 954 2629 custodiam
978 2563 1086 2647 gregis

78 2672 135 2732 tor:
166 2665 307 2749 pastor
338 2669 442 2732 enim
472 2667 599 2734 bonus
629 2688 698 2749 pro
732 2668 875 2733 ouibus
899 2668 984 2733 suis
1007 2667 1086 2731 sni·

78 2771 199 2851 ponit,
233 2772 271 2836 ob
302 2773 408 2837 aeterni
438 2773 526 2856 regni
558 2772 692 2855 gloriam
714 2792 777 2850 rex,
812 2773 860 2837 cni
885 2772 1085 2836 dictumest:

78 2881 136 2947 ‚tn
161 2896 201 2940 es
225 2896 293 2940 rer
312 2874 482 2955 Israhel,
505 2877 960 2957 obindiciominstuatpater
981 2877 1086 2940 enim

78 2980 200 3045 ,dicat
223 2999 470 3063 quemquam,
501 2984 570 3046 sed
602 3001 715 3046 omne
746 2981 942 3046 iudicium
974 2980 1088 3045 dedit
1113 3004 1138 3040 rs

78 3084 106 3147 rb
131 3083 231 3148 lumen
256 3084 361 3149 mundi
386 3085 504 3150 oriens:
540 3092 600 3150 est
633 3086 736 3149 enim
773 3086 836 3150 lnx
867 3104 972 3162 uera,
1002 3104 1085 3168 qnae

78 3276 149 3313 rem.
169 3259 268 3326 XXlll,
286 3261 303 3315 b
321 3277 362 3328 sq.
398 3263 415 3313 8
433 3260 533 3314 Erech.
552 3260 675 3325 XXXIV,
694 3263 728 3315 23
746 3278 795 3329 sq,
815 3261 849 3314 cf.
874 3261 947 3314 Esai.
965 3262 1022 3327 XL,
1043 3265 1083 3315 ll.

78 3347 163 3412 t,11.
199 3346 309 3400 241011.
328 3349 409 3414 1,49.
445 3347 514 3401 Ibid.
533 3347 566 3414 V,
585 3350 626 3401 22.
662 3347 784 3402 nemin.
804 3348 824 3411 l,
843 3350 867 3402 9.

99 3487 127 3537 in
154 3503 207 3538 ros.
227 3486 252 3538 P
302 3486 373 3553 aliis,
400 3487 589 3554 operabuntur
614 3487 637 3539 V
663 3483 709 3552 (os.
729 3489 848 3540 Snbotier
866 3488 904 3552 II,
932 3486 989 3541 696
1008 3487 1084 3552 edm)

93 3578 122 3625 et
140 3573 329 3641 operabuntur
343 3573 447 3626 RPYE
497 3573 621 3643 bregim
638 3572 670 3627 V¹
724 3575 853 3642 regnabit
871 3592 901 3627 er
919 3568 1047 3642 regnauit
1060 3575 1087 3628 P

78 3657 212 3728 atelleget
229 3678 278 3712 om.
303 3659 328 3714 V
377 3663 393 3713 7
413 3660 527 3714 istrahel
552 3661 576 3714 V
626 3662 643 3715 8
661 3661 729 3714 isaia
748 3662 773 3713 Τ
790 3663 822 3714 ole
841 3662 924 3714 Esaia
948 3664 970 3713 d.
991 3663 1007 3714 l.
1025 3679 1082 3714 com

87 3744 194 3809 corporo
211 3747 247 3816 cs.
266 3749 327 3801 adn.
346 3747 443 3800 Bened.
497 3750 513 3800 9
532 3747 619 3801 altum
638 3753 666 3801 et
686 3753 783 3816 pascet
801 3749 853 3802 ΗΡ
905 3751 935 3803 ll
955 3747 1083 3802 dominus

78 3850 92 3886 s
111 3849 173 3886 enm
192 3834 218 3887 R
272 3836 305 3887 14
323 3833 417 3888 deberi
445 3826 622 3888 ueneratione
646 3834 694 3888 Vll
712 3835 777 3889 deti
795 3837 974 3890 ueneratione
994 3837 1019 3888 Τ
1035 3835 1083 3890 de·

78 3919 223 3974 :neratione
243 3921 269 3972 Ρ
320 3923 352 3974 16
370 3921 451 3975 datae
478 3940 526 3974 rina.
551 3922 576 3973 V
629 3923 659 3974 17
677 3927 773 3990 postea
800 3941 830 3975 cx
856 3939 940 3991 posca
968 3922 1039 3976 m?
1062 3923 1087 3977 V

97 3998 146 4060 acrss
176 4007 202 4059 P
262 4024 313 4076 per
339 4008 460 4076 profetas
488 4027 517 4061 er
543 4008 663 4076 profetas
695 4027 726 4061 m.
759 4008 779 4061 2
802 4010 826 4062 V
852 4028 879 4079 p.
909 4011 1031 4080 profetas
1060 4011 1086 4064 Ρ

78 4093 86 4146 l
109 4093 136 4146 V
185 4095 221 4148 90
238 4094 366 4163 disponet
384 4094 410 4147 R
427 4094 550 4163 disponit
575 4095 647 4148 VPT
700 4096 785 4149 iassae
809 4097 883 4166 Vos.
902 4088 966 4151 Aoo.
987 4099 1001 4150 1
1007 4099 1035 4162 V,
1046 4098 1083 4151 80

78 4181 105 4232 Τ
157 4182 192 4234 24
210 4182 244 4235 ob
263 4181 397 4235 indicium
425 4181 470 4234 dei
488 4182 607 4235 instnse
659 4184 728 4236 260
752 4183 846 4237 lumen
866 4186 891 4237 Ρ
942 4192 983 4239 cst
1009 4186 1083 4239 enirn

78 4268 159 4321 bntier
176 4267 230 4335 111,
248 4267 303 4322 387
322 4270 383 4321 odo.
401 4274 461 4322 erat
479 4269 553 4322 enim
572 4269 649 4322 RW
651 4270 682 4323 E.
