2790 4844
201 243 243 309 80
540 246 658 299 sancti
683 244 819 299 Hilarii
843 245 1006 312 episcopi

201 433 318 514 repleta
353 433 529 511 sceleribus,
567 434 767 517 querimoniis
801 435 917 519 grauia
962 454 1022 498 non
1053 444 1099 500 est
1129 434 1283 500 consessio
1314 436 1346 499 in

200 539 301 615 deum,
325 558 385 602 non
408 537 515 602 laetitia
536 538 568 601 in
591 539 721 622 gaudiis,
744 558 805 602 non
832 539 863 602 in
888 537 991 603 eboris
1015 539 1184 617 canticum
1215 539 1272 604 sed
1296 559 1346 603 ac·

201 642 317 707 cusatio
340 643 371 705 in
395 641 548 722 profanos,
571 641 626 706 sed
650 640 788 725 querella
810 642 841 706 in
872 651 1079 721 contumaces,
1109 645 1164 708 sed
1196 641 1283 708 dolor
1313 644 1344 707 in

201 744 350 811 adflictos.
395 746 439 810 alt
461 745 557 810 enim:
581 746 686 810 dixit
708 746 916 826 insipiens
939 746 978 810 in
1001 747 1123 812 eorde
1154 767 1237 811 suo:
1269 767 1344 811 non

162 856 263 915 sest
286 851 393 914 deus.
422 849 603 930 corrupti
628 857 720 914 sunt
743 859 780 915 et
802 849 1103 914 abominabiles
1127 849 1228 915 sacti
1252 859 1345 916 sunt

200 954 239 1017 in
268 952 552 1019 uoluntatibus
582 953 685 1031 suis;
723 964 891 1030 nonest,
930 955 996 1037 qui
1031 954 1159 1019 faciat
1190 955 1344 1034 bonum,

200 1077 275 1121 non
314 1064 376 1123 est
405 1077 532 1140 usque
562 1057 609 1121 ad
637 1077 771 1135 unum,
803 1063 834 1122 et
863 1056 989 1140 reliqua.
1035 1058 1173 1142 sequitur
1202 1059 1233 1122 in
1266 1058 1344 1125 fine:

200 1162 290 1245 quis
314 1161 429 1225 dabit
452 1182 496 1227 ex
519 1161 614 1226 Sion
637 1161 821 1227 salutare
846 1159 1033 1227 Israhel?
1079 1162 1167 1226 dum
1191 1163 1346 1228 auertit

200 1265 383 1330 dominus
421 1265 706 1345 captiuitatem
736 1263 871 1347 plebis
902 1285 988 1343 suae,
1020 1265 1183 1331 laetetur
1214 1267 1345 1345 Iacob,

200 1375 240 1434 et
263 1368 420 1434 exultet
444 1367 615 1433 Israhel.

244 1489 272 1554 3.
296 1489 339 1554 Ut
363 1490 444 1554 enim
468 1489 520 1573 qui
543 1490 740 1569 pestilentem
764 1490 873 1555 urbem
896 1491 1056 1575 ingressus
1079 1510 1186 1557 omues
1217 1493 1345 1556 omnino

199 1593 409 1658 inhabitantes
433 1593 541 1657 morbo
565 1593 728 1659 dissolutos
752 1601 782 1659 et
805 1593 941 1659 febribus
964 1600 1131 1660 aestuantes
1162 1601 1193 1660 et
1221 1596 1344 1660 diuerso

199 1696 419 1781 egritudinum
442 1715 556 1780 genere
579 1700 733 1763 conlectos
763 1697 987 1778 contemplatus
1017 1699 1058 1763 sit
1080 1705 1111 1763 et
1132 1697 1251 1763 nullum
1282 1698 1345 1764 illic

200 1801 353 1866 medicum
384 1800 545 1866 inueniens
573 1802 765 1885 ingemescat
795 1807 826 1866 et
856 1801 933 1866 nibil
963 1802 1074 1880 auxilii,
1104 1801 1183 1867 nibil
1213 1804 1345 1868 remedii

162 1906 310 1970 sadesse
349 1905 442 1968 tantis
479 1904 570 1969 malis
607 1904 708 1970 doleat
738 1912 770 1970 et
806 1907 955 1970 desecuire
986 1906 1089 1990 magis
1130 1906 1345 1972 membrorum

199 2016 319 2090 pestem
343 2009 454 2074 cotidie
477 2009 590 2074 sentiat
623 2008 761 2092 sciatque
784 2009 940 2075 medicum
963 2010 994 2074 in
1017 2010 1186 2095 longinquo
1208 2011 1346 2092 positum

200 2112 317 2177 mederi
331 2132 432 2192 posse,
445 2113 470 2176 si
484 2114 615 2191 adesset,
625 2150 665 2158 -
676 2114 758 2196 quod
770 2112 869 2177 solum
882 2120 1023 2194 superest
1035 2113 1189 2179 -dolore
1201 2115 1348 2194 despera·

200 2216 292 2281 tionis
315 2215 474 2292 exclamet,
498 2216 620 2282 dicens:
655 2217 724 2300 quis
747 2223 796 2282 est
819 2218 870 2299 qui
895 2238 965 2283 eum
993 2223 1179 2298 presentem
1209 2217 1349 2284 alliceret

201 2325 232 2384 et
260 2319 392 2385 salutare
423 2320 488 2384 eius
518 2319 687 2397 adferretl,
721 2340 845 2385 omnem
882 2321 999 2386 scilicet
1035 2320 1275 2387 sollicitudinem
1305 2323 1346 2387 ad

200 2429 272 2488 uota
293 2429 493 2489 conuertens:
516 2424 583 2504 pari
606 2424 698 2488 modo
722 2424 847 2505 spiritus
871 2432 998 2490 sanetus
1028 2431 1176 2490 contuens
1205 2444 1344 2492 errorem

201 2528 325 2612 generis
347 2526 483 2606 humani,
513 2534 662 2593 contuens
686 2528 768 2592 mala
790 2527 893 2594 saculi
916 2528 1006 2593 buius
1029 2529 1280 2613 ingrauescentis
1315 2538 1346 2595 et

199 2631 341 2698 morbum
371 2631 580 2697 inmedicabili
611 2638 711 2697 morte
741 2639 944 2716 grassantem,
975 2632 1026 2697 ubi
1057 2634 1134 2698 deus
1164 2642 1297 2717 negatur
1327 2653 1346 2698 a

199 2734 302 2812 stulto,
327 2734 378 2799 ubi
401 2735 616 2800 abominandis
638 2736 827 2820 uoluptatum
852 2736 982 2802 fallaciis
1005 2736 1139 2817 corrupti
1155 2736 1217 2801 sint
1233 2736 1345 2815 cuncti,

199 2839 252 2904 ubi
276 2838 376 2903 nullus
398 2839 514 2904 bonum
537 2838 643 2905 uolens
677 2840 726 2916 sit,
762 2840 813 2904 ubi
843 2861 950 2905 eorum
981 2845 1105 2925 guttura
1133 2840 1342 2905 innocentium

201 2943 264 3007 sint
287 2941 458 3023 sepulchra,
481 2944 534 3008 nbi
557 2942 663 3028 lingue
684 2944 732 3009 usi
755 2944 869 3009 sintin
893 2943 1027 3009 officium
1044 2943 1267 3022 fraudulentiae,
1292 2943 1385 3011 ub'i

199 3066 352 3111 uenenum
375 3047 518 3128 aspidum
540 3047 630 3112 labiis
653 3067 759 3112 eorum
782 3048 948 3132 uerbisque
978 3047 1126 3113 suffusum
1149 3048 1199 3125 sit,
1233 3047 1288 3113 ubi
1309 3067 1385 3116 οξ

201 3149 407 3215 amaritudine
430 3156 462 3216 et
484 3150 699 3217 maledictione
722 3152 762 3216 sit
784 3151 919 3232 plenum,
941 3152 994 3217 nbi
1010 3151 1225 3233 ueloxpedum
1237 3171 1385 3220 eorus-

246 3358 426 3412 lsceleribus
439 3358 761 3414 essaeeleribusm.2V
811 3359 1052 3428 quaerimoniisV
1091 3359 1345 3429 einprophsnos
1380 3383 1385 3416 r

200 3444 340 3513 quaerella
363 3445 387 3499 V
412 3444 557 3513 querelor
618 3445 764 3515 'treliqua
791 3465 821 3500 es
847 3446 984 3515 reliquam
1003 3447 1072 3500 ml
1095 3447 1121 3502 V
1170 3446 1297 3516 sequitur
1338 3466 1385 3502 a

199 3531 344 3599 sedquitur
370 3550 404 3584 m.
431 3531 452 3585 2
483 3532 509 3587 V
565 3533 645 3587 dex
672 3531 779 3602 Syonr
831 3533 950 3588 Istrahel
982 3533 1008 3588 V
1057 3533 1124 3588 dum
1151 3533 1287 3588 coemerit
1335 3534 1382 3587 rb

201 3619 230 3671 ll
260 3616 308 3685 qui
335 3618 361 3670 R
391 3617 453 3687 quis
485 3619 511 3672 V
533 3636 582 3674 om.
609 3640 624 3673 r
647 3618 671 3673 si
698 3619 759 3688 quis
786 3622 851 3675 coni.
878 3621 975 3675 Bened.
1053 3623 1087 3675 14
1117 3619 1283 3690 ingemiscet
1339 3618 1375 3672 rb

367 3704 375 3743 r

201 3741 233 3795 15
256 3715 448 3795 deserui-52·
473 3759 540 3795 corr.
559 3760 592 3795 m.
612 3740 632 3793 2
656 3741 858 3795 Vdeseuirer
919 3741 1007 3811 magis
1033 3760 1090 3812 sap.
1117 3743 1163 3795 lin.
1190 3759 1208 3795 α
1229 3760 1262 3796 m.
1279 3738 1306 3792 2
1344 3735 1370 3790 V

201 3829 234 3882 17
259 3828 333 3896 quod
351 3829 441 3882 solum
458 3832 552 3897 potest
569 3826 669 3882 doloris
687 3827 879 3896 desperatione
897 3830 923 3881 R
977 3829 1009 3883 19
1028 3833 1057 3883 et
1074 3847 1146 3899 supr.
1163 3846 1212 3882 sor.
1231 3846 1264 3881 m,
1280 3824 1312 3879 3
1328 3821 1359 3876 R

199 3913 308 3969 adferre
330 3914 356 3969 V
404 3915 440 3970 20
466 3925 490 3970 rt
515 3917 547 3970 21
577 3931 694 3969 cernens
721 3916 735 3967 b
796 3917 830 3970 23
857 3915 913 3968 sint
940 3933 970 3968 cx
996 3919 1062 3969 sunt
1089 3934 1121 3969 m.
1148 3913 1168 3968 2
1190 3915 1299 3970 Vannt
1316 3907 1352 3962 rb

200 4001 293 4055 cuncti
311 4020 366 4071 sap.
386 4003 430 4055 lin.
449 4004 520 4055 aa?
543 4002 568 4056 V
616 4002 651 4056 25
678 4001 825 4069 sepulchra
843 4003 883 4055 Rr
901 4000 938 4066 (er
955 4004 1018 4055 alibi
1041 4003 1075 4068 V)
1094 4001 1263 4070 repulerat.
1281 4000 1299 4052 l.
1321 3988 1354 4049 V

199 4080 323 4175 ungu}
349 4105 373 4159 si
384 4106 441 4161 sint
453 4105 494 4171 (in
506 4105 621 4171 rasfuit
634 4106 663 4170 a)
677 4124 709 4159 m.
723 4106 739 4158 1
754 4106 779 4160 V
793 4105 914 4175 linguosi
927 4105 1010 4160 sintr
1062 4109 1097 4162 26
1115 4106 1243 4176 aspidum
1256 4120 1298 4158 om
1308 4095 1350 4156 R

200 4192 290 4282 ε-ΞΜΞ
299 4227 390 4282 fusum
414 4228 439 4282 V
488 4228 522 4281 27
546 4231 575 4280 et
593 4226 789 4281 maledictione
807 4224 865 4293 (ltu.
884 4226 997 4282 lediotio
1016 4230 1043 4281 in
1059 4227 1126 4293 ros.)
1146 4226 1173 4281 R
1190 4244 1239 4281 om.
1261 4223 1300 4280 Vr.
