2790 4844
150 243 191 306 gp
500 240 619 295 sancti
644 241 777 293 Hilarii
802 241 961 310 episcopi

150 432 294 509 atinae,
325 432 355 494 in
381 452 440 514 quo
468 430 548 494 filius
572 429 653 514 loqui
678 432 815 511 docetur,
837 432 905 511 ipse
930 452 963 495 se
988 451 1024 495 ex
1048 431 1104 509 bis,
1129 453 1196 515 tlnae
1214 454 1297 497 cunr·

150 542 308 608 memorat,
333 535 483 600 dictorum
507 555 631 598 suorum
654 534 815 615 profitetur·
838 542 1001 605 auctorem.
1034 537 1155 600 dicens:
1181 558 1297 618 popu·

151 639 219 716 lus,
244 659 356 722 quem
379 660 454 702 non
486 639 668 722 cognnui,
699 639 877 703 seruinit
908 639 1014 704 milri.
1061 641 1132 704 dum
1157 642 1242 705 enim
1266 651 1297 705 et

151 753 237 824 pater
268 743 354 807 dicit:
397 744 485 824 ipse
519 743 731 807 inuocabit
762 764 818 807 me
858 753 888 808 et
918 743 999 808 filins
1030 745 1086 808 ait:
1124 745 1297 825 populus

99 869 111 905 a
153 847 328 911 seraiuit
351 847 455 916 mihi.
487 848 570 928 ipsos
593 867 626 911 se
650 867 726 923 esse,
751 848 802 929 qui
820 848 858 912 de
875 869 908 911 se
924 847 1095 930 loquantur,
1118 852 1296 914 «retendant.

151 963 181 1014 at.
204 971 276 1016 uera
300 972 381 1015 nunc
405 972 472 1015 cum
497 952 621 1016 dieitur:
657 952 788 1015 sedin
819 950 911 1035 lege
946 954 1098 1016 domini
1129 954 1207 1017 suit
1238 975 1296 1018 un-

150 1055 285 1119 luntas
309 1056 404 1132 eius‚
428 1055 510 1119 nulla
537 1056 653 1120 domini
667 1076 800 1136 persona
823 1056 861 1120 de
885 1076 917 1120 se
941 1056 1093 1141 loquentis
1116 1058 1296 1134 ostenditur.

150 1161 205 1223 sod
222 1159 345 1224 alterius
368 1160 475 1240 plotius,
501 1160 721 1224 beatitudinem
745 1160 809 1224 eius
833 1160 1038 1231 sollicetum,
1063 1161 1147 1226 cuius
1171 1162 1202 1225 in
1227 1161 1295 1246 lege

151 1264 266 1327 damini
311 1264 451 1328 uoluntas
483 1264 529 1337 sit,
571 1264 775 1344 praedicantis,
821 1284 952 1345 persona
985 1265 1088 1349 itaque
1126 1264 1296 1346 propheto,

99 1391 122 1425 1⁰
151 1369 236 1433 onius
260 1389 311 1432 ure
342 1369 466 1448 spiritns
502 1376 625 1432 sanetus
660 1368 807 1452 loquatur,
842 1389 924 1434 nuno
958 1390 1026 1434 esse
1060 1371 1216 1433 uoseenda
1251 1384 1297 1434 est

150 1471 251 1536 officio
274 1473 336 1536 oris
352 1473 468 1537 eiusad
486 1473 691 1556 cognitionem
705 1494 760 1536 nos
773 1475 956 1538 sacramenti
974 1474 1117 1554 spiritalis
1141 1475 1295 1538 erudiens.

195 1682 222 1743 2.
248 1679 376 1743 Etcum
404 1680 470 1744 bac
493 1679 640 1763 loquatur,
672 1683 871 1763 quarendum
905 1689 960 1753 est,
985 1685 1106 1765 dequo
1136 1682 1201 1746 uiro
1225 1702 1295 1746 eum

151 1784 232 1867 loqui
255 1783 434 1867 intellegere
457 1785 633 1849 debeamus
680 1785 720 1848 nit
736 1786 833 1849 enim:
869 1786 1011 1850 beatus
1034 1786 1104 1862 uir,
1129 1785 1194 1869 qui
1217 1807 1294 1849 non

152 1888 255 1951 abiit
291 1888 329 1951 in
365 1887 539 1951 consilia
574 1889 787 1968 impiorum
818 1901 854 1954 et
878 1891 917 1954 in
940 1890 1004 1953 uia
1038 1899 1297 1970 peccatorum

101 2013 125 2049 ιε,
153 2013 226 2055 non
259 1993 378 2056 stetit
409 2001 446 2057 et
479 1993 517 2056 in
550 1991 747 2057 cathedra
781 1994 1036 2074 pestilentiae-
1067 2015 1143 2057 nou
1178 1995 1297 2058 sedit.

152 2098 221 2160 sod
252 2097 290 2160 in
321 2097 413 2181 lege
438 2097 590 2160 domini
614 2098 691 2161 luit
719 2098 910 2163 noluntas
938 2098 1033 2174 eius,
1066 2109 1103 2162 et
1132 2099 1170 2161 in
1202 2096 1297 2180 lege

152 2202 237 2264 eius
269 2202 539 2265 meditabitur
570 2201 632 2265 die
663 2223 705 2265 ac
735 2209 861 2266 nocte.
907 2211 945 2267 et
975 2204 1052 2266 erit
1093 2210 1296 2285 tamqnam

152 2304 316 2388 liguum,
341 2306 444 2388 quiid
474 2304 697 2385 plantatum
723 2315 784 2369 est
807 2326 925 2370 secus
957 2307 1151 2371 decursus
1179 2327 1296 2389 aqua-

151 2428 243 2483 rum,
268 2410 369 2491 quod
394 2409 567 2473 fructum
592 2430 702 2473 suum
728 2411 841 2474 dabit
863 2411 902 2473 in
927 2418 1107 2492 tempore
1141 2431 1217 2474 suo.
1259 2419 1299 2476 et

100 2533 124 2569 aa
152 2512 294 2577 lolium
333 2513 419 2577 aius
457 2534 532 2576 nou
568 2514 745 2578 decidet:
784 2521 821 2578 et
856 2517 995 2579 (tannia.
1035 2534 1297 2598 quaecumque

151 2617 285 2693 saciet,
324 2619 422 2681 bene
458 2617 699 2701 dirigentur.
745 2618 857 2682 multos
891 2618 939 2683 uel
975 2619 1119 2699 praesenti
1151 2639 1298 2684 sermone

150 2720 199 2784 uel
222 2742 259 2786 ex
281 2720 390 2786 litteris
413 2742 448 2786 uc
471 2722 592 2803 scriptis
617 2742 719 2795 eorum
746 2723 869 2802 conpari
894 2723 936 2786 ita
959 2724 1092 2787 sensisse
1116 2724 1154 2786 de
1174 2723 1298 2803 psalma

151 2824 216 2902 boc,
247 2827 327 2908 quod
351 2825 520 2909 significari
550 2826 581 2890 in
606 2847 641 2891 eo
665 2828 807 2890 dominus
830 2835 934 2890 noster
966 2827 1052 2891 lesus
1076 2825 1218 2891 Christus
1250 2829 1298 2893 in-

152 2928 253 3012 tellegi
278 2931 397 3008 debeat‚
422 2931 506 2994 ouius
520 2930 674 2995 beatitudo
697 2931 729 2994 in
753 2931 811 3007 hia,
836 2951 904 3014 quae
928 2931 1065 2995 subiecta
1081 2938 1159 3008 sunt,
1183 2932 1298 3011 prandi-

98 3052 123 3089 o
151 3045 242 3097 cetur.
288 3035 344 3098 sed
366 3033 398 3097 id
422 3054 479 3099 neo
503 3036 600 3105 mado,
630 3054 688 3099 nec
709 3035 825 3098 ratione
850 3037 1032 3104 docuerunt:
1056 3035 1144 3099 bonae
1168 3037 1296 3118 quidem

151 3137 302 3217 opinionis
324 3136 443 3218 affeetu,
470 3139 541 3220 quia
563 3139 663 3201 omnis
698 3139 737 3201 ad
760 3159 830 3202 eum
860 3138 1021 3219 prophetia
1052 3152 1099 3203 est
1129 3139 1295 3205 reserenda

151 3240 354 3322 psalmorum:
380 3243 435 3306 sed
458 3242 509 3305 ubi
535 3254 565 3306 et
588 3243 710 3325 quaudo
734 3242 773 3305 ad
797 3262 868 3306 eum
891 3243 1061 3323 prophetia
1078 3244 1174 3324 ipsias
1191 3264 1300 3309 sermo

151 3365 184 3410 se
208 3347 327 3421 reserat,
351 3345 540 3409 rationabilis
564 3347 701 3410 scientias
725 3347 964 3411 discernendum
988 3358 1036 3411 est
1058 3347 1199 3411 ueritate.

194 3623 282 3691 ⁴lipsa
298 3623 440 3675 inuocauit
458 3624 480 3673 l'
495 3623 635 3677 innodabit
651 3626 712 3687 (ora.
724 3626 795 3692 ipse)
807 3626 860 3676 un
888 3628 905 3678 8
921 3626 1036 3678 alterius
1052 3645 1081 3678 er
1098 3626 1186 3678 alrius
1196 3632 1260 3679 ua?
1275 3628 1293 3679 l'

150 3710 323 3763 beatitudine
344 3712 367 3761 Ρ
404 3710 533 3762 uidelicet
556 3711 589 3761 l'e
636 3715 652 3764 9
671 3712 856 3778 praedicantis
877 3712 896 3773 ti
916 3714 941 3764 ia
954 3730 1007 3764 ros.
1026 3730 1043 3764 θ
1062 3731 1093 3763 nr.
1113 3712 1139 3772 ἑ),
1156 3715 1291 3781 proderat

151 3796 354 3863 praedicantes)
375 3797 396 3848 l'
412 3796 573 3864 predicatur
592 3800 616 3849 lt
671 3801 702 3852 10
720 3799 850 3866 loquatur
869 3817 898 3851 er
917 3798 1065 3866 loquantur
1084 3801 1109 3851 ll
1127 3801 1252 3867 loquitur
1270 3802 1293 3853 E

150 3884 216 3934 inter
229 3888 271 3935 est
284 3893 306 3934 et
318 3882 409 3935 officio
428 3883 506 3936 ttae.
527 3887 552 3936 in
564 3903 617 3936 res.
638 3886 662 3936 R
717 3888 749 3937 12
768 3890 795 3937 et
814 3885 878 3953 quia
897 3885 1003 3938 inlusus
1022 3886 1086 3938 huic
1104 3886 1230 3954 profetae
1249 3893 1291 3956 sps

151 3975 262 4022 sanctus
282 3969 350 4022 haec
369 3970 498 4037 loquatur
513 3972 537 4022 l'
589 3973 621 4024 16
640 3971 701 4039 lege
720 3991 749 4023 er
768 3972 793 4024 le
812 3990 878 4024 corr.
898 3973 924 4023 in
938 3991 1020 4041 rrtnrp.
1033 3975 1098 4024 aa?
1116 3974 1137 4023 l'
1187 3977 1223 4028 20
1242 3991 1291 4029 non

151 4055 254 4109 defluet
274 4057 327 4108 RE
377 4059 409 4111 21
438 4058 536 4111 fecerit
553 4060 579 4110 lt
631 4061 665 4111 22
693 4059 804 4111 scribtis
829 4059 852 4111 l'
911 4061 945 4112 23
972 4058 1025 4112 hoc
1052 4078 1100 4111 ont.
1127 4060 1159 4112 l'e
1213 4066 1293 4128 etque

151 4141 270 4211 intelligi
293 4145 318 4194 L
334 4145 369 4213 cf.
394 4145 458 4196 Aah.
477 4145 496 4196 J
501 4145 528 4201 1⁷.
554 4145 591 4197 Ol
645 4148 678 4197 25
703 4157 762 4197 crate
780 4145 809 4197 id
833 4163 886 4197 rinc
905 4148 952 4197 litt.
977 4165 1042 4199 eras.
1062 4148 1087 4198 lt
1132 4147 1252 4202 docuere
1272 4152 1295 4203 13

151 4231 184 4282 ‘26
203 4230 348 4284 referenda
365 4236 407 4284 est
426 4232 543 4298 profetia
566 4233 587 4284 l'
637 4236 670 4284 27
689 4234 814 4300 profetae
834 4232 908 4285 illius
928 4250 1017 4285 sermo
1036 4234 1138 4286 reserat
1159 4235 1185 4285 l.
