2790 4844
302 306 485 356 tractatus
504 302 540 356 iu
561 302 732 370 psalmum
751 301 871 356 CXVIII.
1095 302 1159 368 501

13 494 72 559 sed
95 514 134 558 ne
157 495 188 557 in
213 492 262 559 his
286 493 409 576 quidem
433 491 583 574 propheto
604 492 741 557 insolens
765 499 819 557 est.
864 512 935 556 nom
966 492 1056 558 ineo
1082 493 1158 574 ipso,

12 599 98 681 quod
124 597 215 664 dixit:
239 596 311 675 see,
334 597 462 662 adiecit:
493 616 578 663 eum
608 615 725 662 seruo
756 602 829 662 tuo.
874 602 906 660 et
928 597 1002 680 quia
1025 597 1158 662 seruitus

12 713 122 767 nostra
145 702 184 767 od
207 702 239 767 id
262 702 373 783 ipsum,
395 707 428 767 ut
450 702 481 765 in
504 701 659 766 semitutis
689 699 751 765 fide
780 705 913 777 moneat,
948 700 1158 766 misericordia

14 807 134 872 domiui
157 806 284 891 indiget,
315 804 544 886 superaddidit:
575 805 794 871 secundum
824 804 1156 870 misericordium

14 917 137 975 tuam:
171 911 243 994 quia
277 910 474 975 miseratione
508 909 574 976 eius
608 929 683 989 opus
718 914 773 986 est,
807 914 841 974 ut
865 909 895 972 in
919 907 978 974 hoe
1000 909 1158 974 seruitutis
1197 933 1211 973 o

13 1022 129 1080 nost-ne
152 1013 343 1094 professione
367 1033 557 1079 maneamus.
602 1011 744 1078 inbecillo
778 1013 861 1077 enim
892 1018 938 1078 est
967 1032 1024 1093 per
1046 1032 1079 1078 se
1102 1012 1158 1077 eli·

14 1119 88 1202 quid
112 1118 271 1184 obtinendi
295 1117 431 1182 humano
453 1117 626 1199 infirmitas,
659 1123 689 1183 et
712 1117 770 1183 hoe
800 1123 920 1182 tontum
951 1123 1065 1182 noturae
1094 1135 1158 1182 sue

15 1222 154 1289 osticium
177 1230 233 1300 est,
255 1228 288 1289 ιιι
312 1223 484 1307 adgregare
506 1241 540 1287 se
561 1223 592 1287 in
608 1221 758 1287 familiam
773 1221 823 1287 dei
839 1229 870 1287 et
884 1220 960 1287 uelit
975 1226 1005 1286 et
1020 1222 1156 1301 eoeperit.

16 1326 127 1392 diuinae
151 1347 223 1392 nero
246 1327 467 1392 misericordie
498 1332 553 1408 est,
583 1333 617 1390 ut
646 1325 785 1391 nolentes
815 1326 947 1401 adiuuet,
976 1325 1157 1407 incipientes

16 1431 185 1511 confirmet,
208 1431 357 1497 adeuntes
379 1430 522 1512 recipiet:
558 1451 594 1496 ex
628 1430 717 1495 nobis
752 1435 854 1496 autem
888 1418 1010 1494 initium
1044 1441 1099 1507 est,
1123 1436 1158 1494 ut
1185 1455 1209 1491 ιι

15 1532 64 1600 illu
87 1534 238 1619 perficiat.

56 1744 107 1808 11.
133 1742 196 1808 Sed
226 1743 302 1826 quid
338 1743 461 1808 tandem
495 1749 530 1807 ut
563 1741 658 1808 societ
687 1761 755 1807 eum
787 1761 877 1807 seruo
907 1761 963 1808 suo
986 1742 1156 1807 seeundum

10 1847 261 1912 misericordiam
293 1866 380 1911 suem
412 1846 567 1927 postulat?
610 1866 723 1926 nempe
757 1852 791 1911 ut
821 1845 1053 1912 iustificationes
1084 1865 1156 1911 suas

10 1950 129 2017 iooeot.
173 1953 231 2018 seit
254 1953 285 2016 in
310 1952 588 2030 iustificationibus
612 1972 689 2036 ques
713 1952 839 2038 Moyses
874 1953 1057 2018 constituere
1078 1972 1155 2033 pree·

10 2062 120 2137 eaptus
144 2062 198 2133 est,
222 2076 373 2141 magnum
407 2057 511 2123 neseio
535 2058 611 2141 quid
634 2062 665 2122 et
685 2056 988 2137 inconprehensibile
1011 2056 1156 2121 humanm
1184 2084 1208 2120 u

10 2158 234 2245 ntellegentine
258 2161 418 2225 contineri.
463 2161 541 2226 seire
564 2167 655 2242 optet,
680 2162 749 2246 quis
773 2162 830 2226 iste
854 2162 903 2238 sit,
919 2167 954 2226 ut
975 2160 1156 2244 frequenter

17 2260 156 2337 iximus
179 2270 338 2345 coemptus
363 2264 515 2330 Hebraens
538 2285 615 2346 puer
638 2286 690 2330 sex
714 2271 834 2330 tontum
857 2265 947 2330 onnis
977 2264 1154 2329 semitonus.

10 2367 91 2449 egit
113 2366 179 2433 haee
203 2368 338 2452 quidem,
362 2370 418 2434 sed
441 2389 501 2433 nou
525 2369 638 2443 statim.
654 2371 739 2453 qood
761 2368 881 2453 legitur,
904 2374 935 2434 et
957 2367 1154 2453 Intellegitur.

10 2468 94 2536 eine
115 2471 188 2547 uult,
211 2493 279 2556 queo
302 2472 354 2537 iilo
378 2474 510 2539 seruitus
533 2474 582 2551 sit,
599 2493 669 2557 quo
684 2473 809 2555 septimi
825 2473 895 2537 anni
913 2471 1047 2550 libertas,
1071 2472 1153 2554 quod

10 2570 48 2631 lt
79 2576 156 2641 nuris
180 2575 320 2641 foramen
344 2577 522 2655 sumbola,
546 2578 572 2642 si
595 2577 674 2643 iiber
697 2597 765 2643 esse
785 2576 868 2656 nolit,
892 2596 961 2660 quse
978 2575 1029 2641 itta
1044 2575 1153 2641 mulier
1179 2604 1205 2640 ιι

10 2665 145 2758 sebraei,
170 2680 247 2763 quid
269 2678 353 2757 iilud,
375 2687 408 2746 ιιι
430 2682 497 2746 sine
514 2681 642 2747 muliere
659 2680 835 2766 egredietur
850 2681 925 2761 ipse,
949 2680 1024 2764 quid
1040 2680 1152 2745 deinde

10 2783 148 2847 {enode
159 2783 343 2861 iustificam,
357 2785 431 2868 quid
447 2786 544 2865 tertio,
562 2787 636 2870 quid
652 2792 817 2869 sequentes
833 2784 968 2850 habeant
982 2784 1151 2850 sutnromm

10 2889 272 2954 teunonrorum
301 2889 565 2968 praeformntionis.
609 2909 670 2954 non
701 2896 748 2955 est
777 2888 907 2954 huruoni
937 2889 1054 2975 ingenii
1084 2889 1152 2955 haee

61 3111 91 3163 lt
107 3111 193 3168 Exod.
212 3114 285 3180 xxl,
303 3117 320 3168 2
339 3131 398 3183 sqq.

62 3305 284 3362 laedamini?
298 3310 323 3363 I'
373 3311 401 3364 in
413 3330 455 3382 pr.
464 3312 480 3364 1.
491 3330 539 3365 ιιιιι.
554 3312 601 3365 th'
650 3313 799 3367 dsertutis
814 3313 840 3366 V
889 3313 1152 3367 dmisnerationeR

10 3387 33 3463 ᾖ
73 3410 115 3448 om.
147 3396 172 3449 V
232 3400 409 3451 timeremus
442 3399 466 3452 V
522 3398 647 3454 inbieille
679 3400 704 3453 V
760 3399 865 3468 aliquid
893 3399 1037 3468 optinendi
1063 3398 1088 3448 R
1114 3401 1151 3468 of.

10 3460 131 3567 {rope
149 3486 221 3551 Sym.
242 3484 280 3547 11,
299 3482 357 3538 833
383 3486 419 3539 oo
444 3485 551 3554 usqum
578 3487 721 3541 obtinendi
745 3487 820 3541 ran
846 3486 952 3556 aliquid
970 3486 1152 3541 obtinendum

22 3562 72 3621 ’Νι
117 3570 322 3641 Sndgreegere
338 3572 362 3625 V
403 3564 434 3625 di
452 3572 533 3626 uellit
548 3574 573 3625 V
621 3577 723 3628 9uero
741 3574 854 3644 omrj'po
907 3573 1111 3628 miseridordiae
1122 3592 1152 3627 ex

10 3643 228 3711 mirericordiam
247 3656 366 3713 m.2V
416 3662 448 3713 ut
465 3676 513 3712 om.
530 3660 554 3713 V
605 3663 638 3715 10
655 3666 686 3714 ut
705 3665 800 3714 euntes
815 3662 838 3714 ‹2'
886 3659 1003 3729 recipiet
1022 3678 1052 3713 er
1063 3659 1151 3729 recipi

20 3736 118 3796 ''I-2V
166 3749 258 3799 autern
277 3746 370 3797 onst*
421 3747 450 3798 11
471 3745 520 3800 ille
535 3747 571 3816 po
625 3748 658 3801 1⁶
677 3752 718 3801 est
736 3749 797 3800 odoi.
818 3765 851 3801 m.
871 3746 891 3800 2
914 3748 938 3801 V
988 3748 1151 3817 inoonprae·

22 3804 144 3885 immite
171 3832 197 3884 R
269 3835 301 3886 16
320 3831 390 3886 seire
416 3832 472 3885 etis
498 3838 577 3901 optet
609 3833 645 3885 Vb
718 3836 750 3888 17
768 3834 886 3888 hebenus
919 3834 953 3887 V¹
979 3833 1097 3889 hebreus
1125 3834 1152 3888 Β

28 3902 132 3983 ¹9qnee
149 3929 209 3971 orate
226 3917 338 3986 septimi
364 3918 456 3972 orn-C
505 3920 592 3974 2001
619 3920 704 3974 nbula
724 3921 747 3973 C
762 3925 790 3974 et-
816 3920 928 3975 suboloe
952 3922 977 3975 V
1027 3922 1097 3976 nolit.
1121 3940 1151 3975 er

25 4000 89 4057 telae
113 4003 136 4057 V
151 4004 239 4058 nollet
259 4007 283 4058 C
332 4007 364 4059 21
384 4004 481 4060 hebrei
505 4006 530 4059 V
553 4005 655 4060 hebreo
679 4010 701 4060 t·
724 4007 844 4062 hebraee
862 4009 901 4063 Re
955 4010 1084 4092 mulier-et
1108 4009 1150 4063 in·

20 4106 151 4177 gradietur
174 4108 197 4161 V
213 4108 331 4162 muliere
349 4109 523 4178 ingredietur
542 4107 698 4180 (ingredior
718 4111 751 4178 C)
771 4113 832 4165 Rt'e
858 4115 905 4167 sed
920 4115 956 4183 cs.
975 4116 1034 4168 odoi.
1053 4114 1149 4168 Beued.

13 4198 43 4254 22
60 4194 179 4249 secunde
197 4197 259 4248 add.
277 4194 349 4248 m?
372 4196 397 4248 V
446 4197 586 4265 sequentis
612 4198 636 4249 V
651 4214 768 4267 sequens
788 4202 811 4251 ι’
861 4201 895 4253 23
913 4204 1151 4275 sacramentorum

10 4306 37 4347 a
54 4298 164 4337 nerem
181 4300 215 4335 m.
235 4281 255 4335 2
278 4281 304 4335 V
353 4282 599 4351 praeformationes
618 4285 665 4338 Re.
