2790 4844
339 303 520 352 tractatus
546 299 578 352 in
597 300 768 368 psalmum
789 299 936 353 CXXXIII.
1152 298 1212 364 691

65 490 273 555 ascenderint.
320 488 549 555 benedicendus
574 496 630 557 est.
654 489 725 572 quia
742 508 798 554 nos
814 489 844 552 in
862 487 1014 553 excelsum
1033 491 1214 568 prouexerit.

66 595 139 676 quia
163 593 235 659 fidei
270 593 420 677 gradibus
444 593 474 656 in
491 592 631 658 sublime
662 593 773 657 domus
805 612 868 657 suae
899 591 1074 657 eieuauerit.
1121 595 1213 682 bene·

66 698 202 762 dictione
226 711 327 762 autem
352 697 401 761 dei
424 717 458 761 os
482 697 652 778 peccatoris
675 696 837 780 indignum
862 702 924 776 est;
955 703 985 762 et
1018 697 1132 762 idcirco
1155 699 1214 762 ait:

65 821 205 867 omnes
228 802 335 866 serui
361 802 455 865 eius.
501 820 561 864 non
585 801 721 865 omnium
746 807 794 865 est
813 802 869 865 deo
885 808 1013 882 accepta
1029 802 1214 871 benedictio.

65 926 171 990 neque
194 926 227 971 se
249 905 441 986 promiscuus
472 911 559 986 putet
587 904 710 986 placere
741 924 840 985 posse.
887 904 943 969 soli
973 906 1055 970 istud
1079 907 1214 987 conpetit
1254 931 1266 968 s

66 1011 116 1076 dei
142 1029 239 1083 seruo,
264 1029 322 1073 non
346 1010 462 1088 peccati
488 1028 576 1073 seruo
600 1028 657 1074 nec
680 1008 784 1073 saculi
800 1028 900 1073 seruo.
946 1011 1075 1074 omnis
1099 1010 1213 1074 enirn.

64 1115 176 1198 inquit,
200 1114 266 1196 qui
291 1113 392 1177 iacit
414 1118 636 1192 peccatum,
661 1101 803 1177 seruus
828 1118 890 1177 est
912 1113 1086 1199 peccati..
1126 1133 1216 1178 seruo

64 1219 162 1302 igitur
186 1217 233 1281 dei
269 1218 410 1298 conpetit,
434 1224 467 1281 ut
490 1216 649 1281 dominum
680 1235 768 1280 suurn
800 1216 943 1300 religioso
966 1237 1019 1281 ore
1042 1217 1213 1282 benedicat.

111 1373 142 1438 2.
168 1376 215 1438 Ac
241 1392 278 1438 ne
301 1373 359 1454 ipsi
383 1374 510 1457 quidem
531 1393 620 1438 seruo
636 1372 694 1436 hoc
711 1373 769 1437 erit
784 1373 950 1453 proprium,
974 1373 1026 1457 qui
1043 1358 1224 1439 seseruum

63 1479 193 1542 nomine
210 1477 275 1542 solo
291 1475 476 1559 profiteatur,
493 1477 546 1560 qui
562 1478 655 1542 etiam
671 1497 751 1542 nunc
767 1476 1001 1542 cunctabundus
1017 1485 1047 1543 et
1063 1476 1213 1543 fluctuans
1243 1501 1267 1538 ro

62 1583 187 1648 incerto
209 1580 283 1646 fidei
306 1588 398 1646 uento
421 1581 665 1658 circumferatur,
689 1581 774 1645 cuius
798 1581 943 1664 cogitatio
966 1587 998 1646 et
1020 1581 1159 1646 uoluntas
1183 1583 1215 1647 in

60 1686 312 1752 recordationem
343 1686 560 1766 peccaminum
591 1691 622 1749 et
652 1685 683 1748 in
714 1704 804 1749 curas
835 1684 1026 1765 uoluptatum
1058 1692 1214 1770 euagetur.

62 1790 316 1855 etidcircocum
337 1789 480 1855 dixisset:
505 1809 597 1854 ecce
620 1808 722 1853 nunc
747 1789 987 1855 benedicite
1011 1789 1215 1855 dominum

62 1913 206 1958 omnes
229 1893 338 1958 serui
363 1894 458 1970 eiua,
476 1893 603 1958 adiecit:
628 1894 694 1976 qui
718 1893 840 1957 statis
863 1893 1030 1957 indomo
1054 1893 1214 1968 domini,

61 2000 104 2062 in
128 1998 252 2062 atriis
278 1998 415 2061 domus
439 1997 599 2062 domini.
646 1998 783 2080 quistet,
800 1997 865 2062 loco
881 2017 942 2061 non
959 2004 1106 2063 mouetur.
1152 1999 1215 2063 iam
1243 2019 1268 2057 a

63 2102 211 2172 cucurrit.
235 2103 297 2166 iam
322 2102 471 2177 ascendit,
494 2101 555 2165 iam
579 2100 747 2166 immobilis
782 2107 895 2178 manet,
924 2102 986 2166 iarn
1018 2102 1107 2166 auide
1139 2103 1217 2167 bibit

63 2204 1215 2287 beatamillamprophetaeuocem:statuitsuperpetrampedes

66 2329 190 2386 meos3
215 2315 245 2374 et
268 2329 407 2374 rursum:
431 2310 469 2374 in
492 2315 608 2389 petre
631 2307 827 2373 exaltasti
850 2328 923 2384 me;
958 2315 990 2373 et
1012 2310 1115 2373 audiet
1137 2316 1216 2373 tam·

66 2434 163 2497 quarn
199 2412 300 2498 Moysi
336 2414 395 2477 sibi
430 2414 507 2478 dici:
540 2420 580 2478 tn
613 2418 744 2478 autem
779 2419 841 2478 sta
874 2412 942 2477 hic
973 2432 1131 2478 mecum.
1177 2413 1215 2478 de

68 2517 402 2598 peccatoribusautem
420 2516 623 2600 italegimus:
647 2515 885 2581 dilexerunt
907 2501 1066 2581 mouere
1090 2519 1215 2597 pedes
1243 2539 1268 2577 ao

70 2641 174 2685 suos.
222 2621 365 2685 standum
400 2640 473 2704 ergo
504 2629 551 2685 est
581 2621 611 2684 in
643 2623 735 2685 domo
770 2620 895 2698 domini,
937 2622 1008 2704 quia
1042 2621 1216 2686 benedictio

71 2726 220 2789 stantium
252 2724 374 2808 placeat
403 2731 435 2789 et
464 2725 612 2789 stantium
642 2725 674 2788 iu
705 2725 796 2788 domo
827 2723 880 2789 illa
912 2734 1019 2789 sancta
1049 2731 1080 2790 et
1102 2725 1216 2790 caelesti

71 2827 268 2894 Hierusalem
307 2834 337 2893 et
374 2827 554 2913 angelorum
589 2828 807 2912 frequentium,
846 2829 887 2892 ad
920 2848 1013 2911 quam
1048 2849 1103 2909 per
1137 2828 1217 2896 hanc

71 2933 210 2998 ecclesia
235 2938 265 2997 et
287 2938 454 2998 conuentus
478 2932 574 2998 nostri
598 2933 725 2997 domum
748 2932 914 2997 scanditur.

113 3089 142 3154 3.
167 3088 209 3154 Et
231 3090 305 3173 quio
326 3087 431 3169 plures
462 3089 542 3169 apud
566 3095 687 3168 patrem
711 3090 888 3154 mansiones
917 3096 997 3164 sunt,
1030 3090 1215 3154 benedicunt
1242 3109 1267 3147 aa

72 3193 232 3258 dominnm
255 3213 318 3257 uon
341 3192 442 3258 solum
464 3194 496 3257 in
520 3195 612 3258 domo
636 3199 763 3270 stantes,
787 3195 842 3258 sed
866 3193 957 3258 etiam
982 3195 1014 3258 in
1037 3194 1122 3259 atriis
1143 3194 1217 3258 eius.

70 3318 129 3362 non
153 3298 257 3362 omnis
279 3297 391 3362 domus
414 3297 526 3363 atrium
551 3304 607 3362 est.
654 3299 764 3362 domus
783 3303 831 3361 est
846 3298 948 3374 etiam,
966 3297 1116 3381 quidquid
1132 3303 1217 3362 extra

112 3513 337 3582 elou.vm,es.
367 3516 399 3567 17
411 3514 454 3568 Pe.
464 3515 589 3581 XXXIX,
599 3517 624 3568 8.
656 3513 884 3581 repexxvna.
916 3516 948 3567 19
960 3514 1048 3568 Exod.
1059 3514 1181 3581 XXXIV,
1191 3517 1217 3570 2.

69 3603 104 3657 Μ
121 3601 244 3656 Hieram.
263 3600 335 3669 XIV,
356 3605 395 3656 10.
431 3602 466 3656 25
484 3600 518 3655 ef.
538 3601 596 3655 loh.
615 3601 688 3668 XIV,
706 3604 730 3654 2.
1152 3633 1158 3644 ·

113 3773 344 3830 abenediotione
371 3791 441 3842 qnae
469 3790 498 3828 ss
518 3775 544 3827 P
594 3755 710 3828 dseruo
734 3793 805 3844 supr.
823 3792 871 3828 scr.
890 3794 922 3827 m.
943 3776 957 3827 1
977 3775 1003 3827 Ρ
1055 3777 1087 3830 10
1105 3779 1220 3829 cuncta·

69 3858 151 3916 bunt*
179 3861 205 3914 P
258 3863 289 3914 ll
308 3859 373 3915 fidei
400 3866 484 3915 uento
514 3862 578 3913 Vri
607 3861 672 3915 fidei
699 3868 796 3915 uotoc
848 3861 877 3913 in
904 3861 1096 3915 recordatione
1127 3862 1163 3915 Te
1191 3863 1219 3915 in

69 3947 262 4002 recordatione
282 3947 323 4001 Po
377 3947 409 4002 15
427 3947 525 4001 domus
543 3948 594 4002 diii
613 3948 663 3999 PT
679 3949 714 4015 cf.
729 3967 758 4019 p.
771 3946 837 4015 692,
854 3948 889 3999 11
907 3947 1004 4001 domus
1023 3948 1067 4001 dei
1086 3949 1174 4002 nostri
1194 3950 1222 4001 Ε

70 4035 150 4090 1611
178 4033 293 4089 audebit
320 4035 402 4089 beata
428 4034 478 4087 iila
504 4034 657 4104 prophetae
683 4051 752 4088 uoce
780 4036 838 4087 dein
865 4036 950 4106 spatio
976 4037 1052 4087 errius
1077 4037 1149 4088 uerbi
1166 4038 1220 4089 sine

66 4142 202 4212 scn'thuro
232 4141 321 4194 relicto
351 4141 378 4192 in
408 4158 490 4208 marq.
520 4141 679 4210 adso-abtum
710 4139 801 4193 dicere
830 4139 855 4190 Τ
919 4142 952 4193 19
970 4137 1016 4193 dic
1046 4146 1093 4193 aut
1124 4144 1166 4194 sta
1197 4140 1224 4193 P

150 4235 164 4265 ι
322 4234 351 4265 ns
365 4219 427 4265 circui

65 4284 100 4336 21
123 4292 188 4348 q?-
205 4277 377 4334 benedictio:
396 4278 500 4333 stantia
520 4279 545 4331 P
596 4280 630 4333 28
647 4277 804 4345 frequentia
824 4279 854 4331 T.

1011 4383 1063 4435 tt*
