2790 4844
410 266 589 315 tractatus
608 263 642 316 in
660 265 832 331 psalmum
857 264 941 318 LVII.
1186 266 1245 330 175

122 448 201 525 terris,
225 450 327 514 idest
351 450 509 516 nobiscum
530 472 683 520 mansura.
708 474 776 517 cum
794 454 882 518 dicit:
906 474 998 519 ecce
1021 475 1093 538 ego
1117 455 1247 521 uobis·

123 556 1245 640 cumsumomnibusdiebususqueinconsummationem

122 657 249 731 seculi,
274 659 417 723 dominus
440 669 545 724 noster
570 661 655 725 Iesus
679 659 830 735 Christus,
863 662 914 745 qui
939 670 986 727 est
1010 663 1191 728 benedictus
1214 664 1244 727 in

122 761 213 826 secula
235 763 429 829 sacculorum.
475 784 575 829 amen.

526 901 709 984 Pstdttds
739 902 833 984 IVll.
1283 931 1296 969 ⁵

144 1035 178 1101 In
200 1040 330 1107 linem.
362 1061 408 1104 ne
432 1042 658 1137 disperdas,
684 1044 812 1107 Dauid
838 1044 875 1107 in
900 1042 1015 1107 tituli
1039 1043 1211 1123 inscrip-

616 1148 734 1211 tione.

154 1246 184 1310 Si
204 1270 296 1313 uere
321 1250 907 1333 utiqueiustitiasloquimini,
932 1251 1242 1315 iustoiudicate

125 1347 188 1414 lilii
210 1352 411 1417 homiuum
437 1363 467 1418 et
491 1355 618 1437 reliqua.
809 1442 811 1447 Α
1129 1340 1133 1348 ’

156 1472 177 1535 l.
198 1473 241 1539 De
272 1476 440 1556 superioris
471 1475 581 1560 psalmi
616 1477 875 1558 superscriptione
910 1477 974 1541 sola
1002 1478 1094 1541 deest
1123 1475 1243 1560 signifi·
1272 1502 1295 1536 ιο

126 1576 183 1639 catio
203 1577 306 1662 aliqua
328 1586 494 1663 gestorum.
540 1600 610 1645 nam
636 1587 667 1646 et
690 1582 726 1644 in
752 1582 874 1646 linem
901 1587 931 1645 et
953 1601 999 1644 na
1024 1580 1242 1664 disperdas

127 1687 147 1740 et
172 1682 275 1747 tituli
306 1684 528 1766 inscriptio
552 1695 607 1749 est.
653 1706 754 1768 neque
789 1685 871 1749 enim
905 1684 1043 1766 psalmus
1079 1685 1241 1769 quicquam

127 1801 165 1859 per
190 1807 287 1851 rerum
320 1796 408 1871 gesta
442 1789 578 1853 continet
601 1788 780 1870 prophetia,
804 1796 844 1863 ut,
868 1789 947 1853 sicut
970 1789 1088 1864 ceteris,
1119 1795 1242 1852 sanctus

127 1882 204 1954 Dauid
227 1899 256 1956 et
279 1893 370 1957 dictis
395 1892 557 1974 prophetet
581 1903 610 1958 et
632 1894 745 1978 gestis:
770 1894 824 1957 sed
849 1893 1015 1973 increpatio
1032 1894 1062 1956 in
1079 1893 1189 1973 impios
1213 1902 1242 1957 et

126 1989 287 2061 denuntiatio
321 1997 424 2061 iudicii
460 1999 508 2062 dei
543 1999 573 2061 in
608 2007 783 2079 peccatores
818 2012 848 2062 et
881 1997 1039 2061 retributio
1073 1996 1187 2060 laetitiae
1210 1997 1241 2060 in
1269 2018 1295 2057 rs

126 2106 221 2164 sanctm
243 2109 273 2165 et
296 2101 411 2166 fructus
435 2101 550 2165 homini
575 2103 698 2166 iustitia
722 2102 903 2166 continetur.
949 2100 1000 2166 hic
1025 2120 1100 2185 ergo
1123 2100 1193 2164 finis
1210 2101 1240 2164 in

125 2199 219 2274 psalmo
241 2213 295 2282 est,
320 2205 387 2271 haec
411 2206 602 2288 depellendae
637 2207 839 2287 corruptionis
874 2206 996 2275 fiducia.
1032 2205 1099 2270 hacc
1129 2206 1165 2283 ei,
1189 2205 1241 2289 qui

127 2318 168 2365 nos
184 2327 232 2386 per
254 2317 383 2374 mortem
407 2312 545 2388 redemit,
569 2311 647 2376 tituli
672 2312 832 2392 inscriptio
857 2318 911 2376 est.

158 2405 180 2472 2.
199 2412 235 2477 dt
257 2415 383 2498 quidem
408 2413 499 2480 talem
523 2422 603 2480 totns
627 2415 761 2495 psalmus
787 2417 851 2497 ipse
876 2435 909 2479 ss
933 2416 1065 2496 profert:
1090 2415 1123 2477 si
1148 2433 1241 2477 uere

126 2509 246 2596 utique
271 2519 460 2584 iustitias
495 2519 720 2603 loquimini,
755 2522 917 2585 directa
950 2519 1131 2583 iudicate
1155 2515 1238 2580 lilii
1268 2539 1292 2574 πο

127 2608 305 2687 lominum.
352 2625 501 2688 etenim
525 2625 566 2688 in
590 2627 711 2689 corde
735 2624 982 2708 iniquitates
1002 2621 1239 2704 operamini,

127 2713 265 2790 itllerra
289 2728 551 2812 iniquitatem
575 2728 891 2810 conplectuntur
919 2748 1058 2792 manus
1081 2725 1239 2791 uestrae.

160 2877 270 2936 tustth.
290 2884 416 2950 XXVIII,
435 2886 477 2938 20.

156 3013 267 3074 leebus
287 3021 362 3074 uitae
382 3039 467 3090 usqne
487 3022 564 3074 Pra'
614 3025 743 3075 3n0stcr·
764 3042 811 3075 cna
833 3021 1000 3090 RExplicit
1027 3022 1149 3089 psalmus
1168 3020 1238 3074 LVI.

124 3093 195 3168 inciti?
212 3109 331 3174 psalmus
350 3108 425 3161 LVII
446 3110 471 3161 R
490 3109 564 3161 Finis
589 3109 688 3176 psalmi
709 3106 770 3161 LVI
794 3109 847 3162 inc.
870 3108 945 3161 LVII
967 3110 991 3160 I’
1007 3109 1088 3176 Expl.
1107 3108 1140 3160 de
1168 3105 1238 3160 LVI.

124 3179 222 3255 iscipu
231 3194 306 3248 nvn
318 3197 343 3247 r
388 3196 663 3264 tinacripdonemb
710 3196 860 3250 aruscadas
879 3195 1081 3248 t'iustitiamdt
1128 3191 1203 3247 edili
1218 3195 1240 3248 ν

124 3270 149 3322 ¹⁰
161 3274 187 3328 dt
202 3283 387 3350 superioribus
406 3283 519 3351 psalmis
537 3283 772 3351 superscriptione
799 3283 820 3335 V
873 3285 901 3335 ll
922 3283 955 3336 In
973 3283 1002 3334 in
1021 3279 1139 3347 (altarem
1158 3300 1238 3351 supro

121 3374 158 3411 ⁸01·
172 3382 198 3418 m.
217 3371 243 3432 I)
262 3368 316 3422 fine
336 3370 361 3422 Il
379 3371 408 3423 in
432 3368 486 3424 fine
511 3370 560 3422 VI'
610 3386 644 3422 ne
668 3369 811 3437 disperdes
826 3368 888 3442 lora.
908 3367 946 3434 et)
972 3370 996 3421 l'
1048 3371 1080 3422 13
1104 3367 1239 3437 profetise

124 3443 160 3498 VR
203 3462 230 3508 ut
257 3456 328 3508 sicut
357 3457 457 3509 ceteris
482 3456 599 3508 VRPToe
618 3455 690 3508 sicut
718 3457 746 3508 in
765 3455 895 3508 ceterise
951 3458 983 3509 14
1010 3455 1159 3524 prophetet
1177 3454 1240 3506 etI'

116 3537 229 3605 prophete
246 3541 364 3611 (profete
391 3544 579 3612 Vprophetae
597 3546 627 3607 α)
646 3550 674 3596 et
699 3543 763 3596 VPs
781 3543 929 3611 prophetet
948 3548 975 3596 et
1003 3539 1140 3612 ltpphetat
1166 3562 1238 3613 sarm,

112 3639 159 3690 ”a
174 3635 211 3681 tat
228 3633 255 3681 in
273 3648 326 3682 ras.
346 3629 381 3693 lt)
400 3631 425 3682 R
443 3633 482 3683 cd,
501 3630 582 3682 Basti,
603 3629 687 3696 1550,
707 3629 769 3681 Por.
791 3629 864 3681 1572
908 3629 957 3682 sed
982 3630 1082 3682 VPTE
1098 3631 1137 3684 sic
1156 3629 1193 3695 (io
1212 3634 1238 3684 ia

112 3710 204 3777 mlii
253 3717 409 3785 increpatio
426 3717 455 3770 in
474 3717 573 3785 impios
591 3722 619 3769 et
632 3717 719 3769 omit
772 3722 800 3769 et
813 3716 986 3771 denuntiatio
1002 3717 1237 3772 Psdestdsnun·

108 3797 459 3873 titiclstisopdiaomlt
477 3804 502 3856 V
517 3809 558 3857 est
576 3807 605 3856 et
622 3802 825 3856 denunciatioe
880 3803 911 3856 15
930 3803 959 3856 di
977 3821 1029 3857 stu
1042 3809 1200 3872 peccatores
1216 3806 1239 3858 i'

105 3887 136 3939 td
151 3894 178 3941 et
193 3896 221 3942 st
237 3890 344 3944 frustm
361 3909 392 3943 a
408 3896 437 3943 et
455 3896 562 3944 ceteros
586 3890 629 3942 ius
656 3908 688 3942 m.
708 3888 727 3941 2
751 3889 776 3942 V
825 3888 931 3943 homini
949 3891 975 3943 R
996 3890 1115 3944 hominis
1140 3890 1237 3945 Vom-

99 3973 141 4027 nis
165 3975 226 4031 Fre
287 3980 320 4031 17
344 3977 524 4046 depellendae
554 3974 647 4031 RTV'
677 3975 840 4046 depellenda
876 3975 950 4031 V¹Pe
1014 3980 1046 4033 19
1070 3978 1147 4032 telit‘
1174 3979 1224 4031 PT
1224 3998 1237 4031 e

98 4070 170 4116 totus
193 4065 278 4118 Vom.
299 4064 389 4118 me
413 4064 472 4130 (ssd
487 4067 516 4118 in
534 4066 559 4118 R
575 4075 633 4134 post
651 4063 736 4118 talem
756 4063 827 4118 1-6
845 4066 891 4116 litt.
912 4063 992 4128 erar.)
1047 4066 1106 4133 ipse
1124 4081 1154 4118 ss
1172 4081 1236 4134 pro-

95 4150 149 4204 {ort
166 4153 193 4204 ia
210 4170 293 4220 uturp.
312 4153 372 4204 odd.
392 4151 418 4203 P
432 4152 491 4221 ipse
510 4169 537 4216 se
556 4151 715 4221 proferetit
767 4153 802 4204 20
820 4150 954 4205 iustitiam
966 4152 1071 4205 RPTE
1122 4153 1236 4208 recteR

93 4238 133 4294 fidi
159 4240 183 4292 i'
231 4243 264 4294 21
285 4239 440 4307 iniqnitatis
464 4238 498 4294 V¹
551 4242 586 4295 22
604 4239 813 4309 conplectantur
832 4240 865 4292 Id.
