2790 4844
147 280 209 345 758
493 282 610 335 sancti
629 281 764 334 Hilarii
782 281 945 349 episcopi

146 480 312 556 utrumque
344 492 426 542 uero.
461 474 554 536 deum
589 471 708 537 scilicet
740 478 834 554 utque
857 471 1033 543 hominem.
1058 483 1140 540 tunc
1172 480 1286 540 tentum

147 599 218 642 cum
247 579 279 642 in
314 576 441 642 homine
474 577 539 640 fuit.
585 582 651 641 erot
685 576 769 640 enirn
803 577 834 640 in
868 577 971 641 l'orme
1007 580 1059 644 dei
1099 586 1134 645 et
1169 582 1285 644 sormam

146 682 277 747 hominis
301 682 435 762 accepit;
458 687 490 745 et
511 701 635 745 rursum
658 681 689 743 in
713 680 813 763 gloria
829 681 878 745 dei
904 682 1004 762 patris
1021 690 1072 748 est
1098 683 1285 748 sormouide

147 787 219 852 licet
234 787 338 852 seruili
361 785 540 869 ingloriam
562 786 637 858 eius,
661 785 747 849 cuius
769 785 801 848 in
825 785 925 849 formu
948 794 1021 851 ante
1045 791 1207 863 manebat,
1228 807 1282 868 pro

148 892 278 967 finiente,
302 891 506 970 corruptionis
529 889 647 954 scilieet
666 896 775 954 natura
789 911 846 970 per
860 891 1037 970 profectum
1053 891 1279 974 incorruptionis

147 997 279 1060 absorta.

191 1100 241 1163 ⁶20.
267 1098 342 1164 dnm
366 1099 461 1181 igitur
483 1098 634 1178 psalmum
667 1097 749 1163 huuc
772 1107 907 1178 creptum
929 1118 967 1163 ex
989 1120 1130 1180 persona
1154 1100 1276 1165 hominis

148 1224 241 1286 quern
265 1204 446 1283 adsumpsit,
470 1202 711 1276 meminerimus,
735 1201 900 1284 diligenter
930 1207 1146 1270 contuendum
1177 1214 1226 1271 est.
1250 1216 1274 1264 ut

148 1308 375 1391 intellegamus,
400 1307 474 1389 quid
498 1307 650 1371 diuinitati
675 1307 748 1378 eius,
783 1307 856 1390 quid
880 1306 1000 1371 homini
1036 1309 1077 1373 sit
1109 1309 1271 1390 optandum:

148 1420 240 1495 atque
263 1413 314 1487 ita,
336 1417 369 1475 ut
391 1431 518 1475 sensnm
550 1416 687 1474 nostrum
717 1411 808 1475 dictis
831 1411 932 1493 magis
963 1411 1167 1492 applicemus,
1196 1429 1269 1494 quan

149 1538 202 1596 per
237 1515 357 1579 fallacis
391 1513 611 1597 intellegentiae
646 1515 824 1594 opinionem
858 1516 962 1580 sensui
996 1517 1082 1581 dicta
1113 1517 1267 1582 subdemus
1302 1496 1304 1505 ¹

148 1623 189 1685 ait
212 1621 311 1684 enim:
336 1639 409 1701 quo
432 1618 497 1681 ibo
519 1638 538 1681 a
560 1618 711 1698 spiritu
741 1626 818 1696 tuo,
849 1624 916 1682 aut
938 1639 956 1683 a
979 1619 1090 1685 facie
1127 1626 1192 1685 tua
1211 1635 1267 1700 quo

52 1717 56 1727 '
148 1724 326 1807 fugiam?
370 1724 492 1787 diuersa
526 1723 711 1805 significatio
736 1730 783 1788 est
805 1723 931 1803 spiritus
955 1730 1049 1807 atque
1073 1724 1174 1789 faciei.
1213 1728 1266 1785 ets

148 1829 256 1908 spiritu
280 1829 405 1910 quidem
430 1827 557 1899 abibe,
582 1848 600 1890 a
623 1828 700 1892 facie
724 1835 827 1892 autem
850 1828 1013 1911 fugiam.
1060 1823 1266 1908 dehiocsequi·

110 1939 213 1996 stur:
237 1933 270 1996 si
294 1932 521 1996 ascendero
553 1933 590 1995 in
623 1930 769 2005 osclum,
800 1945 839 1996 tu
862 1931 953 1997 illic
977 1953 1035 2010 es;
1070 1934 1104 1997 si
1128 1934 1265 1996 descen·

149 2038 245 2100 doro
280 2037 325 2100 in
354 2036 566 2104 infernum.
601 2036 704 2099 ades.
760 2055 821 2100 non
857 2036 968 2100 eadem
1003 2044 1051 2101 est
1085 2036 1216 2101 escensio
1241 2032 1263 2093 in

149 2139 267 2215 calum,
291 2160 359 2223 quae
383 2146 414 2204 et
437 2140 600 2204 descensio
624 2141 655 2203 in
678 2140 843 2204 infemum.
890 2141 1015 2204 tertium
1032 2142 1146 2206 deinde
1168 2144 1222 2204 est:
1239 2133 1262 2197 si

149 2263 359 2324 sumpsero
393 2244 539 2325 pinnas
573 2263 681 2307 meas
715 2253 806 2308 ante
830 2241 959 2308 lucem
984 2244 1262 2309 ethabitauero

149 2348 187 2411 in
211 2349 434 2428 postremis
458 2348 598 2412 maris:
623 2349 775 2411 etenim
798 2347 897 2412 illuc
924 2368 1062 2413 manns
1086 2355 1151 2412 tua
1171 2346 1261 2410 dedu·

97 2480 101 2491 ·
149 2460 212 2516 cet
235 2473 302 2533 me,
327 2457 365 2516 et
388 2452 548 2516 tenebit
577 2473 635 2516 me
670 2452 840 2516 dextera
863 2458 936 2515 tua.
982 2446 1260 2516 iamnoohominis

148 2555 217 2621 hec
252 2577 312 2621 uox
346 2563 400 2621 est.
436 2563 467 2620 ut
500 2557 610 2636 pinnas
655 2565 764 2632 sumat,
811 2562 843 2621 ut
875 2577 946 2621 suas
981 2568 1093 2630 sumet,
1136 2565 1169 2620 ut
1197 2562 1259 2617 cns

149 2681 297 2726 oceanum
332 2659 460 2736 habitet,
494 2666 527 2724 ut
561 2660 731 2725 deducatur
764 2660 827 2725 illic
860 2681 953 2725 rnaou
988 2662 1048 2737 dei,
1082 2668 1114 2726 ot
1147 2667 1259 2724 teneat-tr

150 2767 277 2830 dextera
309 2765 373 2828 dci:
408 2765 537 2844 potioris
560 2765 643 2829 istud
666 2771 783 2828 nature
806 2777 861 2829 est.
907 2766 1030 2847 etquis
1062 2764 1113 2828 hic
1142 2765 1185 2833 sit
1220 2753 1256 2838 qul

150 2870 343 2933 confidenter
366 2868 432 2932 hacc
454 2870 546 2936 dicat.
569 2869 636 2948 ipsa
659 2869 812 2933 dictorum
835 2869 912 2932 ratio
935 2870 1129 2934 monstrabit

97 3010 122 3047 e
193 2991 242 3053 21.
267 2989 442 3054 Ostendens
465 2991 561 3074 igitur
583 2991 760 3074 unigenitus
784 2992 859 3055 deus
883 3010 959 3063 eam,
984 3010 1054 3073 quse
1070 3010 1172 3071 perse
1187 2983 1254 3050 niu·

149 3093 220 3157 bilis
254 3095 335 3157 facta
357 3100 404 3158 est
427 3099 458 3158 et
481 3097 520 3158 ed
551 3114 645 3176 quarn
675 3114 736 3157 non
767 3099 877 3174 potest.
907 3100 1045 3174 paternae
1076 3082 1257 3158 admirationis

149 3198 389 3270 confessionem,
422 3205 589 3280 utrumque
620 3199 649 3261 in
674 3219 708 3263 se
731 3205 854 3278 tempus
889 3209 920 3263 et
952 3205 1096 3263 naturum
1125 3203 1256 3271 arnonus

149 3302 313 3385 significat,
337 3301 456 3366 seilicet
479 3323 557 3378 eant,
582 3322 642 3385 qua
665 3309 696 3367 et
717 3302 749 3365 in
773 3303 883 3382 spirit-u
906 3308 937 3365 et
959 3302 990 3365 in
1015 3322 1143 3383 corpore
1159 3307 1258 3364 manent

150 3406 259 3470 docuit.
304 3407 474 3471 cumcuim
491 3407 547 3470 ait:
574 3406 735 3490 quoibe
758 3427 777 3470 a
799 3406 950 3486 spiritu
974 3412 1050 3474 tuo.
1068 3414 1186 3487 tempos
1201 3393 1261 3466 illud
1302 3444 1304 3467 2

151 3530 211 3592 qno
235 3517 266 3574 et
288 3511 354 3591 ipse
370 3510 496 3590 spiritus
512 3511 542 3573 iu
559 3511 668 3593 spiritu
684 3517 821 3591 patemae
836 3509 943 3594 glories
955 3520 1027 3574 ante
1039 3509 1265 3590 adsumptionem

150 3613 283 3679 hominis
307 3615 428 3691 mansit,
452 3615 595 3679 ostendit.
640 3635 702 3679 non
726 3615 809 3680 enim
832 3621 934 3696 potest
956 3635 975 3678 a
997 3613 1107 3695 spiritu
1134 3624 1267 3697 quoquam

194 3833 205 3883 l
228 3832 275 3884 dm
293 3842 352 3885 aare
371 3832 478 3885 scilicet
490 3850 562 3902 supr.
575 3850 624 3885 scr.
635 3833 660 3884 P
710 3835 728 3886 2
744 3833 774 3885 in
792 3843 851 3885 ante
869 3832 958 3884 forme
969 3849 1018 3883 cm.
1029 3831 1056 3884 P
1108 3836 1125 3887 6
1143 3826 1276 3887 absonas

149 3918 278 3985 absorpta
291 3919 387 3987 PEcs.
408 3919 520 3986 Georpes
544 3920 637 3987 ll'ortf.
655 3919 675 3972 5
728 3918 904 3972 sdiuinitati
914 3919 969 3971 RE
983 3917 1156 3988 dignitati?
1208 3923 1237 3974 19
1253 3916 1280 3969 al)

82 4020 85 4025 ’
149 4003 249 4071 spiritu
274 4011 322 4058 tuo
341 4006 367 4058 P
427 4007 460 4058 14
480 4005 561 4059 obibo
581 4007 635 4058 Rs
651 4007 768 4074 aquorbo
786 4004 878 4073 (equor
897 4008 924 4057 ie
941 4023 994 4058 res.
1013 4023 1031 4058 a
1049 4023 1083 4059 m.
1103 4005 1134 4073 2)
1154 4008 1180 4061 P
1234 4014 1282 4078 ped

149 4094 241 4143 eutem
260 4091 286 4143 R
303 4094 362 4145 edd.
380 4097 429 4145 tus
491 4094 523 4146 16
542 4092 566 4146 dt
583 4093 643 4147 illic
660 4093 725 4146 ades
743 4093 769 4146 R
830 4094 861 4146 21
889 4109 993 4161 peones
1012 4111 1042 4145 ex
1059 4093 1162 4161 pinnas
1181 4114 1215 4148 m.
1231 4091 1285 4148 31³

150 4194 253 4244 pennas
268 4178 293 4228 P
342 4181 377 4232 22
393 4178 452 4232 illic
472 4180 498 4232 R
513 4179 582 4233 illuc
600 4199 630 4233 ex
647 4180 707 4233 illio
726 4179 794 4240 Pcf.
807 4182 880 4233 Sted.
893 4178 974 4245 1889,
986 4177 1045 4232 321
1101 4184 1138 4237 24
1155 4183 1288 4238 dictorum

150 4282 180 4317 ex
207 4263 347 4317 dicturum
365 4266 391 4318 P
449 4266 617 4320 assata?
666 4267 801 4334 28quoR
853 4264 1135 4335 30qdunochf
1135 4290 1165 4342 p.
1177 4268 1289 4337 mnus.
