2790 4844
343 304 526 353 tractatus
551 300 586 353 in
612 301 784 368 psalmum
808 302 881 354 xla-⁷.
1197 302 1239 368 85

93 487 226 569 locuples
239 495 270 556 et
288 489 408 553 intinita
422 497 454 555 et
470 510 506 554 ex
519 491 663 554 omnibus
680 491 749 555 noui
766 511 801 556 ac
817 492 933 557 ueteris
949 493 1141 557 Testamenti
1159 513 1238 573 prae

96 595 191 672 ceptis
219 594 429 676 institutisque
460 595 616 675 decerpta,
646 593 823 669 infantibus,
848 597 980 671 sentinis,
1004 597 1087 672 uiris,
1111 597 1237 663 senibus

100 697 260 774 aptissima.
283 704 378 780 atque
400 704 434 762 ut
456 698 618 762 breuitatis
641 699 737 778 ipsius
761 699 1025 764 eurrmendahilior
1049 721 1118 766 esse
1141 700 1238 781 possit

103 800 252 879 opulentia,
270 802 345 885 quid
360 802 391 866 in
405 802 535 885 singulis
552 802 655 867 uerbis
668 805 855 869 sacramenti
867 803 915 880 sit,
928 824 1162 886 prosequemur.
1176 825 1237 869 non

108 903 204 969 esthic
219 905 389 987 prophetia,
400 926 460 969 non
477 906 656 979 obscuritas,
672 927 733 970 non
747 907 931 988 exemplum.
948 928 1006 972 uox
1018 908 1237 992 interrogantis
1277 937 1292 974 e

112 1011 158 1081 est
167 1008 278 1074 bonitas
290 1010 515 1091 respondentis,
528 994 722 1075 confirmatio
733 1011 895 1076 audientis.
905 1013 960 1076 sed
973 1012 1004 1076 in
1019 1012 1067 1076 hie
1078 1012 1177 1075 uirtus
1190 1015 1238 1076 est

115 1115 264 1179 contuenda
281 1114 457 1178 uerborum.
481 1115 620 1178 distinxit
644 1115 728 1180 enim
748 1115 805 1179 ita:
830 1115 1058 1181 habitationem
1082 1116 1113 1179 in
1137 1115 1238 1179 taher-

118 1215 214 1293 naculo,
236 1219 373 1301 requiem
396 1218 427 1281 in
447 1226 567 1283 monte:
592 1226 622 1283 et
640 1219 726 1299 prior
745 1225 792 1284 est
812 1219 959 1284 habitatio
979 1220 1009 1283 in
1031 1217 1237 1297 tabernaculo,

121 1321 244 1391 posterior
255 1323 379 1405 requies
396 1322 425 1385 in
440 1328 554 1387 monte.
571 1329 605 1385 ut
617 1342 693 1407 ergo
705 1323 904 1387 habitationis
918 1328 949 1388 et
960 1323 1078 1405 requiei
1092 1323 1236 1387 distantia

121 1417 296 1509 intellegatur,
336 1426 450 1492 montis
481 1433 513 1491 et
543 1426 731 1492 tabernaculi
753 1428 934 1507 proprietas
968 1426 1151 1506 explicanda
1181 1431 1236 1491 est.
1265 1455 1289 1493 ιο

157 1531 177 1597 3.
194 1535 228 1601 llt
250 1536 457 1614 tabernacula,
489 1557 557 1621 quae
589 1539 673 1618 prius
704 1538 800 1603 fuisse
823 1539 967 1621 legimus,
1001 1539 1127 1603 iuemnt
1148 1537 1236 1611 leuia,

124 1635 216 1713 aleca
236 1643 418 1718 arescentia,
441 1645 481 1706 ad
505 1649 627 1722 tempus
651 1663 688 1707 ex
712 1643 872 1707 frondibus
896 1648 986 1721 texta,
1017 1643 1119 1725 qualia
1142 1642 1238 1708 inter-

126 1736 178 1804 dun
196 1765 211 1808 a
230 1747 318 1811 nohis
342 1746 424 1811 effici
449 1747 689 1811 solent‘nitandi
714 1755 806 1811 aest-us
830 1766 930 1819 causa,
953 1752 988 1811 ut
1001 1746 1082 1810 intra
1094 1747 1236 1811 umbram

127 1860 203 1911 atrum
232 1851 376 1915 ardorem
412 1849 484 1915 solis
519 1857 691 1936 aestumque
728 1851 873 1915 uitenms.
920 1851 1007 1915 istius
1038 1850 1121 1915 modi
1152 1849 1236 1916 eninr

129 1946 287 2018 telemacula
321 1953 432 2034 popula
464 1962 536 2019 sunt
565 1974 622 2035 per
645 1954 776 2039 Moysen
808 1956 954 2019 instituta.
999 1955 1055 2020 sed
1078 1955 1147 2020 haec
1169 1973 1236 2020 ere-
1264 1981 1291 2021 rs

128 2045 182 2116 sata
206 2069 273 2122 stunt
302 2064 335 2124 et
366 2059 521 2123 dissoluta.
568 2066 656 2123 erant
687 2059 770 2123 enirn
801 2059 985 2139 imaginaria
1025 2065 1057 2123 et
1086 2058 1168 2124 saeta
1197 2058 1235 2122 ad

128 2160 275 2239 exemplum.
323 2163 367 2227 ait
389 2163 473 2228 enim
498 2164 541 2226 ita
571 2162 647 2228 deus
671 2163 789 2246 Moysi:
819 2163 910 2226 uide
941 2162 1073 2228 iacies
1104 2163 1237 2228 omnia

129 2268 312 2331 secuudum
345 2267 536 2346 speciem,
567 2287 680 2350 quam
713 2266 875 2332 ostendi
912 2266 987 2330 tihi
1021 2267 1059 2330 in
1091 2273 1235 2332 monte.

131 2354 199 2430 huid
218 2389 347 2454 quoque,
374 2370 524 2450 templum
547 2371 702 2435 adificare
725 2377 844 2450 aplane,
867 2370 1097 2435 tabernaculum
1122 2389 1236 2454 eogno—

130 2462 230 2549 mhuuit,
253 2476 344 2539 sicuti
367 2475 425 2539 ait:
449 2495 525 2538 non
550 2474 649 2539 daho
681 2494 859 2538 somnum
884 2473 1015 2538 oculis
1040 2475 1150 2556 meis,
1174 2475 1235 2538 do·
1263 2504 1290 2541 a

130 2579 401 2645 ltoinuenium
433 2578 562 2643 locum
597 2579 776 2656 domino,
815 2577 1124 2643 tabernaculum
1165 2578 1236 2644 deo

130 2663 221 2744 lacot.
265 2685 322 2748 sed
346 2691 379 2747 et
403 2682 502 2766 Moysi
528 2689 558 2747 et
582 2682 754 2747 Salomonis
778 2681 1008 2746 tabernaculum
1033 2682 1181 2758 concidit:
1204 2687 1237 2746 et

131 2769 239 2864 dtilrceps
272 2786 402 2868 apostoli
426 2785 559 2866 plurima
583 2784 780 2851 tabernacula
810 2786 1015 2851 condiderunt
1038 2792 1070 2850 et
1093 2806 1148 2865 per
1170 2805 1237 2849 om·

131 2891 167 2940 tas
182 2889 252 2955 trallis
275 2899 429 2956 terrarum
453 2898 565 2971 partes,
591 2910 786 2973 quacumque
809 2890 887 2954 adiri
911 2896 1021 2970 potest,
1044 2889 1117 2972 quin
1143 2888 1235 2954 etiam

131 2995 155 3040 ⁰1
177 2987 275 3059 Ocertni
314 2993 422 3060 insulis
445 2993 652 3058 habitationes
683 2995 741 3058 deo
771 2992 920 3074 plurimas
957 2998 1151 3073 parauerunt.
1197 2995 1237 3059 de
1264 3022 1291 3060 ee

132 3096 222 3160 lllrun
251 3098 351 3182 gloria
391 3104 522 3163 testatur
553 3098 678 3178 spiritus
709 3104 849 3163 sanctus:
888 3117 1001 3180 quam
1043 3096 1238 3162 amabilia

162 3243 273 3307 llllxon.
293 3254 378 3322 xxV,
397 3259 439 3310 to.
476 3257 511 3310 20
528 3255 571 3308 Ps.
591 3255 710 3321 CXXXI,
729 3258 753 3307 ὃ.
790 3257 824 3308 26
843 3255 886 3308 Pe.
905 3253 1054 3319 Lxxxln,
1073 3253 1097 3307 ⁸2.

160 3390 264 3468 'troque
283 3403 332 3456 VR
385 3403 471 3471 ipsius
490 3422 538 3455 run.
552 3402 577 3452 R
630 3402 848 3456 comendabilior
866 3418 924 3455 esse
943 3420 973 3455 cc
991 3400 1238 3454 comendabiliores

135 3482 209 3537 ban,
224 3507 254 3542 nr.
270 3488 291 3543 3
309 3489 335 3543 R
387 3495 482 3558 posset
512 3491 536 3543 V
585 3493 602 3542 4
627 3490 791 3543 sacramenti
817 3489 854 3545 sit
874 3488 1008 3556 ‘pesquitr
1032 3487 1065 3553 (ti
1090 3487 1126 3541 sit
1147 3505 1178 3555 ,ρ
1196 3504 1238 3539 se·

136 3558 181 3618 ‘hit'
191 3571 278 3639 iares.)
293 3577 318 3629 n
371 3580 388 3631 6
404 3578 463 3629 inde
478 3594 494 3627 c
513 3575 686 3630 confirmatio
702 3579 807 3629 (litterae
822 3592 892 3628 arare.
911 3577 1023 3645 incipere
1041 3577 1144 3627 uidetur
1160 3592 1239 3643 usquc

137 3645 288 3725 “indalicius
303 3681 330 3733 p.
351 3662 397 3726 96,
423 3661 487 3715 21?
511 3662 692 3717 conformatio
723 3663 759 3716 Vr
821 3665 838 3717 8
865 3661 1000 3716 habitatio
1024 3678 1055 3713 er
1080 3660 1186 3715 habitio
1215 3658 1240 3709 R

136 3726 241 3807 'saniei
262 3768 291 3804 e:
315 3748 410 3818 requie
434 3768 467 3803 ru.
493 3749 513 3802 2
544 3750 567 3802 V
619 3753 646 3802 ll
669 3750 790 3819 primum
819 3749 845 3804 V
894 3749 985 3803 laeuis
1008 3748 1033 3800 V
1083 3750 1117 3802 la
1135 3747 1240 3801 caduca

136 3826 221 3897 lisera
243 3849 350 3918 rualli
402 3853 557 3907 arescentia
581 3871 611 3906 ex
635 3851 862 3907 sescentiens?
886 3852 911 3905 V
959 3826 1065 3905 tessta
1089 3852 1240 3905 Vtectah

138 3915 159 3970 ¹⁴
176 3932 252 3989 nata
282 3938 307 3990 V
358 3942 390 3994 te
418 3946 446 3993 ec
474 3938 572 3994 effecta
596 3941 630 3994 ae
655 3941 781 4008 exempto
813 3940 836 3992 r
888 3941 919 3992 n
944 3939 1009 3991 urae
1034 3945 1065 3991 uc
1089 3939 1174 3991 raaia
1199 3938 1240 3990 na

138 4000 159 4099 ll
175 4023 246 4081 opta,
264 4042 294 4077 ns
324 4026 348 4079 V
398 4028 433 4079 22
457 4026 566 4094 Moyses
590 4045 621 4079 er
643 4027 733 4094 Moysi
759 4045 791 4079 nt.
815 4026 835 4079 3
861 4028 884 4078 Ι.)
908 4028 939 4079 de
956 4027 1072 4092 penatiuo
1096 4023 1185 4093 Moysi
1204 4026 1239 4091 ss.

138 4087 188 4185 ¹leae
201 4103 315 4165 l'orrrrerrl.
336 4113 356 4179 l,
380 4112 441 4165 aaa
502 4112 656 4166 Solomonis
683 4114 704 4165 l'
727 4111 867 4166 Salomoni
894 4133 907 4164 r
932 4111 1062 4166 Salomon
1081 4110 1121 4161 ΕΙ)
1174 4127 1240 4163 con·

137 4171 237 4243 lutire
283 4197 329 4252 red
351 4203 380 4253 et
400 4199 532 4268 deinceps
557 4200 581 4252 V
605 4199 653 4253 aed
678 4199 809 4267 deinceps
833 4220 848 4252 r
900 4201 936 4256 24
960 4214 1149 4266 quaecumque
1168 4196 1241 4250 adiri

136 4275 220 4327 mli
235 4282 260 4333 tt
307 4288 342 4339 25
360 4287 388 4339 iu
407 4286 510 4340 Oceani
535 4287 586 4340 Vrh
640 4287 675 4340 do
693 4289 754 4340 add.
773 4307 805 4339 m.
825 4286 845 4339 2
869 4285 897 4340 V.
