2790 4844
382 301 565 349 tractatus
589 295 624 348 in
646 296 819 363 psalmum
838 293 959 347 CXVIII.
1180 292 1243 359 523

96 487 222 551 diceus:
255 473 358 550 uixit
392 494 524 549 autem
547 485 734 549 dominus
764 484 811 548 ad
837 484 1017 567 Moysen:
1042 484 1138 567 quid
1161 504 1245 565 pro-

96 589 254 655 clamas
278 590 323 653 ad
346 587 426 653 me?
471 589 582 654 silebat
604 591 652 653 uir·
674 589 741 665 iIIe;
765 590 819 654 sed
843 589 939 652 oratio
959 587 1031 652 fidei
1047 589 1113 653 eius
1130 587 1245 653 clamor

97 696 139 759 ad
164 695 257 758 deum
281 702 336 758 est.
381 695 468 758 uouit
486 701 517 759 et
537 692 692 773 apostolus
709 692 791 757 hunc
808 694 837 757 in
853 693 929 758 uiris
952 692 1096 758 fidelibus
1120 693 1245 772 spiritus

98 818 170 863 esse
194 797 368 874 clamorem,
403 818 474 863 cum
508 798 596 862 dicit:
632 798 808 881 spiritus
843 799 946 862 enim
981 798 1020 860 in
1051 798 1245 863 cordibus

98 903 256 967 nostris
280 901 443 966 clamat:
468 901 569 966 abba
591 908 714 983 pater.
762 909 903 982 penetrat
925 901 976 967 hic
996 900 1243 967 silentiiclamor
1283 925 1295 961 s

96 1008 250 1090 usquead
268 1026 358 1071 aures
372 1006 429 1083 dei,
442 1006 497 1071 sad
512 1025 603 1071 aures
620 1027 680 1071 nun
696 1006 872 1083 clamorem,
886 1007 940 1071 sed
956 1006 1052 1072 iidem
1068 1006 1243 1071 audientes:

99 1113 206 1183 tidem,
230 1130 300 1194 quae
333 1130 394 1175 non
429 1118 566 1176 terrenas
601 1131 676 1191 opes
710 1119 824 1193 poscat,
858 1131 917 1175 non
953 1112 1083 1196 gloriam
1119 1111 1243 1174 inanem

98 1218 315 1297 caducamque
339 1216 502 1287 desideret,
527 1235 586 1279 non
611 1235 680 1298 quae
703 1217 850 1280 moritura
873 1217 1011 1297 corporis
1040 1216 1153 1300 gaudia
1176 1232 1243 1293 pre·

99 1327 193 1385 cetur.
240 1319 360 1402 exiguis
383 1320 509 1404 quidem
534 1319 681 1403 epistulas
711 1340 783 1384 suas
813 1320 969 1400 apostolus
999 1319 1108 1385 litteris
1139 1317 1246 1383 scribit

99 1438 130 1488 et-
153 1424 330 1489 commuuis
354 1422 422 1488 hare
445 1424 472 1488 ei
496 1423 720 1488 elementorum
737 1433 829 1508 atque
846 1422 974 1504 apicum
984 1425 1086 1490 forma
1108 1434 1165 1503 est,
1190 1413 1245 1486 scd
1273 1439 1298 1478 ιο

100 1528 185 1592 nouit
208 1526 352 1610 ingentes
375 1526 433 1591 has
456 1547 525 1592 esse
550 1527 667 1592 litteras
690 1548 762 1592 suas
786 1530 907 1593 dicens:
939 1547 1030 1593 ecce
1053 1527 1245 1611 qualibus

101 1631 220 1697 uobis
245 1631 402 1696 litteris
426 1632 577 1711 scripsi
594 1652 817 1702 meamann,
834 1634 1080 1716 magnitudinem
1097 1649 1243 1696 sensuum

100 1745 129 1800 et
156 1744 380 1816 praceptorum
396 1735 561 1799 utilitatem
577 1735 687 1801 litteris
702 1736 813 1800 talibus
828 1736 1095 1820 conprehendens.
1134 1734 1247 1799 clamat

100 1841 196 1925 igitur
229 1838 379 1920 propheta
413 1859 449 1904 en
483 1845 545 1903 toto
569 1841 668 1904 corde.
714 1849 745 1905 et
778 1841 850 1923 quia
884 1862 920 1905 er
955 1842 1047 1906 corde
1071 1838 1191 1914 clamat,
1214 1848 1247 1900 ut·

100 1946 253 2022 audiatur,
277 1952 359 2020 orat3
394 1951 426 2008 et
458 1944 579 2008 auditus
614 1942 680 2010 hac
705 1944 845 2024 pustulat,
876 1951 909 2009 ut
942 1943 1172 2009 iustificationes
1195 1940 1245 2005 dci
1273 1958 1298 1994 1⁶

99 2049 253 2132 exquirat.
299 2047 358 2113 scit
380 2046 436 2111 has
467 2067 535 2112 esse
566 2047 701 2113 occuitus
736 2055 765 2113 ot
799 2049 928 2114 latentes
963 2057 993 2113 et
1026 2048 1137 2112 umbra
1167 2043 1245 2129 legis

100 2152 261 2217 obductas.
308 2151 364 2216 has
387 2160 472 2232 optat
494 2152 660 2235 inquirere,
684 2155 722 2217 od
748 2173 824 2237 quas
840 2153 945 2218 multis
960 2173 1038 2235 opus
1055 2152 1094 2216 sit
1108 2148 1241 2233 magnis·

100 2275 163 2338 que
197 2256 299 2331 rebus,
332 2255 468 2320 clamore
502 2258 614 2329 cordis,
649 2258 852 2322 exauditionis
886 2258 1004 2325 merito.
1039 2253 1246 2338 inquisitionis

103 2359 216 2424 officio.

151 2463 177 2528 3.
203 2463 265 2528 Sed
288 2465 341 2546 qui
364 2463 519 2541 clamauit,
542 2472 577 2529 ut
598 2468 755 2530 audiretur
778 2477 808 2531 et
829 2467 999 2550 inquireret
1013 2463 1247 2530 iustificationes
1273 2471 1299 2508 ²⁰

105 2564 166 2635 dei,
199 2587 279 2632 nuuc
313 2567 433 2640 clamat,
468 2580 501 2632 ut
534 2568 637 2633 saluus
671 2571 726 2634 fiat
747 2579 778 2635 et
799 2571 953 2636 custodiat
983 2567 1158 2634 testimonia
1186 2565 1246 2629 dei.

106 2677 227 2747 quantae
250 2682 353 2736 autem
377 2674 539 2737 modestiae
561 2675 702 2738 ordinem
718 2674 832 2739 tenuit!
877 2694 936 2738 uon
954 2675 1059 2738 statim
1078 2671 1245 2736 clamorem

108 2788 198 2838 suum
230 2795 355 2856 sperare
389 2796 480 2841 ausus
514 2786 561 2842 est
594 2778 743 2858 proficere
774 2779 804 2842 in
835 2778 974 2843 salutem.
1019 2778 1104 2858 prius
1127 2775 1191 2851 fuit,
1214 2782 1247 2836 ut

109 2877 260 2944 auditione
282 2880 397 2962 dignus
420 2888 516 2959 esset3
547 2883 632 2961 prius
662 2883 727 2957 fuit,
756 2891 790 2947 ut
812 2882 1045 2947 iustificationes
1068 2880 1245 2963 iuquireret.

109 2986 253 3048 merenda
290 2985 347 3048 ruit
384 2986 514 3061 auditio,
553 2985 729 3051 adhibenda
770 2987 943 3069 inquisitio:
990 2995 1019 3050 et
1056 2984 1141 3049 satus
1178 2987 1247 3063 post
1273 2989 1300 3029 ²⁶

149 3154 162 3204 l
186 3156 270 3212 Exod.
289 3158 361 3223 XIV,
381 3161 421 3213 15.
457 3159 552 3213 auat.
572 3159 617 3225 IV,
637 3163 660 3213 o.
700 3164 726 3213 Il
750 3162 808 3214 Gal.
827 3161 871 3228 VI,
895 3165 934 3214 ll.

145 3342 285 3403 2silebac
312 3368 346 3403 ur
372 3349 452 3413 (corr.
472 3369 504 3402 m.
523 3350 555 3415 2²)
586 3351 633 3403 ille
657 3352 681 3404 V
706 3351 804 3438 silebqt¹
831 3353 875 3437 pir·
903 3351 952 3404 ille
971 3351 1010 3412 (at
1034 3350 1078 3404 uir
1096 3352 1123 3402 ia
1141 3347 1204 3415 ros.)
1223 3349 1249 3401 R

104 3434 208 3537 'ifebat
224 3453 273 3507 ille
294 3454 348 3524 (pu
401 3456 497 3508 derat
518 3456 669 3525 (pacate
722 3455 830 3509 Ienim
850 3474 898 3508 orer.
920 3461 941 3500 Γ
991 3455 1076 3522 disq.
1099 3453 1131 3505 V¹
1185 3456 1276 3531 ‘let'

104 3536 136 3574 ¹¹⁰
160 3536 276 3603 gloriam
300 3539 326 3593 V
376 3542 563 3595 Sutor-iatum
586 3541 611 3596 I'
626 3542 744 3594 moritur
765 3546 787 3590 Γ
837 3543 938 3595 daudia
958 3543 981 3594 t’
1031 3547 1177 3608 praecatur
1200 3540 1249 3594 VR

106 3612 274 3686 deputatas
289 3627 555 3699 I'epistolaaRipla'
605 3628 748 3682 inlitteris
767 3630 788 3682 1'
839 3631 872 3682 10
890 3631 1045 3682 cummunis
1061 3634 1070 3680 1
1078 3631 1083 3647 “
1133 3629 1158 3682 ei
1176 3647 1248 3698 supr.

111 3712 160 3753 Μ·
179 3728 208 3763 ta.
226 3715 239 3765 1
254 3713 278 3762 lt
331 3715 583 3768 aelementorumlt
637 3718 667 3769 ll
687 3715 736 3768 hus
754 3717 881 3784 ingentes
897 3718 932 3785 pt
987 3718 1019 3769 12
1037 3716 1116 3769 uehit
1128 3735 1158 3767 er
1169 3715 1249 3769 nobis

119 3856 153 3897 ¹¹¹·
176 3846 243 3905 .⁹V
294 3854 326 3907 13
351 3854 593 3922 conpraehendens
618 3855 666 3907 Vn
721 3859 752 3907 14
777 3872 811 3907 ex
829 3859 889 3907 toto
907 3855 941 3907 de
960 3854 1042 3908 corde
1069 3855 1091 3906 1⁷
1142 3801 1195 3922 quta
1228 3855 1252 3907 I'

125 3984 269 4044 &sudatur
283 3993 306 4045 C
349 3994 381 4046 15
391 3993 540 4047 exitaditus
550 3993 617 4047 haec
629 3993 651 4045 t)
704 3997 735 4048 16
749 3940 795 4046 has
811 3993 833 4045 i'
884 3992 1124 4047 occultasz-etrt
1141 3994 1250 4048 occulta

125 4080 152 4129 et
174 4078 193 4127 i'
245 4081 275 4132 17
294 4079 373 4132 obtat
401 4082 439 4149 I'p
500 4083 532 4134 18
550 4081 744 4148 inquisitiones
778 4081 802 4133 V
852 4082 887 4133 2‘2
905 4081 1029 4135 tenuitur
1058 4085 1080 4133 t·
1137 4081 1165 4134 iu
1193 4083 1249 4136 cla·

125 4178 215 4221 morem
234 4168 256 4221 C
304 4167 491 4235 ueproficere
511 4169 675 4221 insolutam
701 4168 777 4236 prius
802 4167 856 4221 nisi
882 4167 1092 4222 iustificationes
1110 4162 1140 4221 di
1158 4169 1250 4237 iuqui-

122 4264 189 4311 reret
205 4255 334 4310 merenda
351 4266 395 4307 cet.
414 4256 452 4326 Cp
505 4257 539 4308 ‘25
558 4260 572 4308 ἔ
592 4257 664 4309 salus
684 4256 711 4308 (ἱ
