2790 4844
368 271 546 319 tractatus
566 267 600 319 in
618 268 790 336 psalmum
810 265 926 319 CXLVI.
1153 264 1215 329 845

68 459 157 539 quenl
181 456 212 518 in
236 455 295 521 alio
319 456 438 536 psalmo
461 458 503 522 ita
526 457 642 521 dictum
673 463 734 520 est:
766 457 846 520 nisi
877 454 1215 534 dominusaedili·

69 560 232 625 cauerit
262 559 425 637 domum,
455 561 494 625 in
524 581 668 625 uanum
692 559 890 638 laborant,
914 561 979 644 qui
1002 559 1217 625 aedificant

70 685 174 742 eam3
198 664 480 729 nisidorninus
497 664 744 730 custodierit
767 665 988 742 ciuitatem,
1012 665 1050 729 iu
1073 683 1217 728 uanum

69 767 278 852 uigilebit
302 769 368 852 qui
400 769 582 834 custodit
611 789 702 843 eam,
737 769 852 834 idcirco
876 768 993 834 dietum
1016 768 1121 847 fuisse,
1145 767 1218 850 quia

72 873 269 937 euersionem
292 874 358 937 eius
381 873 476 949 urbis,
507 874 538 936 in
570 893 629 956 que
660 872 809 953 templum
845 872 1101 937 exaedificandum
1124 875 1216 948 esset,
1258 898 1270 934 s

71 975 226 1057 propheta
258 985 474 1056 praenosceret,
516 977 697 1042 meminisse
731 976 798 1042 haeo
831 978 874 1041 ita
906 974 1091 1061 intellegens
1125 975 1219 1040 debet

73 1082 209 1146 eundem
233 1079 317 1145 hunc
339 1081 526 1161 prophetam
553 1081 791 1146 aedificationem
815 1101 892 1157 eam,
917 1101 985 1164 quae
1008 1101 1027 1144 a
1048 1077 1218 1161 Zorobabel

73 1185 210 1249 secundo
244 1186 391 1249 innonata
425 1190 480 1259 est,
505 1195 535 1250 et
557 1186 682 1250 inanem
716 1193 747 1250 et
780 1185 930 1250 caducam
964 1185 1099 1249 suturam
1122 1183 1218 1247 fuisse

75 1309 137 1351 non
173 1289 315 1372 ignorare
350 1290 493 1369 potuisse,
528 1307 629 1373 neque
660 1288 754 1366 illam,
785 1309 853 1372 quae
884 1288 1088 1354 aSalomone
1120 1296 1219 1368 ooepta
1320 1309 1322 1312 ·

74 1401 133 1469 est,
167 1413 228 1456 non
263 1414 281 1456 a
311 1393 368 1457 deo
402 1393 573 1457 institutam
608 1392 721 1458 idcirco
757 1394 880 1468 dixisse,
916 1393 988 1476 quia
1023 1412 1077 1473 per
1110 1411 1219 1476 regem
1247 1416 1271 1452 ιο

75 1496 255 1580 Babyloniae
279 1507 362 1562 esset
385 1497 579 1574 destruenda,
603 1517 674 1562 oum
698 1504 767 1577 post
781 1497 976 1580 septuaginta
992 1498 1105 1562 deinde
1121 1513 1218 1559 annos

75 1621 199 1665 rursum
224 1602 334 1665 eadem
357 1602 398 1664 sit
421 1602 600 1676 reformata;
624 1601 705 1666 hane
720 1622 801 1678 uero,
826 1621 895 1684 quae
911 1621 928 1664 a
944 1599 1114 1666 Zorobabel
1130 1605 1219 1683 gesta

75 1714 132 1779 est,
155 1724 225 1768 esse
248 1705 482 1770 aedificationem
512 1706 561 1770 dei
594 1706 803 1784 predicarem,
838 1725 908 1769 oum
932 1705 1042 1769 exinde
1066 1706 1166 1769 diruta
1189 1708 1220 1766 et

75 1810 143 1873 sine
178 1807 281 1892 aliqua
315 1810 535 1874 restauratione
570 1810 610 1873 sit
633 1809 797 1887 dissoluta;
828 1816 858 1874 et
887 1830 965 1883 eam,
989 1810 1125 1875 dirutam
1147 1807 1220 1872 licet

75 1913 234 1978 renouatio
257 1914 297 1976 sit
320 1919 490 1989 consecuta,
522 1914 647 1978 inanem
671 1921 762 1997 atque
785 1914 955 1978 humanum
979 1924 1082 1978 tamen
1106 1911 1219 1992 praedi-
1247 1936 1272 1973 re

75 2037 174 2091 casse,
207 2015 287 2080 lieno
308 2037 390 2094 uero,
414 2037 483 2100 quae
506 2018 574 2081 sine
596 2037 651 2097 spe
682 2018 910 2082 reformationis
940 2017 1093 2094 acciderit,
1124 2015 1220 2079 diuini

76 2121 179 2202 operis
203 2121 405 2201 perpetuitate
428 2123 586 2186 renouari!
633 2121 699 2187 haec
722 2123 826 2185 omnia
855 2120 1072 2205 intellegentiae
1104 2139 1220 2203 genera

76 2224 173 2289 stulta
195 2233 288 2307 atque
312 2224 441 2288 ridicula
463 2233 542 2288 sunt.

120 2334 148 2392 2.
173 2327 292 2392 Laudat
316 2335 418 2393 autem
443 2328 595 2412 propheto
618 2330 778 2395 dominum
801 2329 1004 2394 aedificantem
1025 2326 1219 2393 Hierusalem

76 2433 173 2509 illam,
197 2452 279 2516 qum
303 2432 470 2497 secundum
495 2433 657 2516 euangelia
688 2435 819 2498 sancti
842 2435 954 2517 regis
978 2432 1219 2508 aelamitae,
1247 2452 1272 2491 uo

76 2538 106 2600 in
124 2557 188 2619 qua
203 2557 259 2618 per
282 2538 439 2601 domiuum
461 2547 659 2621 resurgentes
682 2539 780 2603 sancti
804 2540 1062 2615 demonstrantur,
1086 2557 1154 2620 quae
1178 2537 1222 2599 in·

76 2647 204 2706 uectum
217 2639 299 2720 pullo
311 2641 406 2705 asinae
420 2643 577 2706 dominum
589 2649 765 2707 sanctorum
778 2642 847 2706 lauta
858 2642 1001 2722 suscepit.
1025 2639 1224 2721 corporaliter

78 2753 143 2810 tum
161 2745 288 2828 quidem
305 2744 356 2810 tali
372 2746 512 2810 uectione
528 2745 621 2822 illam,
645 2765 714 2829 quae
736 2746 847 2811 occidit
862 2745 1029 2827 prophetas
1052 2750 1082 2810 et
1104 2743 1224 2827 lapidat
1330 2735 1333 2742 ’

70 2847 243 2930 'apostolos
268 2849 411 2914 dominus
434 2850 592 2934 ingressus
616 2859 676 2915 est:
701 2853 756 2914 sed
781 2850 907 2915 alterius
923 2850 1056 2915 ciuitatis
1080 2859 1146 2913 erat
1168 2846 1222 2912 illa

78 2954 194 3019 latitia.
240 2953 279 3017 ob
314 2953 394 3018 illius
428 2974 502 3039 ergo
536 2954 773 3019 {edificationem
811 2954 961 3035 propheta
999 2973 1054 3017 nos
1091 2953 1222 3016 aduocat
1249 2974 1274 3011 aa

79 3059 201 3124 diceus:
236 3057 402 3122 laudate
426 3059 635 3135 dominum,
668 3061 853 3142 quoniam
884 3059 1012 3123 bonus
1035 3065 1098 3122 est
1120 3053 1223 3137 psal·

81 3182 180 3227 mus:
205 3162 365 3226 domino
388 3168 529 3226 nostro
554 3163 608 3227 sit
630 3163 804 3227 iucunda
825 3162 1019 3227 laudatio.
1066 3159 1222 3225 nonleuis

82 3265 294 3350 gratulationis
316 3265 382 3330 laus
406 3273 461 3343 est,
486 3287 557 3331 cum
580 3268 678 3332 bonus
701 3266 840 3347 psalmus
856 3276 912 3331 est.
958 3275 988 3330 et
1003 3265 1141 3346 psalmus
1159 3283 1221 3328 non

127 3392 136 3440 ι
159 3389 202 3441 es.
223 3388 341 3456 cxxvi,
364 3392 385 3442 ι.
419 3392 455 3444 ao
473 3390 571 3444 matth.
590 3390 622 3456 v,
640 3392 682 3444 es.

123 3495 140 3546 5
160 3491 376 3546 exaedificddum
398 3495 422 3545 G
441 3493 641 3547 aedificandum
654 3494 709 3545 RE
759 3496 775 3546 6
794 3493 952 3546 meminisse
970 3492 1038 3545 haee
1056 3491 1097 3543 ita
1114 3488 1224 3542 intelle·

82 3597 148 3648 gens
167 3580 250 3633 debet
270 3580 321 3632 GR
339 3581 497 3634 meminisse
516 3582 583 3633 haec
602 3582 686 3634 debet
703 3581 743 3634 ita
761 3581 920 3649 intelligens
933 3581 961 3631 E
1012 3582 1029 3632 8
1047 3575 1184 3630 seecundo
1200 3575 1225 3627 R

83 3673 109 3719 et
136 3666 247 3718 inanem
277 3668 302 3718 G
328 3667 438 3719 inanem
467 3669 521 3720 RE
562 3670 588 3740 Ἰ9
607 3672 661 3735 qua
679 3685 695 3721 a
713 3668 852 3720 salomone
872 3667 897 3719 R
957 3670 989 3720 10
1008 3665 1165 3717 institutum
1186 3662 1225 3713 Ge

1139 3758 1153 3786 u

88 3805 268 3858 constitutam
299 3806 339 3857 Ro
405 3808 438 3859 14
455 3811 484 3859 et
509 3807 569 3860 sine
588 3806 680 3872 aliqua
698 3805 888 3859 recordatione
906 3804 940 3870 (l)
962 3804 987 3856 G
1054 3805 1087 3856 18
1114 3800 1223 3854 struo

85 3894 116 3944 19
134 3890 346 3944 haedificantem
375 3893 399 3944 R
452 3895 484 3946 21
505 3895 730 3947 demonstrantur
751 3893 816 3944 GRt
835 3893 1052 3944 demoranture
1104 3888 1225 3942 eadum

83 3982 241 4030 sanctorum
256 3979 280 4028 (ι’
290 3978 432 4031 dominum
451 3980 478 4031 iu
498 3996 547 4047 epe
566 3985 724 4032 sauctorum
735 3980 775 4031 ao
785 3978 927 4031 dominum
940 3977 964 4030 dt
977 3994 1024 4045 spe
1044 3981 1226 4029 sauctorume

83 4067 117 4117 24
135 4071 196 4118 erat
207 4065 273 4117 Gne
284 4066 338 4119 erit
357 4084 369 4117 o
422 4067 455 4118 27
474 4066 529 4119 dl'ro
547 4075 566 4119 fr
585 4066 622 4119 sit
640 4066 759 4119 ineunda
780 4066 804 4117 G
822 4064 877 4117 dr'xo
896 4068 991 4116 nostro
1011 4063 1048 4116 sit
1067 4062 1187 4116 iucunda
1201 4061 1226 4112 R

83 4152 137 4205 dfro
157 4157 252 4205 nostro
265 4152 364 4205 iom'rda
376 4152 412 4205 sit
424 4172 443 4202 α
455 4153 506 4206 deo
525 4159 619 4206 nostro
633 4153 752 4206 iucunda
764 4152 824 4205 sita
876 4154 910 4205 28
926 4168 989 4204 cum
1002 4150 1090 4203 bonus
1104 4149 1225 4217 psalmus

83 4245 124 4290 est
145 4239 170 4290 G
189 4238 267 4291 ouius
285 4241 372 4292 bonus
391 4240 514 4306 psalmus
532 4246 574 4293 est
593 4242 617 4292 lt
635 4239 713 4293 cuius
731 4240 852 4308 psalmus
871 4239 1020 4291 bonusest
1039 4237 1072 4288 E.
