2790 4844
331 292 512 341 tractatus
531 287 566 341 in
584 288 755 357 psalmum
774 289 868 343 CXIX.
1105 290 1169 356 549

69 481 100 544 8.
125 479 184 543 Ad
218 484 270 557 te,
309 478 484 556 domine,
522 499 606 543 cum
644 478 873 544 tribularer
910 478 1099 557 claimaui,
1134 489 1171 546 et

21 583 239 648 exaudisti
273 603 338 648 me.
384 580 583 662 propheticus
613 602 725 657 sermo,
756 582 827 648 licet
855 585 1007 647 communi
1031 605 1090 649 usu
1113 583 1171 649 hu-

23 689 110 752 mani
135 687 287 753 sermonis
311 696 418 762 utatur,
442 695 544 751 tamen
568 707 628 751 non
645 686 787 765 eandem,
811 707 878 771 quae
895 688 1049 752 communi
1066 689 1171 754 sensui

21 793 157 869 adiacet,
182 790 423 876 significantiam
442 790 587 856 continet.
633 810 767 874 namque
783 791 935 874 quamuis,
961 799 1051 872 pirent
1066 812 1171 872 posse-

23 917 98 961 mus
136 895 324 979 intellegere,
358 913 460 959 remm
496 893 664 959 caelestium
699 895 940 960 enuntiationem
974 906 1170 976 temperaret,
1211 926 1223 963 a

23 1001 173 1065 uirtutem
207 1006 313 1065 lamen
346 997 563 1082 significantia
601 1018 664 1063 suae
702 1001 864 1064 moderata
900 999 972 1065 licet
1005 1000 1170 1065 uerborum

23 1103 179 1169 electione
203 1103 345 1168 seruauit.
390 1103 483 1182 coepit
517 1103 598 1166 enim
634 1102 690 1167 ite:
725 1103 771 1167 ad
807 1112 851 1180 te,
887 1104 1055 1178 domiue,
1086 1124 1170 1169 eum

23 1206 255 1274 tribularer
277 1206 461 1283 alamani,
486 1214 522 1270 et
545 1207 753 1271 exaudisti
778 1227 842 1271 me.
888 1208 926 1273 de
950 1209 1170 1274 consuetudine

24 1312 106 1377 torte
130 1320 161 1376 et
183 1331 238 1394 pro
269 1310 396 1375 humani
431 1330 541 1375 sensus
575 1308 736 1375 affectione
771 1311 887 1376 clamer
920 1309 972 1376 hic
1005 1313 1046 1376 ad
1076 1313 1169 1377 deum

23 1415 187 1500 propbeta
210 1415 442 1488 existimabitur,
466 1423 499 1478 ut
521 1415 715 1494 promiscuus
738 1413 790 1480 hic
813 1413 900 1481 dolor
924 1416 977 1493 sit,
1007 1417 1046 1480 eb
1077 1435 1169 1499 quem
1197 1445 1223 1481 n

22 1520 120 1586 etiam
144 1539 213 1584 cum
238 1518 457 1584 uociferatione
477 1520 569 1583 deum
585 1526 736 1599 precetur,
760 1519 833 1602 quia
848 1518 960 1584 multos
976 1527 1027 1584 aut
1042 1518 1169 1600 periculi

25 1636 129 1690 metus
153 1623 324 1706 mortisque
348 1632 453 1689 terror.
477 1631 531 1687 aut
554 1623 659 1686 damni
683 1623 821 1687 anxietas
851 1643 887 1688 ac
917 1625 1054 1704 pecuniae
1077 1624 1170 1699 dolor,

23 1741 76 1793 aut
99 1727 240 1792 orbitatis
264 1727 359 1792 telum
383 1725 586 1809 dolorumque
610 1725 738 1791 uulnera
761 1727 800 1791 ad
823 1728 917 1792 deum
936 1747 1044 1793 uocem
1062 1726 1170 1793 efferre

24 1831 217 1913 conpellunt;
248 1839 408 1914 tamquam
438 1851 500 1895 non
530 1831 633 1894 omnia
663 1850 779 1908 eorum,
814 1850 883 1914 qua
906 1833 1057 1908 accidunt,
1081 1831 1169 1897 bonis

24 1937 141 2017 spebus
165 1936 328 2019 aptissima
351 1936 421 1999 sint.
466 1934 622 2015 apostolus
656 1934 783 1999 dissolui
808 1948 930 2000 etcum
954 1933 1169 2001 Christoesse
1197 1964 1223 2003 ra

27 2041 82 2106 sibi
106 2039 220 2105 melius
244 2060 313 2105 esse
336 2045 472 2117 testatur,
496 2058 603 2105 euram
626 2040 763 2119 pecunia
784 2039 919 2104 radicem
936 2040 1029 2104 totius
1045 2039 1170 2104 malitia

27 2147 223 2221 condemnat,
248 2159 278 2209 et
300 2143 419 2209 lleudos
442 2144 542 2224 potius
564 2143 652 2208 uiuos
675 2142 837 2223 euangelia
860 2144 1015 2208 dixerunt:
1044 2150 1074 2208 et
1097 2144 1171 2226 quid

29 2259 132 2314 contra
164 2247 232 2314 haec
261 2248 336 2314 fidei
358 2253 470 2313 nostrae
505 2247 660 2327 proposito
694 2247 816 2311 firmato
850 2248 906 2312 loci
936 2249 1084 2312 aduersus
1114 2267 1170 2311 nas

29 2353 138 2418 seculo
155 2351 355 2437 relinquetur,
379 2371 447 2417 cum
465 2349 581 2417 Christi
598 2351 784 2415 consortium
801 2371 884 2416 mors
900 2352 1051 2434 adquirat.
1067 2351 1171 2430 iuopia

27 2458 164 2531 pecunia
188 2463 312 2538 prastet
334 2456 469 2537 inopiam
489 2456 617 2536 peccati,
642 2462 815 2521 nostrorum
831 2455 987 2520 abscessio
1004 2455 1068 2535 spei
1086 2474 1169 2519 eom·
1198 2484 1222 2520 to

19 2563 127 2626 munis
151 2561 193 2626 sit
216 2560 385 2626 accelerata
407 2560 606 2640 properatio?

65 2665 96 2729 9.
122 2665 186 2729 Sed
210 2665 235 2728 si
259 2665 327 2729 istra
351 2684 410 2728 non
442 2676 520 2738 sunt,
555 2683 622 2747 quta
654 2683 729 2747 ergo
760 2672 848 2728 erunt
878 2662 1100 2739 tribulationes,
1130 2662 1169 2726 ob

10 2781 103 2845 quas
127 2769 279 2833 clametur
302 2769 342 2832 ad
365 2767 550 2833 dominum?
595 2778 667 2837 suut
683 2767 774 2848 plane
790 2775 821 2832 et
836 2767 986 2845 maximae,
1011 2766 1170 2831 trahentes

10 2883 81 2936 uos
106 2873 136 2937 iu
161 2873 344 2952 protundum
369 2872 495 2952 peccati.
540 2870 692 2951 propheta
715 2872 798 2935 enim
829 2871 990 2935 hominem
1020 2870 1169 2954 gradibus

10 2972 57 3035 td
89 2989 206 3041 aeterna
229 2977 429 3041 scandentem
454 2996 492 3040 er
515 2996 647 3057 persona
670 2996 726 3040 sua
741 2976 887 3054 lormans,
910 2974 1170 3058 quibusrnaxime
1197 3009 1222 3045 u

10 3078 116 3144 nalis
149 3100 260 3145 cauere
294 3081 416 3158 «tabeat,
455 3081 559 3158 decet;
598 3079 647 3144 bis
685 3099 828 3163 nauaque,
867 3098 937 3162 qua·
975 3079 1171 3144 consiliorum

67 3219 90 3270 1
108 3222 147 3273 Sic
159 3221 183 3272 t.
192 3221 210 3273 t.
221 3229 338 3290 repetunt
347 3221 414 3272 bunc
422 3222 492 3273 sacri
500 3229 581 3273 textus
589 3219 744 3273 uadentem
758 3219 807 3271 VR
817 3228 840 3271 et
846 3229 947 3288 ponuat
957 3218 1008 3270 PT
1011 3218 1144 3288 prioribus
1153 3235 1170 3270 a

10 3308 184 3366 *equentibus
201 3323 271 3359 nono
289 3308 455 3377 inscriptione
472 3323 524 3359 non
541 3308 677 3376 separatis.
731 3308 748 3360 3
767 3310 861 3359 utatur
878 3332 913 3341 —
928 3304 1037 3359 adiacet
1054 3322 1102 3357 om.
1122 3304 1172 3357 PT

10 3392 136 3445 utamur
155 3394 180 3446 lt
250 3392 506 3462 leignificantiam
524 3394 604 3447 Rl’E
620 3410 697 3446 suam
715 3390 930 3461 significantiam
950 3392 975 3444 T
1043 3391 1170 3460 quamuis

21 3480 218 3594 lll'opolllemns
229 3533 254 3584 P
303 3535 320 3586 δ
336 3536 506 3602 temperaret
520 3532 574 3585 ΒΡ
585 3532 749 3600 temperarit
760 3532 944 3600 retemperet
959 3548 973 3583 e
1024 3533 1042 3584 8
1057 3530 1090 3583 de
1106 3546 1171 3583 con·

27 3617 172 3674 suetudine
197 3618 270 3672 ferte
295 3619 320 3671 rt
343 3617 378 3672 de
405 3618 603 3672 consuetudine
631 3617 706 3671 euim
732 3617 805 3671 terte
827 3618 905 3670 PTE
958 3619 989 3671 10
1015 3615 1123 3684 profeta
1147 3616 1173 3668 P

34 3691 64 3743 ll
95 3717 150 3758 eum
176 3705 255 3759 Pru
280 3710 313 3759 ed
341 3704 427 3776 (supr.
453 3723 503 3759 aer.
531 3724 564 3759 nr.
593 3704 622 3770 1)
643 3705 669 3757 R
721 3704 906 3773 praeceturR
959 3705 993 3756 12
1011 3703 1104 3756 damni
1122 3708 1170 3757 aut

39 3784 149 3845 mitta
160 3793 184 3843 (ι’
239 3794 272 3847 18
290 3792 357 3846 haec
376 3791 448 3845 l'erre
459 3793 485 3844 P
537 3796 569 3846 tt
588 3797 729 3859 tamquam
747 3808 803 3843 non
823 3791 912 3843 itm
927 3794 1069 3857 tamquam
1081 3805 1133 3840 aas
1144 3790 1170 3843 G

1116 3872 1130 3912 e

47 3930 214 3996 tmnqeeme
266 3929 835 3985 acciduntGeceidantRTEaccedantl’
888 3885 1050 3997 lbspellsG
1068 3944 1116 3996 spe
1136 3888 1170 3981 3R

50 4006 78 4063 ll
88 4015 172 4072 nebu·
185 4034 246 4072 esne
256 4036 286 4072 er
300 4019 414 4087 uatipiia
428 4020 521 4071 codicis
532 4020 556 4066 (ι’
569 4017 669 4070 melius
683 4017 788 4069 RPTE
840 4018 873 4070 18
888 4016 943 4070 1οοί
961 4016 1016 4068 RE
1025 4033 1073 4068 om.
1085 4017 1169 4084 spotia

49 4103 417 4159 weremol'dileetinimiT
446 4099 1170 4184 lt)relinqueturPTErelinquereturlllGrelinqbrr

47 4204 182 4275 tataros.)
201 4210 227 4263 R
279 4211 314 4264 23
332 4208 429 4277 planae
449 4207 485 4261 R¹
539 4208 658 4262 maxime
678 4208 704 4262 P
754 4210 789 4260 24
807 4207 945 4260 homiuem
974 4207 1029 4259 RE
1053 4223 1101 4258 ont.
1122 4204 1172 4256 VI*

43 4290 74 4351 95
89 4294 178 4359 quibu·
196 4295 274 4349 rtPr’
290 4312 306 4349 a
325 4296 425 4364 quibus
445 4296 478 4349 Ε.
