2790 4844
179 243 241 308 356
518 243 635 296 sancti
658 242 796 296 Hilarii
820 241 983 311 episcopi

179 431 355 497 existimant
384 430 461 496 nihil
485 429 667 496 differentis
690 432 721 494 in
745 431 857 507 uerbis,
881 429 958 495 nihil
982 430 1014 493 in
1038 431 1222 504 nominibus.
1248 431 1391 500 nihil

178 535 209 599 in
233 536 326 601 rebus
350 537 488 601 existere.
534 535 588 600 sed
612 536 638 599 si
661 536 743 599 istud
766 535 937 599 communis
961 533 1113 617 conloquii
1134 554 1241 601 sermo
1266 557 1381 603 non

179 640 301 720 patitur,
336 646 368 703 ut
401 639 458 705 sub
493 639 625 705 diuersis
659 658 762 704 remm
796 638 1073 719 nuncupationibus
1107 658 1168 703 non
1199 641 1384 706 diuersa

179 742 352 828 significata
376 764 444 808 esse
460 742 686 827 intellegantur,
710 743 858 826 numquid
883 743 933 807 dei
957 742 1081 826 eloquia
1103 749 1168 807 tam
1191 744 1377 825 inperita

139 874 152 909 a
179 854 210 912 et
232 853 296 912 tam
319 849 446 913 confusa
469 867 538 912 esse
561 848 734 924 credemus,
757 854 790 910 ut
813 854 866 911 aut
885 847 987 927 inopia
1009 847 1186 923 uerbomm,
1210 849 1376 932 quihus

177 958 344 1028 uterentur,
368 950 576 1016 laborauorint
599 959 651 1015 aut
673 950 905 1015 distinctionum
929 970 1045 1033 genera
1067 951 1262 1018 nescierint?

223 1073 251 1136 3.
278 1071 386 1137 Plures
410 1073 492 1136 enim
509 1092 580 1137 cum
595 1073 723 1136 audiunt
738 1071 851 1156 legem,
874 1070 1133 1150 iustificationem‚
1158 1081 1369 1158 praeceplza,

178 1178 360 1252 testimonia,
384 1177 505 1252 iudicia,
530 1197 599 1259 quae
623 1177 727 1240 omnia
750 1175 878 1260 Moyses
902 1175 959 1240 sub
983 1174 1108 1240 diuersa
1128 1178 1370 1244 uniuscuius-

179 1301 239 1365 que
261 1282 386 1364 generis
410 1281 521 1345 uirtute
545 1281 703 1360 disposuit,
727 1300 823 1344 unum
838 1286 930 1362 atque
946 1278 1027 1344 idem
1045 1299 1115 1345 esse
1130 1282 1364 1347 existiment:

127 1410 151 1445 ιο
178 1387 357 1469 ignorantes
380 1384 461 1450 aliud
484 1385 594 1469 legem,
619 1384 700 1449 aliud
723 1383 980 1459 iustificationum,
1011 1383 1093 1448 aliud
1124 1394 1362 1467 preceptum,

177 1488 260 1554 aliud
295 1490 512 1567 testimonium,
546 1489 629 1553 aliud
665 1509 734 1554 esse
768 1489 933 1565 iudicium;
967 1507 1036 1571 quae
1070 1487 1204 1553 multum
1240 1511 1258 1554 a
1304 1510 1359 1555 se

179 1591 304 1658 differre
327 1598 358 1657 ot
380 1593 566 1671 discrepare,
591 1593 678 1657 testis
702 1592 791 1657 nobis
815 1600 863 1657 est
878 1597 1004 1657 octauus
1020 1592 1160 1657 decimus
1175 1592 1353 1674 psalmus,

179 1717 240 1780 quo
274 1697 447 1761 continetur
480 1697 651 1779 proprietas
684 1696 925 1779 uniuscuiusque
960 1702 993 1761 et
1025 1697 1263 1776 nuncupationis
1307 1702 1350 1760 et

178 1802 312 1884 generis.
358 1801 422 1865 les
456 1802 539 1865 enim
577 1802 730 1865 domini
768 1799 1035 1875 inmaculata,
1073 1807 1344 1866 conuertens

126 1904 359 1968 inanimam.
418 1905 700 1970 testimonium
738 1905 890 1969 domini
937 1903 1081 1979 fidele,
1127 1906 1341 1970 erudiens

178 2008 378 2090 paruulos.
402 2006 1175 2085 iustitiaedominIrectae‚laetisicantes
1192 2007 1337 2073 corda.

179 2119 424 2193 praeceptum
459 2100 610 2176 domini
645 2112 840 2188 lucidum,
878 2111 1133 2176 inluminans
1170 2112 1334 2178 oculos·

178 2217 298 2281 timor
322 2217 477 2280 domini
502 2225 678 2292 sanctus,
702 2235 948 2297 permanens
971 2217 1008 2279 in
1040 2216 1231 2281 sarculum
1254 2230 1336 2278 ste*

178 2311 266 2385 culiss
312 2321 466 2385 iudicia
501 2321 652 2384 domini
690 2341 793 2397 uera,
831 2318 1067 2385 iustificata
1104 2321 1143 2384 in
1181 2320 1340 2401 ipsum·

126 2448 151 2486 πο
178 2432 249 2490 sunt
272 2445 347 2509 ergo
370 2425 523 2489 distantiae
552 2426 584 2488 iu
618 2424 749 2508 singulis
783 2425 957 2507 quibusque
991 2423 1084 2488 rebus
1108 2433 1140 2489 et
1161 2412 1345 2505 prudenriss

177 2537 269 2612 atque
293 2528 501 2613 Intellegentia
523 2529 581 2592 uiri
605 2535 651 2593 ost
674 2529 704 2592 in
724 2528 781 2605 his,
806 2548 874 2611 qua>
895 2528 1007 2608 scripta
1030 2533 1110 2605 sunt,
1134 2525 1355 2610 diuorum

178 2632 229 2697 ubi
254 2633 311 2707 lon,
336 2632 387 2696 ubi
411 2639 607 2713 praeceptum,
630 2632 682 2697 ubi
707 2632 891 2707 testimonia,
925 2632 976 2695 ubi
1002 2629 1239 2705 iustificationes,
1259 2619 1363 2711 οὔῆ

177 2737 290 2801 iudicia
313 2737 476 2801 constituta
499 2738 575 2801 sint:
599 2757 638 2801 ne
662 2735 722 2813 illa,
746 2756 816 2819 quea
839 2755 943 2800 sermo
961 2734 1162 2816 propheticus
1185 2699 1367 2799 miratffl

177 2842 416 2925 uniuscuiusque
428 2842 473 2905 rei
488 2842 675 2921 proprietate
698 2840 844 2915 distinxit,
858 2861 895 2904 ea
909 2840 1092 2923 ignorantie
1108 2846 1220 2904 nostra
1234 2822 1372 2902 infi('

125 2966 151 3003 ss
179 2946 268 3010 mitae
291 2946 414 3010 indocto
435 2945 586 3025 inperitia
610 2945 751 3025 opinione
775 2945 951 3008 contundat.
997 2945 1102 3026 itaque
1125 2963 1182 3024 per
1203 2921 1378 3007 utere)

178 3048 318 3134 singulos
352 3049 420 3113 haeo
452 3050 556 3113 omnia
590 3050 741 3113 maximus
776 3058 807 3113 et
839 3047 917 3112 ultra
948 3055 1067 3112 ceteros
1091 3047 1292 3128 copiosIssimu
1366 3024 1380 3068 ⁸

179 3153 315 3233 psalmus
338 3154 395 3218 iste
419 3153 572 3230 discredit,
597 3162 629 3216 ut
651 3173 707 3234 per
729 3152 797 3216 haec
819 3152 985 3217 uerborum
1006 3149 1158 3216 elementa
1175 3113 1380 3216 ortdorff

223 3348 255 3398 14
274 3345 317 3397 Ps.
336 3343 435 3411 XVIII,
453 3347 470 3396 8
490 3362 529 3411 sq.

223 3538 236 3588 l
255 3535 589 3588 nominibusexomnibus
601 3534 708 3586 c'oeroa
728 3534 756 3586 in
776 3533 932 3586 nominibus
952 3532 1021 3585 nihil
1040 3550 1088 3586 om.
1105 3532 1130 3586 V
1180 3535 1197 3586 2
1215 3533 1280 3586 istut
1293 3520 1354 3609 ἢ

177 3624 240 3675 δεῖ
259 3640 307 3675 om.
327 3622 365 3689 Cp
418 3622 555 3674 credimus
576 3620 670 3690 nepa
721 3624 787 3673 dut
805 3619 1018 3673 distinctionum
1037 3619 1063 3672 R
1116 3620 1274 3674 nescierunt
1295 3612 1341 3668 Is

177 3711 194 3762 8
221 3707 436 3775 uniuscuiusque
463 3707 571 3772 (uniusc
598 3710 614 3759 i.
644 3705 707 3771 ras.)
727 3708 752 3759 R
804 3710 820 3760 9
850 3708 940 3774 adque
964 3706 1012 3759 VR
1068 3705 1233 3761 existimant
1257 3691 1335 3777 Cpb‘

179 3797 212 3848 10
239 3795 309 3848 aliut
334 3795 356 3846 V
414 3794 489 3846 aliud
516 3793 740 3847 iustificationem
767 3811 797 3846 ex
823 3793 900 3846 aliud
927 3793 1017 3861 legem
1044 3791 1271 3848 iustificationem
1288 3811 1323 3846 m-

178 3880 236 3934 L‘IV
289 3883 320 3934 14
339 3881 500 3934 dominiom.
519 3882 541 3933 V
592 3880 791 3934 conuertansU
837 3882 868 3934 15
887 3879 1055 3933 animasCE
1101 3881 1134 3932 le
1153 3882 1283 3948 paruolus
1299 3872 1326 3930 V

182 3973 211 4023 19
230 3966 378 4021 iustificata
405 3968 433 4020 in
461 3968 626 4035 semetipsa
646 3969 698 4036 t'pe
751 3968 782 4021 21
803 3968 891 4034 adque
915 3965 988 4020 VRC
1039 3966 1201 4022 discernere
1220 3986 1251 4022 en
1268 3967 1317 4021 dis·

178 4071 260 4108 cerne
288 4053 359 4106 aa?
383 4055 407 4106 V
456 4057 491 4107 22
509 4054 697 4108 testimonium
712 4055 762 4125 pE
812 4055 847 4106 23
866 4053 922 4107 sint
946 4072 976 4107 aa
1002 4053 1040 4106 sit
1066 4051 1138 4105 aa?
1163 4054 1189 4107 V
1239 4071 1275 4109 nc
1291 4057 1320 4109 In

178 4141 265 4194 illaIl
318 4159 387 4208 quae
406 4160 435 4193 er
454 4159 478 4208 q.
498 4142 564 4193 na?
583 4143 605 4194 V
655 4143 689 4192 24
702 4140 741 4194 rei
755 4160 802 4193 om.
824 4139 885 4211 VCp
938 4139 1084 4194 distincxit
1103 4140 1321 4197 Vdistinxsites
1394 4161 1395 4164 ’

178 4228 317 4281 distincsit
337 4231 359 4280 C
408 4231 442 4281 27
462 4229 528 4281 istae
548 4229 573 4281 Il
626 4228 776 4281 crediderit
800 4228 828 4280 V.
902 4231 905 4235 ’
