2790 4844
153 225 213 290 100
490 228 608 280 naneti
633 228 771 282 Hilarii
795 231 957 298 episcopi

151 421 188 482 in
224 419 566 494 t'ortitudinesuu,
597 438 727 505 neque
762 419 875 483 diues
910 420 946 481 in
984 421 1151 484 diuitiis
1197 423 1296 486 silis:

150 524 220 588 sed
244 523 309 605 qui
334 522 549 606 gloriatur.
574 522 796 585 indumine
824 522 1039 605 glorietur.
1084 525 1188 588 uetitis
1212 527 1296 589 enim

151 628 281 707 primum
316 625 514 706 inprobabilis
537 625 644 708 gloriae
668 625 768 689 causis
792 645 918 690 eausam
946 647 1067 690 rursum
1092 626 1198 710 glorian
1223 648 1295 692 eon·

152 731 285 811 petentis
309 730 452 794 ostendit.
498 751 558 812 quo
582 730 723 809 exemplo
755 730 863 794 beatus
898 729 1052 810 apostolus
1076 731 1136 795 seit
1158 732 1189 795 in
1214 730 1297 796 nullo

100 864 123 898 a
151 834 209 900 sibi
243 834 302 897 nisi
326 834 356 897 in
380 854 440 897 nno
464 840 582 896 tantum
606 832 809 917 gloriandum,
844 853 914 897 enm
945 834 1003 897 ait:
1034 832 1132 898 mini
1162 844 1294 898 auteui

150 939 260 1003 absit
290 937 481 1021 gloriari,
513 938 592 1001 uisi
628 938 666 1000 in
701 958 820 1002 eruce
852 937 1005 1000 domini
1036 938 1167 1002 nostri
1201 938 1296 1002 iesu

151 1041 325 1116 Christi,
357 1062 564 1123 perquem
597 1041 693 1104 mihi
717 1044 885 1106 mundus
909 1042 1137 1106 erueii'inus
1169 1051 1231 1106 est
1258 1056 1297 1106 et

151 1167 219 1231 ego
243 1166 329 1210 rnnn
341 1147 396 1210 do.
441 1166 501 1209 non
526 1165 601 1228 ergo
618 1144 716 1229 gloria
731 1125 914 1220 istiusmodi,
938 1147 994 1210 sed
1010 1146 1107 1228 gioria
1123 1146 1296 1229 iniquitatis

150 1249 293 1327 offendit;
317 1258 348 1314 et
371 1250 436 1313 eius
459 1249 638 1331 iniquitotiu
670 1270 738 1331 quau
762 1249 811 1313 die
836 1255 898 1313 tota
922 1250 970 1313 sit.
1016 1249 1098 1313 diein
1122 1270 1179 1329 pro
1201 1259 1296 1315 aetate

99 1385 122 1418 lo
150 1354 199 1419 nei
224 1361 362 1434 tompore
386 1352 521 1417 hominis
545 1354 713 1432 nuncupari
730 1352 828 1416 solere
846 1353 1053 1431 meminimus,
1078 1373 1147 1417 eum
1169 1354 1295 1418 dieitur:

150 1458 253 1523 diem
278 1456 455 1520 hominis
479 1477 553 1519 non
577 1457 804 1536 oiineupiui,
828 1456 874 1520 uei
899 1476 1021 1521 rursum
1044 1476 1113 1521 euin
1133 1457 1295 1522 Abraham

150 1562 233 1626 diem
256 1561 370 1625 domini
403 1561 600 1636 desiderauit,
631 1562 678 1624 net
704 1581 771 1624 cuni
804 1560 957 1640 apostolus
989 1568 1106 1625 satanae
1137 1562 1233 1625 tradit
1265 1563 1296 1625 iu

151 1666 307 1729 interitum
332 1665 441 1732 carnia.
464 1672 497 1728 ut
520 1664 645 1743 spiritus
670 1664 772 1728 saluus
796 1665 836 1727 sit
859 1665 888 1727 in
913 1666 962 1728 dio
984 1665 1109 1739 domini,
1133 1686 1192 1728 non
1213 1663 1296 1730 huno

151 1769 232 1832 diem
257 1777 323 1832 ortu
348 1767 420 1832 uotis
443 1787 614 1849 oceanique
638 1768 768 1842 finit-iun,
793 1769 849 1832 sed
873 1769 955 1832 diem
974 1769 1130 1832 constituti
1144 1770 1297 1848 temporis

98 1902 123 1937 1⁶
150 1871 197 1936 uei
222 1872 322 1936 utatis
346 1873 522 1936 ostendens.
570 1880 678 1951 potens
702 1891 776 1954 ergo
808 1873 836 1934 in
865 1872 980 1936 malitia
1010 1873 1160 1956 gloriatin·
1183 1873 1283 1956 iniqui

150 1984 248 2040 tatem
275 1983 337 2040 tota
360 1976 420 2040 die.

193 2078 221 2143 6.
248 2079 309 2143 Sed
334 2079 472 2143 absolute
497 2078 691 2163 intellegitur,
716 2080 747 2142 in
762 2079 845 2143 Doee
870 2100 1032 2158 personam
1050 2081 1198 2142 rationein
1217 2101 1295 2162 que·

149 2182 233 2246 rolla¹
259 2182 347 2246 linitis
370 2204 431 2245 uon
456 2183 632 2246 conuenire.
678 2183 752 2264 quid
783 2182 865 2245 enini
898 2183 1042 2262 potentie
1066 2182 1202 2247 habeba-t
1228 2205 1296 2248 nnu-

149 2286 246 2351 loruin
281 2297 383 2350 (siluros
408 2296 438 2350 ot
462 2287 507 2350 ine
531 2287 562 2349 in
593 2285 737 2349 animalia
768 2286 918 2349 neat-ionis
949 2287 1044 2368 regiae
1075 2286 1209 2366 sortituS,
1242 2300 1296 2352 aut

98 2422 122 2455 20
150 2399 266 2454 tantuin
292 2391 438 2454 nuntians
466 2390 562 2454 Dauid
591 2391 717 2454 domum
742 2389 928 2453 Abimoleeh
961 2391 1159 2473 ingressum?
1207 2413 1295 2455 num·

150 2494 225 2576 qnid
250 2504 313 2557 tota
336 2495 385 2558 dio
409 2494 602 2576 iniquitatem
628 2495 799 2577 gloriatur?
842 2515 951 2558 neroni
975 2495 1031 2557 sub
1063 2514 1196 2573 persona
1228 2497 1294 2560 eins

151 2598 287 2678 populus,
321 2599 368 2662 eni
399 2599 499 2662 ‹unnis
523 2599 552 2660 in
578 2598 738 2679 iniquitute
773 2607 848 2661 antus
880 2597 945 2673 tuit,
981 2596 1028 2662 eni
1065 2619 1102 2662 ex
1134 2606 1293 2677 potentatu

150 2702 275 2766 malitiae
309 2701 407 2785 gloria
436 2702 607 2784 iniquitatis
639 2701 734 2780 ipsius
764 2701 940 2778 abundauit,
972 2701 1142 2786 significari
1174 2703 1293 2767 intelle·

150 2807 271 2891 gendos
306 2812 362 2870 est.
419 2813 527 2884 potens
562 2806 646 2869 enini
680 2805 743 2878 init,
778 2825 848 2869 oum
883 2807 1022 2869 seruiens
1057 2806 1241 2870 uisitabatur
1274 2829 1292 2870 a

98 2941 122 2976 aa
150 2911 282 2984 domino,
313 2930 381 2973 eum
414 2917 538 2989 propter
561 2931 631 2972 euiu
663 2918 708 2972 tot
739 2908 838 2992 plagis
869 2930 1016 2989 pereussa
1039 2911 1205 2993 Aegyptus
1237 2922 1291 2986 ost

191 3053 208 3102 ὅ
227 3050 314 3102 Galat.
336 3048 382 3116 Vl,
404 3052 442 3101 11.
483 3053 511 3102 11
531 3049 651 3101 Hierem.
672 3049 755 3115 xt‘ll,
776 3051 816 3102 16.

191 3221 274 3275 2ned
298 3239 346 3273 oni.
366 3223 438 3308 ΡΤ.
475 3223 603 3274 3eausis
622 3249 656 3257 -
674 3221 779 3288 gloriae
798 3240 846 3273 oua
871 3222 894 3274 V
956 3226 1056 3276 desse
1083 3222 1290 3291 gloriandum

148 3310 322 3362 tinerueem
342 3309 362 3360 V
413 3309 469 3360 ihm
480 3317 527 3376 xpi
547 3309 566 3360 t'
618 3310 680 3360 7et
699 3325 750 3375 ego
769 3310 871 3360 mondo
888 3327 917 3360 ex
936 3314 964 3361 et
982 3324 1033 3375 ego
1052 3308 1171 3361 mundus
1191 3310 1256 3361 aaz)
1273 3310 1293 3361 Ρ

147 3398 170 3460 11Ι
188 3405 247 3447 unte
272 3412 327 3447 uon
352 3411 418 3462 ergo
446 3397 470 3446 11
494 3398 520 3446 iu
546 3397 662 3462 irini-piae
681 3397 756 3446 odd:
782 3393 852 3446 ῑιῶ
870 3393 1017 3462 gloriando
1035 3395 1065 3447 in
1083 3395 1191 3448 malitia
1244 3397 1291 3449 aed

147 3481 237 3551 gloria
255 3500 285 3534 eu
302 3482 349 3534 ned
368 3482 482 3549 gloriari
497 3500 529 3533 m.
545 3485 565 3532 :1
584 3482 605 3534 Ρ
622 3488 650 3534 et
668 3481 758 3548 gloria
772 3483 821 3533 ΡΤ
872 3484 889 3535 9
907 3480 1023 3533 offendit
1034 3506 1069 3589 ἶ
1081 3497 1151 3548 quae
1170 3483 1197 3533 iu
1211 3499 1293 3549 auom.

146 3604 385 3673 enp.udd.m.2)t'
439 3607 469 3656 10
487 3602 611 3656 homines
631 3603 652 3653 i'
704 3606 735 3656 11
754 3603 847 3670 eupiui
862 3602 886 3653 Ρ
939 3603 971 3655 13
989 3601 1068 3654 salue
1086 3602 1257 3668 (σοι-1111)
1275 3605 1297 3656 V

147 3691 176 3743 iu
195 3690 239 3743 die
260 3690 298 3742 ne
353 3692 384 3742 15
405 3689 541 3757 gloriatur
565 3690 711 3757 iniquitate
733 3691 756 3741 R
780 3689 917 3758 gloriatur
942 3689 1089 3756 iniquitate
1110 3691 1134 3740 Ρ
1155 3689 1297 3757 gloriatur

148 3778 176 3830 in
195 3776 369 3844 iniquit-ateio
384 3775 549 3844 t'gloriatnr
569 3776 596 3828 in
615 3776 762 3842 iniquitate
773 3776 825 3827 ΤΕ
878 3778 910 3827 17
923 3773 1041 3841 pereuni
1054 3773 1076 3821 lt
1089 3791 1208 3842 persona
1223 3777 1300 3830 t't’a'

143 3873 202 3932 post
221 3862 338 3929 persone
351 3863 376 3914 u
393 3881 473 3930 supro
492 3863 577 3915 nm&
631 3862 786 3929 quaerellae
806 3861 830 3910 R
849 3861 1019 3928 quaerelae!
1082 3864 1115 3914 18
1133 3878 1190 3915 non
1210 3881 1260 3916 ουι.
1276 3867 1299 3918 t'

147 3949 285 4002 mulorum
307 3948 366 4014 (onii
389 3952 414 4001 ia
436 3948 498 4015 rus.)
521 3951 544 4001 u
565 3950 672 4002 malurn
690 3949 710 4001 V
761 3951 796 4000 20
811 3947 988 4001 Abimeleeeh
1008 3966 1037 3998 aa·
1050 3947 1245 4004 Abimelieceh
1263 3953 1296 4006 V·

146 4036 178 4088 21
191 4035 366 4102 iniquitatem
384 4036 405 4087 1'
416 4036 443 4088 in
459 4035 606 4104 iniquitate
619 4038 642 4088 n
652 4036 799 4103 iniquitate
812 4036 835 4087 P
848 4035 876 4087 in
891 4033 1037 4100 iniquitate
1049 4034 1102 4085 ΤΕ
1152 4037 1188 4088 ‘22
1205 4041 1300 4095 omnis

145 4121 293 4189 iniquitate
312 4142 341 4172 ur
360 4139 454 4176 omnes
473 4123 620 4190 iniquitate
640 4143 671 4174 m.
687 4124 707 4174 ἑ)
723 4123 746 4174 i'
796 4138 831 4174 ex
849 4128 1022 4189 potentatum
1040 4120 1063 4171 Γ
1112 4122 1147 4174 ad
1165 4127 1300 4182 seruiens

146 4226 208 4263 eum
228 4211 278 4262 PT
329 4211 459 4263 uisitatnr
486 4211 531 4262 Va
584 4210 653 4263 add
680 4211 729 4264 ΤΡ.

1021 3861 1030 3888 )
