2790 4844
150 232 213 298 452
501 230 619 284 saneti
644 231 776 284 Hilarii
801 231 960 300 episcopi

195 423 222 486 3.
246 420 307 486 Sed
330 421 362 485 hi
387 440 467 485 nuno
491 419 570 485 oculi
592 420 760 502 prophetae,
795 419 867 486 lieet
897 422 1058 485 domiuum
1081 421 1187 486 uidere
1207 414 1272 483 desi·

70 547 72 551 ·
150 527 333 603 domuerint,
363 545 424 589 non
448 531 519 589 suut
542 534 646 590 tamen
670 526 808 605 eorporis
843 525 938 594 oculi:
973 524 1113 590 locuntur
1147 524 1224 590 enim
1250 524 1272 583 et

150 637 320 712 expectant,
352 638 384 695 et
413 630 527 694 mentis
558 630 656 709 potius
687 637 733 693 est
767 630 912 694 contuitio
934 631 993 694 ista
1015 639 1045 694 et
1068 628 1205 713 loquella,
1227 641 1271 690 um

150 737 293 816 corporis
339 734 567 799 dieuntenim:
604 735 761 818 quando
793 732 1085 799 exhortaberis
1109 736 1189 798 mel
1230 727 1272 795 soit

96 867 109 904 a
151 839 394 905 exhortationem
420 837 499 902 hano
522 844 644 902 sanatos
668 837 863 921 quiescentes
894 839 924 902 iu
955 837 1076 903 inferno
1107 838 1273 902 desiderare.

151 944 209 1009 seit
242 950 375 1008 testante
408 941 546 1023 apostolo
569 942 669 1018 Petro,
705 943 913 1007 descendente
947 943 977 1006 in
1012 942 1135 1007 inferna
1168 939 1272 1005 domim

151 1049 241 1114 etiarn
264 1046 322 1123 his,
347 1047 453 1129 quiin
477 1066 600 1111 caruere
625 1052 712 1110 eraut
742 1052 772 1111 et
802 1045 951 1112 inereduli
983 1046 1141 1129 quondam
1172 1045 1272 1108 fueraut

149 1154 181 1217 iu
206 1153 314 1217 diebus
337 1150 413 1219 Noe,
438 1150 678 1215 exhortationem
697 1150 895 1229 praedicatam
919 1151 1022 1215 fuisse.
1068 1151 1099 1214 iu
1116 1149 1182 1214 haeo
1198 1147 1272 1232 igitur

150 1257 200 1322 dei
225 1255 346 1337 eloquia
369 1253 464 1319 ooulis
487 1253 683 1336 loquentibus
718 1254 838 1333 defecit,
870 1274 931 1319 uon
962 1261 1025 1319 tam
1055 1254 1125 1319 uisu
1148 1267 1272 1333 corporeo

99 1387 123 1423 ιο
152 1360 309 1424 domiuum
326 1379 362 1423 er
379 1358 508 1441 eloquiis
524 1358 573 1422 dei
598 1359 768 1423 nuntiatum
793 1377 884 1441 quam
909 1357 1167 1439 contemplatione
1180 1356 1270 1419 anima

151 1475 182 1529 et
205 1464 316 1528 mentis
340 1470 514 1543 expectans.

195 1568 222 1632 l.
248 1567 368 1653 Debine
392 1567 545 1651 sequitur:
581 1567 675 1648 quia
710 1566 845 1631 factus
879 1587 959 1631 sum
995 1567 1103 1631 siout
1135 1573 1219 1631 uter
1242 1560 1271 1623 ir

151 1672 303 1753 pruina,
328 1671 658 1736 iustificationes
690 1677 777 1735 tuas
807 1691 881 1734 nou
906 1690 990 1734 sum
1013 1669 1176 1734 oblitus.
1217 1661 1271 1731 uoui

151 1777 277 1860 generis
300 1775 367 1840 haus
391 1796 483 1841 eausa
506 1789 561 1853 est,
597 1775 720 1840 ntideo
750 1774 981 1839 iustificationes
1013 1774 1063 1840 dei
1095 1794 1153 1838 nou
1181 1770 1270 1836 oblitu

100 1905 125 1944 1⁵
152 1881 200 1957 sit,
224 1879 295 1963 quia
318 1880 417 1944 fastus
441 1880 480 1944 sit
504 1880 581 1944 siout
602 1886 671 1944 uter
693 1879 724 1942 in
749 1879 866 1959 pruina.
911 1879 980 1944 etsi
997 1898 1063 1943 rem
1080 1877 1153 1943 solis
1168 1874 1269 1940 auribus

152 1984 324 2059 metiamur,
358 1984 459 2047 iuauis
489 1990 518 2048 et
548 1983 696 2049 ridiculus
731 1982 889 2064 prophetae
924 2003 1025 2048 sermo
1060 1979 1268 2048 existimabitur·

152 2091 209 2154 sed
232 2089 375 2153 meminit
397 2095 496 2153 utrem
519 2108 574 2167 pro
598 2087 740 2152 humanis
763 2087 943 2167 corporibus
965 2088 1144 2168 nuncupari,
1166 2080 1270 2150 'domim

151 2193 182 2257 in
206 2191 375 2275 euangeliis
399 2193 534 2256 diceuts:
559 2210 679 2267 nomo,
701 2191 809 2274 iuquit,
833 2191 961 2255 mittit
984 2212 1004 2255 u
1032 2210 1120 2256 uum
1151 2195 1272 2254 uouuffl

152 2297 191 2361 in
214 2304 326 2362 utres
349 2303 519 2361 ueteres.
565 2303 596 2360 et
618 2315 678 2359 non
701 2295 868 2379 ambigitur
890 2315 961 2360 eum
985 2295 1017 2359 iu
1032 2295 1151 2360 utribus
1166 2295 1276 2373 corpori

100 2423 125 2461 aa
153 2402 185 2464 in
219 2400 352 2481 peooatis
387 2400 450 2464 suis
484 2409 610 2465 ueterna
644 2419 841 2464 memorasse.
887 2420 943 2480 per
973 2396 1280 2464 continentiarum

152 2505 288 2570 studium
322 2503 438 2588 frigent
472 2503 612 2568 fidelium
643 2522 770 2584 corpora
801 2510 832 2567 et
861 2502 962 2568 calore
993 2512 1110 2568 naturas
1140 2483 1284 2566 interioris

153 2608 286 2673 extincto
309 2614 392 2672 utres
416 2615 503 2672 eruut
526 2607 643 2690 frigidi,
675 2627 751 2690 quae,
775 2626 843 2671 cum
867 2607 1052 2672 intrinsecus
1075 2627 1131 2688 per
1153 2599 1288 2670 naturam

152 2712 293 2777 uitiorum
311 2712 532 2776 eoferueutium
552 2711 748 2788 incalescant,
772 2710 960 2776 extrinsecus
976 2717 1082 2777 tamen
1098 2691 1293 2776 ooutiuaniiae

153 2817 301 2898 patientia
330 2823 487 2900 tamquam
520 2816 637 2899 pruinae
668 2816 783 2899 frigore
814 2815 1018 2900 obrigescant.
1065 2835 1141 2899 argo
1174 2815 1204 2879 in
1239 2804 1295 2868 1¹⁰⁰

102 2940 126 2977 aa
154 2939 315 3000 eorpomm
340 2919 454 3002 frigore
477 2919 724 2984 iustificationum
743 2919 793 2984 dei
808 2919 996 2983 inmemores
1012 2938 1082 2984 essa
1105 2939 1165 2984 uon
1188 2913 1297 3008 pos-‘ll'

153 3044 229 3088 mus.
275 3024 406 3108 quisque
430 3030 533 3088 autern
556 3044 612 3104 per
634 3023 776 3088 uitiorum
799 3024 940 3088 ardorem
962 3030 1030 3088 utre
1053 3022 1144 3102 plano
1167 2997 1299 3088 oaluflIll

198 3171 213 3221 6
232 3168 244 3219 l
264 3166 338 3221 Petr.
357 3171 382 3231 3,
404 3170 442 3220 19.
481 3170 513 3221 18
532 3167 617 3220 Maro.
636 3167 670 3233 ss,
688 3168 733 3220 22.

202 3289 274 3342 lhii
292 3290 335 3359 Rp
388 3285 534 3340 aloourur
558 3288 605 3340 VR
623 3287 790 3354 loquitari?
841 3287 971 3355 3p0tius
996 3292 1039 3341 est
1060 3304 1091 3339 er
1108 3288 1201 3356 potius
1219 3269 1304 3338 essl¹¹¹

153 3380 195 3430 est
210 3394 275 3428 corr.
290 3394 322 3427 m.
339 3376 352 3426 1
370 3376 395 3426 V
446 3374 555 3442 loquela
568 3370 765 3441 R't'loquaela
774 3392 795 3444 p
865 3373 982 3427 binfsro
996 3374 1035 3444 Cp
1089 3375 1256 3427 loaroerem
1277 3333 1310 3398 V

154 3469 182 3515 st
199 3461 498 3515 increduli-fuerant
511 3461 602 3513 onr.V
652 3459 961 3528 quondamesquodam
971 3459 1067 3513 nalR
1120 3431 1304 3519 fueruntt'r’b

154 3548 282 3602 adelicia
298 3547 359 3618 12¹E
430 3551 462 3601 10
480 3547 524 3601 dei
543 3565 591 3600 om.
610 3548 636 3600 R
694 3547 867 3601 enuntiatum
893 3547 918 3600 V
975 3546 1234 3615 contenuplatiouem
1253 3511 1305 3590 l7¹

155 3638 188 3688 ra
206 3641 234 3689 et
251 3635 317 3688 uino
344 3636 367 3687 r
415 3640 479 3688 uter
498 3637 558 3687 aar.
577 3653 609 3688 m.
629 3633 649 3686 2
673 3635 696 3686 r
747 3634 775 3686 rn
794 3653 824 3687 a:
841 3635 915 3688 inter
932 3652 965 3686 m.
981 3632 1040 3686 av
1093 3636 1126 3689 ra
1144 3634 1239 3702 proras
1253 3608 1294 3679 θ’

157 3724 188 3775 14
211 3721 418 3775 iustificationes
442 3726 504 3775 tuas
529 3739 583 3774 nou
608 3738 670 3775 sum
694 3721 796 3774 oblitus
821 3721 868 3775 sed
892 3721 957 3789 quia
983 3720 1006 3773 V
1056 3722 1090 3774 15
1120 3721 1211 3775 fastus
1227 3722 1252 3772 sd
1264 3731 1282 3787 p

157 3810 189 3862 18
207 3807 303 3875 inquid
328 3807 412 3861 Vltus
462 3826 564 3862 nouum
583 3827 630 3862 om.
656 3809 680 3860 V
732 3811 763 3862 19
782 3808 892 3861 eumin
910 3809 1019 3862 utribus
1037 3809 1182 3862 ueteribus
1200 3811 1219 3862 d
1227 3807 1281 3878 sart.

156 3906 220 3947 recte
273 3898 307 3948 20
325 3902 452 3949 ueteraus
473 3897 495 3948 (s'
510 3902 606 3949 uetera
621 3897 656 3965 pb
709 3899 742 3950 21
761 3896 854 3949 calore
872 3901 900 3949 et
918 3900 1032 3949 naturae
1051 3894 1077 3946 V
1126 3898 1163 3950 22
1182 3912 1248 3964 quaa
1262 3913 1285 3949 ra

156 4040 183 4087 et
194 4049 262 4100 quae
272 4033 333 4085 aa]
345 4035 366 4086 l'
416 4036 450 4088 23
460 4034 652 4088 efferueutium
661 4035 726 4104 Rt'p
779 4040 872 4089 tamon
881 4037 941 4087 add.
951 4031 1015 4088 m.2
1030 4034 1054 4087 V
1095 4037 1131 4089 24
1139 3993 1292 4092 οδτίοιῖηὶΰ

156 4122 190 4174 26
214 4119 438 4174 iustificationem
463 4123 486 4173 V
537 4139 594 4175 esse
620 4140 649 4174 ex
673 4137 701 4174 se
725 4141 756 4175 m.
777 4119 845 4175 211
893 4123 928 4176 26
952 4122 1032 4190 quisq
1052 4122 1077 4174 R
1102 4123 1232 4192 quisquis
1255 4126 1296 4183 CB

156 4208 190 4274 rs.
210 4208 290 4259 ,lond
306 4226 335 4277 p.
355 4207 400 4260 29.
