2790 4844
200 258 263 326 114
546 266 665 318 sancti
682 263 819 319 Hilarii
836 265 1001 334 episcopi

198 451 429 534 autcaptiuum
453 451 587 517 libertati
609 472 672 517 suae
695 454 872 521 redemerit.
917 453 985 519 baee
1018 463 1089 519 sunt
1123 455 1213 535 plane
1243 454 1343 520 ambi·

198 555 285 620 tiosa
308 556 391 639 apud
413 557 505 621 deum
539 554 668 621 humani
701 556 859 623 thensauri
893 558 1074 641 legationes,
1106 557 1173 625 baeo
1204 559 1343 640 potentia

199 660 464 740 deprecandorum
494 660 659 725 criminum
683 669 715 725 et
736 681 812 726 uera
840 661 999 746 suffragia.
1045 662 1090 727 sic
1123 682 1198 728 auro
1232 664 1342 727 domu·

198 762 341 840 tabimur,
363 771 397 828 ut
420 783 458 829 er
480 765 612 830 terrenis
634 762 774 831 caelestes
797 771 880 831 etex
895 765 1077 831 mortalibus
1100 767 1198 832 simus
1221 767 1340 840 aterni,

159 893 172 928 ι
198 865 266 932 bae
288 866 424 934 infidelis
445 867 498 934 ille
520 868 653 953 populus
676 889 737 935 nen
761 871 902 955 cogitans
919 875 949 934 et
965 871 1014 934 dei
1029 872 1178 936 mandata
1200 877 1341 937 contem·

198 991 275 1036 nens
298 978 531 1055 putansquerse
553 992 609 1056 per
631 972 744 1058 legem,
768 994 838 1057 quaa
861 974 1035 1039 futurorum
1058 976 1210 1040 bonorum
1228 974 1342 1040 umbre

198 1081 254 1153 est,
277 1094 346 1142 esse
369 1076 507 1154 diuitem,
530 1077 651 1159 adeptis
674 1078 788 1142 diuitiis
811 1077 892 1143 male
913 1098 996 1156 usus,
1019 1099 1057 1144 ex
1073 1079 1243 1145 uiuentium
1256 1085 1341 1144 terra

197 1186 228 1245 et
251 1178 448 1246 tabernaculo
471 1181 647 1246 eradicatus
671 1188 701 1247 et
723 1181 905 1265 emigratus,
928 1181 1056 1247 auulsus
1080 1188 1143 1248 est:
1166 1189 1339 1267 praepoten-

197 1291 260 1348 tem
282 1303 316 1349 se
339 1285 370 1347 in
393 1284 580 1350 sanitatibus
603 1287 742 1361 credens,
769 1285 801 1350 in
825 1286 914 1370 regni
944 1285 1061 1352 scilicet
1090 1287 1138 1351 sui
1168 1286 1275 1371 gloria
1306 1287 1339 1350 in

144 1411 170 1448 ιο
197 1385 304 1471 templi
323 1408 406 1467 auro,
425 1388 457 1452 in
477 1389 632 1454 mandatis
650 1387 820 1466 bominum,
840 1391 1011 1455 secundum
1030 1388 1211 1473 prophetam
1232 1390 1340 1456 dicen·

197 1501 276 1580 tem:
300 1492 387 1557 sine
409 1511 530 1558 causa
560 1491 702 1558 colunt
731 1513 798 1570 me,
831 1493 1028 1558 docentes
1061 1493 1277 1559 doctrinas
1301 1500 1340 1560 et

198 1603 400 1679 precepta
433 1595 645 1676 hominum,
669 1598 717 1661 dei
749 1596 819 1681 lege
848 1597 1070 1663 contumeliosa
1098 1596 1243 1663 humanae
1265 1617 1339 1664 oon·

196 1701 368 1766 suetudinis
391 1701 606 1767 obsematione
628 1707 753 1766 mutata.

240 1805 292 1870 22.
315 1804 473 1887 Propheta
494 1812 606 1883 autem,
630 1824 722 1888 quem
746 1824 875 1870 necesse
898 1813 946 1870 est
969 1805 1083 1870 iustum
1106 1824 1175 1871 esse
1190 1804 1340 1891 intellegi

144 1931 170 1967 u
197 1907 284 1975 aliter
307 1910 346 1975 de
368 1930 403 1975 sa
425 1909 539 1975 fiducia
569 1912 634 1990 spei
664 1928 728 1974 suae
758 1908 911 1992 loquitur:
945 1928 1020 1993 ego
1054 1919 1195 1987 autem,
1230 1909 1341 1975 siout

196 2010 306 2079 oliua
338 2012 562 2080 fructifera
596 2014 634 2077 in
669 2014 785 2078 domo
819 2013 894 2089 dai,
929 2013 1094 2095 speraui
1118 2013 1157 2077 in
1181 2013 1340 2080 miseri·

195 2118 337 2183 cordia
360 2118 423 2184 dei
445 2118 485 2183 in
508 2124 700 2183 aetarnum
723 2123 760 2182 et
781 2116 1195 2183 insaeculumsaeculi.
1235 2116 1342 2184 differt

196 2223 322 2305 quidem
344 2230 483 2305 tempore
504 2231 580 2287 aetas
603 2219 775 2297 bominum,
812 2222 868 2286 sed
898 2221 1068 2303 prophetia
1097 2221 1224 2301 spiritus
1253 2221 1339 2288 idem

195 2334 251 2392 est.
294 2325 444 2409 propheta
465 2345 593 2390 manere
616 2343 650 2389 se
672 2324 704 2389 in
727 2325 820 2389 domo
842 2325 892 2390 dei
916 2326 994 2390 sicut
1016 2325 1129 2390 oliuam
1146 2325 1340 2390 fructiferam

143 2448 168 2485 ιο
196 2431 277 2508 dicit,
310 2431 452 2496 arborem
487 2449 610 2510 semper
643 2429 795 2494 uirentem
830 2436 860 2495 et
893 2429 1013 2494 fructus
1047 2429 1154 2513 optimi
1190 2427 1340 2495 feracem.

195 2534 351 2616 apostolus
366 2534 439 2600 huic
453 2534 537 2613 oleae,
554 2532 724 2619 praefractis
739 2533 779 2597 ob
795 2532 1009 2599 infidelitatem
1022 2533 1117 2598 ramis
1129 2533 1206 2610 eius,
1228 2531 1339 2599 fideles

194 2645 304 2723 gentes
338 2659 376 2704 er
397 2638 526 2724 ignobili
560 2636 692 2703 oleastro
726 2657 795 2703 esse
830 2637 938 2702 insitas
971 2637 1126 2719 praedicat,
1160 2643 1195 2701 ut
1227 2645 1339 2702 contra

194 2750 334 2807 naturam
357 2743 483 2827 generis
505 2749 649 2807 naturam
672 2741 786 2806 radicis
810 2741 995 2821 acciperent.
1041 2742 1097 2806 sed
1122 2739 1282 2824 propbeta
1304 2742 1336 2805 in

193 2846 263 2931 lege
284 2846 356 2913 licet
378 2865 518 2922 manens,
542 2845 742 2930 euangelicos
765 2852 870 2910 brnen
894 2843 1153 2925 prophetasimul
1173 2844 1252 2909 etin
1267 2844 1338 2930 lege

141 2968 167 3005 a
194 2956 225 3015 et
246 2951 278 3015 in
301 2950 471 3035 euangeliis
491 2970 563 3016 aum
581 2948 683 3015 fructu
702 2969 758 3013 suo
773 2948 805 3013 ia
821 2949 914 3014 domo
936 2949 985 3013 dei
1001 2967 1070 3013 esse
1093 2948 1252 3032 persistit:
1275 2968 1337 3015 non

193 3053 433 3138 perfringendus
468 3054 499 3119 in
534 3053 639 3128 ramis,
674 3072 732 3117 non
768 3052 992 3136 relinquendus
1025 3053 1057 3117 in
1088 3058 1242 3125 truncum
1273 3072 1336 3118 non

192 3157 309 3223 inutilis
332 3158 394 3223 iam
417 3158 484 3242 ipse
506 3157 671 3223 inserendo
694 3156 752 3221 sibi
777 3156 961 3237 praebendus
985 3155 1125 3234 oleastro,
1148 3139 1213 3221 nec
1222 3157 1339 3222 radicis

192 3283 256 3328 suae
279 3263 427 3328 uirtutem
449 3261 551 3327 arbori
574 3260 788 3326 transfusurus
810 3258 927 3336 alienae,
958 3260 1014 3324 sed
1044 3266 1125 3324 totus
1147 3259 1280 3344 integer,
1304 3269 1338 3326 ut

236 3405 268 3456 ll
287 3401 359 3456 Esai.
378 3401 476 3469 XXIX,
497 3403 536 3455 1³.
573 3399 671 3454 Mattb.
690 3398 748 3466 XV,
766 3402 790 3453 9.
826 3401 859 3453 21
880 3398 958 3453 Rom.
977 3399 1024 3464 XI,
1045 3401 1085 3453 17.

237 3539 421 3594 lreddiderit
439 3558 469 3592 es
486 3539 635 3593 redemerit
654 3558 686 3591 m,
701 3539 721 3590 3
736 3536 811 3603 Rtb)
865 3537 916 3591 bae
932 3538 1008 3590 Vsa*
1057 3537 1155 3605 planae
1176 3538 1198 3590 V
1214 3537 1297 3620 plane
1314 3540 1339 3592 R

190 3630 208 3680 a
226 3627 391 3695 §potentia
403 3629 449 3695 (po
462 3636 485 3679 et
498 3644 512 3680 e
525 3644 555 3679 aa
566 3626 644 3690 corr.)
657 3626 683 3678 R
735 3627 752 3679 3
765 3624 1018 3693 depraecandorum
1036 3624 1059 3677 V
1109 3623 1303 3679 demutabitur
1318 3626 1341 3679 V

191 3711 402 3768 bhaeoeacorr.
419 3714 443 3765 V
486 3712 742 3780 liquesceque?
759 3712 782 3762 l'
831 3715 889 3765 'let
901 3711 1008 3780 adeptis
1024 3711 1124 3764 VPTE
1174 3712 1191 3762 9
1204 3711 1338 3779 gloriae:

191 3799 297 3869 gloriae
310 3818 343 3853 m.
358 3799 378 3852 2
393 3800 418 3853 V
468 3802 500 3853 ll
517 3800 646 3853 docentes
659 3799 743 3851 om.T
795 3798 930 3866 &pcepta
943 3816 1014 3868 srrpr.
1026 3815 1075 3850 sor.
1090 3795 1115 3844 P
1129 3801 1158 3851 et
1169 3797 1303 3852 mandata
1315 3799 1340 3851 T

192 3888 226 3940 12
243 3880 274 3940 di
292 3887 352 3956 lega
371 3887 454 3941 Vdei
472 3887 533 3955 lege
551 3904 582 3940 ex
599 3886 643 3940 dei
661 3886 723 3954 lege
742 3885 767 3937 R
784 3884 932 3953 diligentes
951 3885 1001 3936 PT
1000 3903 1019 3934 α
1074 3886 1108 3940 14
1130 3882 1241 3952 profata
1265 3885 1341 3938 l'RP

191 3978 344 4027 autemom.
357 3974 408 4027 PT
460 3972 822 4041 lbloquituraloquimur
835 3972 862 4024 P
912 3973 945 4024 18
963 3971 1008 4025 id'e
1027 3977 1068 4026 eat
1086 3971 1111 4022 V
1125 3970 1200 4026 idam
1213 3968 1274 4037 (om.
1287 3979 1340 4040 est,

190 4063 236 4114 sed
252 4060 400 4127 micros.)
420 4062 446 4114 li
497 4062 532 4114 22
550 4076 584 4114 ex
601 4058 688 4114 nobili
708 4060 733 4111 Ρ
783 4059 817 4111 23
835 4058 993 4126 acciperent
1010 4076 1041 4110 ea
1058 4056 1218 4126 acceperint
1235 4059 1340 4113 mitt

190 4149 219 4202 in
238 4148 299 4216 lege
317 4147 459 4202 scilicetR
511 4149 546 4200 24
564 4146 759 4215 euuangelicus
779 4146 827 4198 VR
878 4151 971 4198 temen
984 4152 1012 4198 et
1029 4143 1204 4213 prophetaE
1255 4147 1293 4202 26
1311 4147 1339 4200 iu

190 4241 334 4289 truncusm
352 4252 418 4288 corr.
436 4253 469 4288 m.
488 4233 504 4286 1
521 4233 545 4286 V
559 4233 590 4287 in
606 4239 705 4286 trunco
719 4232 767 4284 PT
819 4233 853 4286 27
871 4231 1013 4286 instrendo
1032 4231 1056 4284 V
1070 4247 1100 4285 se
1117 4230 1268 4288 inserendo
1281 4232 1341 4290 Pr,
