<?xml version="1.0" encoding="UTF-8"?>
<!DOCTYPE html PUBLIC "-//W3C//DTD XHTML 1.0 Transitional//EN"
    "http://www.w3.org/TR/xhtml1/DTD/xhtml1-transitional.dtd">
<html xmlns="http://www.w3.org/1999/xhtml" xml:lang="en" lang="en">
 <head>
  <title>
</title>
<meta http-equiv="Content-Type" content="text/html;charset=utf-8" />
  <meta name='ocr-system' content='tesseract 3.04.00' />
  <meta name='ocr-capabilities' content='ocr_page ocr_carea ocr_par ocr_line ocrx_word'/>
</head>
<body>
  <div class='ocr_page' id='page_1' title='image "./shilariiepiscop00hilagoog_0587.png"; bbox 0 0 2790 4844; ppageno 0'>
   <div class='ocr_carea' id='block_1_1' title="bbox 159 245 958 314">
    <p class='ocr_par' dir='ltr' id='par_1_1' title="bbox 159 245 958 314">
     <span class='ocr_line' id='line_1_1' title="bbox 159 245 958 314; baseline -0.009 -10"><span class='ocrx_word' id='word_1_1' title='bbox 159 245 222 310; x_wconf 82' lang='lat'>556</span> <span class='ocrx_word' id='word_1_2' title='bbox 506 246 623 300; x_wconf 87' lang='lat' dir='ltr'>sancti</span> <span class='ocrx_word' id='word_1_3' title='bbox 642 246 777 298; x_wconf 86' lang='lat' dir='ltr'>Hilarii</span> <span class='ocrx_word' id='word_1_4' title='bbox 795 245 958 314; x_wconf 83' lang='lat' dir='ltr'>episcopi</span> 
     </span>
    </p>
   </div>
   <div class='ocr_carea' id='block_1_2' title="bbox 152 435 1299 2376">
    <p class='ocr_par' dir='ltr' id='par_1_2' title="bbox 152 435 1299 2376">
     <span class='ocr_line' id='line_1_2' title="bbox 159 435 1299 520; baseline 0 -20"><span class='ocrx_word' id='word_1_5' title='bbox 159 442 196 501; x_wconf 87' lang='lat' dir='ltr'>et</span> <span class='ocrx_word' id='word_1_6' title='bbox 219 456 301 510; x_wconf 82' lang='lat' dir='ltr'>uox,</span> <span class='ocrx_word' id='word_1_7' title='bbox 324 436 362 499; x_wconf 93' lang='lat' dir='ltr'>in</span> <span class='ocrx_word' id='word_1_8' title='bbox 386 455 462 520; x_wconf 88' lang='lat' dir='ltr'>qua</span> <span class='ocrx_word' id='word_1_9' title='bbox 486 437 691 501; x_wconf 80' lang='lat' dir='ltr'>dixerunt:</span> <span class='ocrx_word' id='word_1_10' title='bbox 716 456 808 501; x_wconf 84' lang='lat' dir='ltr'>eece</span> <span class='ocrx_word' id='word_1_11' title='bbox 833 435 1051 509; x_wconf 87' lang='lat' dir='ltr'>masculus;</span> <span class='ocrx_word' id='word_1_12' title='bbox 1078 443 1110 501; x_wconf 89' lang='lat' dir='ltr'>et</span> <span class='ocrx_word' id='word_1_13' title='bbox 1127 435 1299 501; x_wconf 83' lang='lat' dir='ltr'>Hieremias</span> 
     </span>
     <span class='ocr_line' id='line_1_3' title="bbox 158 539 1298 623; baseline 0.001 -19"><span class='ocrx_word' id='word_1_14' title='bbox 158 540 314 605; x_wconf 90' lang='lat' dir='ltr'>similiter:</span> <span class='ocrx_word' id='word_1_15' title='bbox 342 539 563 605; x_wconf 87' lang='lat' dir='ltr'>maledicta</span> <span class='ocrx_word' id='word_1_16' title='bbox 587 540 683 612; x_wconf 84' lang='lat' dir='ltr'>dies,</span> <span class='ocrx_word' id='word_1_17' title='bbox 707 541 744 604; x_wconf 93' lang='lat' dir='ltr'>iu</span> <span class='ocrx_word' id='word_1_18' title='bbox 770 560 844 623; x_wconf 88' lang='lat' dir='ltr'>qua</span> <span class='ocrx_word' id='word_1_19' title='bbox 868 541 1033 623; x_wconf 84' lang='lat' dir='ltr'>genitus</span> <span class='ocrx_word' id='word_1_20' title='bbox 1056 561 1159 617; x_wconf 91' lang='lat' dir='ltr'>sum;</span> <span class='ocrx_word' id='word_1_21' title='bbox 1186 541 1298 605; x_wconf 88' lang='lat' dir='ltr'>male-</span> 
     </span>
     <span class='ocr_line' id='line_1_4' title="bbox 158 644 1297 727; baseline -0.002 -18"><span class='ocrx_word' id='word_1_22' title='bbox 158 645 292 709; x_wconf 89' lang='lat' dir='ltr'>dictus</span> <span class='ocrx_word' id='word_1_23' title='bbox 323 644 518 709; x_wconf 92' lang='lat' dir='ltr'>nuntians</span> <span class='ocrx_word' id='word_1_24' title='bbox 549 645 656 724; x_wconf 89' lang='lat' dir='ltr'>patri</span> <span class='ocrx_word' id='word_1_25' title='bbox 688 664 771 708; x_wconf 92' lang='lat' dir='ltr'>meo</span> <span class='ocrx_word' id='word_1_26' title='bbox 803 654 841 708; x_wconf 86' lang='lat' dir='ltr'>et</span> <span class='ocrx_word' id='word_1_27' title='bbox 871 644 1029 709; x_wconf 86' lang='lat' dir='ltr'>dicens:</span> <span class='ocrx_word' id='word_1_28' title='bbox 1062 645 1159 727; x_wconf 91' lang='lat' dir='ltr'>quia</span> <span class='ocrx_word' id='word_1_29' title='bbox 1183 660 1297 710; x_wconf 83' lang='lat' dir='ltr'>natus</span> 
     </span>
     <span class='ocr_line' id='line_1_5' title="bbox 157 747 1297 832; baseline 0.002 -21"><span class='ocrx_word' id='word_1_30' title='bbox 157 747 319 813; x_wconf 88' lang='lat' dir='ltr'>esttibi</span> <span class='ocrx_word' id='word_1_31' title='bbox 343 747 555 813; x_wconf 89' lang='lat' dir='ltr'>masculus.</span> <span class='ocrx_word' id='word_1_32' title='bbox 601 749 707 832; x_wconf 88' lang='lat' dir='ltr'>atquin</span> <span class='ocrx_word' id='word_1_33' title='bbox 720 748 802 812; x_wconf 87' lang='lat' dir='ltr'>idem</span> <span class='ocrx_word' id='word_1_34' title='bbox 820 768 837 811; x_wconf 88' lang='lat' dir='ltr'>a</span> <span class='ocrx_word' id='word_1_35' title='bbox 854 748 979 812; x_wconf 82' lang='lat' dir='ltr'>doruino</span> <span class='ocrx_word' id='word_1_36' title='bbox 991 749 1148 813; x_wconf 86' lang='lat' dir='ltr'>audierat:</span> <span class='ocrx_word' id='word_1_37' title='bbox 1176 751 1297 830; x_wconf 83' lang='lat' dir='ltr'>prius·</span> 
     </span>
     <span class='ocr_line' id='line_1_6' title="bbox 157 852 1296 937; baseline 0.001 -22"><span class='ocrx_word' id='word_1_38' title='bbox 157 871 273 934; x_wconf 88' lang='lat' dir='ltr'>quam</span> <span class='ocrx_word' id='word_1_39' title='bbox 299 859 336 917; x_wconf 84' lang='lat' dir='ltr'>tc</span> <span class='ocrx_word' id='word_1_40' title='bbox 360 852 574 917; x_wconf 84' lang='lat' dir='ltr'>formarem</span> <span class='ocrx_word' id='word_1_41' title='bbox 598 853 637 917; x_wconf 92' lang='lat' dir='ltr'>in</span> <span class='ocrx_word' id='word_1_42' title='bbox 660 860 783 926; x_wconf 84' lang='lat' dir='ltr'>utero,</span> <span class='ocrx_word' id='word_1_43' title='bbox 808 852 900 916; x_wconf 93' lang='lat' dir='ltr'>uoui</span> <span class='ocrx_word' id='word_1_44' title='bbox 926 858 978 928; x_wconf 89' lang='lat' dir='ltr'>te;</span> <span class='ocrx_word' id='word_1_45' title='bbox 1002 860 1040 916; x_wconf 88' lang='lat' dir='ltr'>et</span> <span class='ocrx_word' id='word_1_46' title='bbox 1060 854 1296 937; x_wconf 88' lang='lat' dir='ltr'>priusquam</span> 
     </span>
     <span class='ocr_line' id='line_1_7' title="bbox 157 955 1296 1040; baseline 0 -20"><span class='ocrx_word' id='word_1_47' title='bbox 157 955 291 1021; x_wconf 81' lang='lat' dir='ltr'>exires</span> <span class='ocrx_word' id='word_1_48' title='bbox 315 958 361 1021; x_wconf 92' lang='lat' dir='ltr'>de</span> <span class='ocrx_word' id='word_1_49' title='bbox 384 957 510 1035; x_wconf 74' lang='lat' dir='ltr'>uulua</span> <span class='ocrx_word' id='word_1_50' title='bbox 533 957 805 1022; x_wconf 89' lang='lat' dir='ltr'>sanctiliuaui</span> <span class='ocrx_word' id='word_1_51' title='bbox 830 963 875 1022; x_wconf 87' lang='lat' dir='ltr'>te.</span> <span class='ocrx_word' id='word_1_52' title='bbox 911 957 984 1040; x_wconf 89' lang='lat' dir='ltr'>quid</span> <span class='ocrx_word' id='word_1_53' title='bbox 1008 955 1105 1040; x_wconf 80' lang='lat' dir='ltr'>ergo?</span> <span class='ocrx_word' id='word_1_54' title='bbox 1141 957 1296 1023; x_wconf 75' lang='lat' dir='ltr'>maledicit</span> 
     </span>
     <span class='ocr_line' id='line_1_8' title="bbox 155 1061 1295 1145; baseline -0.001 -20"><span class='ocrx_word' id='word_1_55' title='bbox 155 1061 287 1140; x_wconf 84' lang='lat' dir='ltr'>coepisso</span> <span class='ocrx_word' id='word_1_56' title='bbox 311 1082 352 1131; x_wconf 85' lang='lat' dir='ltr'>se,</span> <span class='ocrx_word' id='word_1_57' title='bbox 377 1062 428 1144; x_wconf 81' lang='lat' dir='ltr'>qm</span> <span class='ocrx_word' id='word_1_58' title='bbox 452 1067 522 1126; x_wconf 90' lang='lat' dir='ltr'>ante</span> <span class='ocrx_word' id='word_1_59' title='bbox 540 1081 630 1145; x_wconf 89' lang='lat' dir='ltr'>quam</span> <span class='ocrx_word' id='word_1_60' title='bbox 648 1068 738 1136; x_wconf 89' lang='lat' dir='ltr'>esset,</span> <span class='ocrx_word' id='word_1_61' title='bbox 762 1067 793 1126; x_wconf 88' lang='lat' dir='ltr'>et</span> <span class='ocrx_word' id='word_1_62' title='bbox 808 1063 866 1126; x_wconf 86' lang='lat' dir='ltr'>deo</span> <span class='ocrx_word' id='word_1_63' title='bbox 883 1061 1024 1144; x_wconf 85' lang='lat' dir='ltr'>cognitus</span> <span class='ocrx_word' id='word_1_64' title='bbox 1041 1068 1071 1126; x_wconf 88' lang='lat' dir='ltr'>et</span> <span class='ocrx_word' id='word_1_65' title='bbox 1087 1062 1295 1127; x_wconf 86' lang='lat' dir='ltr'>sanctificatus</span> 
     </span>
     <span class='ocr_line' id='line_1_9' title="bbox 155 1164 1293 1248; baseline 0.001 -20"><span class='ocrx_word' id='word_1_66' title='bbox 155 1185 173 1228; x_wconf 88' lang='lat' dir='ltr'>a</span> <span class='ocrx_word' id='word_1_67' title='bbox 196 1165 253 1230; x_wconf 84' lang='lat' dir='ltr'>deo</span> <span class='ocrx_word' id='word_1_68' title='bbox 278 1164 348 1229; x_wconf 84' lang='lat' dir='ltr'>est?</span> <span class='ocrx_word' id='word_1_69' title='bbox 372 1166 453 1230; x_wconf 83' lang='lat' dir='ltr'>absit</span> <span class='ocrx_word' id='word_1_70' title='bbox 468 1166 559 1230; x_wconf 89' lang='lat' dir='ltr'>istud.</span> <span class='ocrx_word' id='word_1_71' title='bbox 607 1186 667 1228; x_wconf 89' lang='lat' dir='ltr'>uon</span> <span class='ocrx_word' id='word_1_72' title='bbox 684 1165 767 1229; x_wconf 86' lang='lat' dir='ltr'>euim</span> <span class='ocrx_word' id='word_1_73' title='bbox 784 1164 843 1229; x_wconf 86' lang='lat' dir='ltr'>hoc</span> <span class='ocrx_word' id='word_1_74' title='bbox 862 1166 891 1229; x_wconf 93' lang='lat' dir='ltr'>in</span> <span class='ocrx_word' id='word_1_75' title='bbox 913 1185 958 1244; x_wconf 88' lang='lat' dir='ltr'>se,</span> <span class='ocrx_word' id='word_1_76' title='bbox 981 1166 1063 1248; x_wconf 87' lang='lat' dir='ltr'>quod</span> <span class='ocrx_word' id='word_1_77' title='bbox 1088 1166 1293 1232; x_wconf 85' lang='lat' dir='ltr'>sanctificatus</span> 
     </span>
     <span class='ocr_line' id='line_1_10' title="bbox 156 1268 1292 1351; baseline 0 -18"><span class='ocrx_word' id='word_1_78' title='bbox 156 1277 211 1340; x_wconf 82' lang='lat' dir='ltr'>est,</span> <span class='ocrx_word' id='word_1_79' title='bbox 235 1270 307 1346; x_wconf 81' lang='lat' dir='ltr'>odit,</span> <span class='ocrx_word' id='word_1_80' title='bbox 331 1271 386 1334; x_wconf 90' lang='lat' dir='ltr'>sed</span> <span class='ocrx_word' id='word_1_81' title='bbox 411 1290 454 1348; x_wconf 83' lang='lat' dir='ltr'>aa,</span> <span class='ocrx_word' id='word_1_82' title='bbox 478 1289 545 1351; x_wconf 83' lang='lat' dir='ltr'>quae</span> <span class='ocrx_word' id='word_1_83' title='bbox 569 1268 600 1333; x_wconf 94' lang='lat' dir='ltr'>iu</span> <span class='ocrx_word' id='word_1_84' title='bbox 624 1268 900 1334; x_wconf 83' lang='lat' dir='ltr'>sanctificationem</span> <span class='ocrx_word' id='word_1_85' title='bbox 917 1276 1082 1333; x_wconf 84' lang='lat' dir='ltr'>consecuta</span> <span class='ocrx_word' id='word_1_86' title='bbox 1098 1276 1179 1343; x_wconf 86' lang='lat' dir='ltr'>sunt,</span> <span class='ocrx_word' id='word_1_87' title='bbox 1203 1269 1292 1334; x_wconf 88' lang='lat' dir='ltr'>male·</span> 
     </span>
     <span class='ocr_line' id='line_1_11' title="bbox 156 1372 1289 1453; baseline -0.001 -16"><span class='ocrx_word' id='word_1_88' title='bbox 156 1373 239 1450; x_wconf 79' lang='lat' dir='ltr'>dicit,</span> <span class='ocrx_word' id='word_1_89' title='bbox 263 1382 442 1453; x_wconf 88' lang='lat' dir='ltr'>prouectum</span> <span class='ocrx_word' id='word_1_90' title='bbox 478 1393 511 1438; x_wconf 88' lang='lat' dir='ltr'>se</span> <span class='ocrx_word' id='word_1_91' title='bbox 546 1372 662 1437; x_wconf 87' lang='lat' dir='ltr'>scilicet</span> <span class='ocrx_word' id='word_1_92' title='bbox 696 1393 752 1452; x_wconf 83' lang='lat' dir='ltr'>per</span> <span class='ocrx_word' id='word_1_93' title='bbox 786 1373 975 1437; x_wconf 85' lang='lat' dir='ltr'>incrementa</span> <span class='ocrx_word' id='word_1_94' title='bbox 1009 1375 1146 1453; x_wconf 85' lang='lat' dir='ltr'>corporis</span> <span class='ocrx_word' id='word_1_95' title='bbox 1182 1375 1212 1438; x_wconf 93' lang='lat' dir='ltr'>in</span> <span class='ocrx_word' id='word_1_96' title='bbox 1241 1373 1289 1437; x_wconf 84' lang='lat' dir='ltr'>las</span> 
     </span>
     <span class='ocr_line' id='line_1_12' title="bbox 155 1475 1287 1557; baseline -0.002 -17"><span class='ocrx_word' id='word_1_97' title='bbox 155 1476 313 1541; x_wconf 81' lang='lat' dir='ltr'>molestias</span> <span class='ocrx_word' id='word_1_98' title='bbox 345 1478 481 1557; x_wconf 61' lang='lat' dir='ltr'>corrinnei</span> <span class='ocrx_word' id='word_1_99' title='bbox 514 1477 671 1542; x_wconf 80' lang='lat' dir='ltr'>incolatus.</span> <span class='ocrx_word' id='word_1_100' title='bbox 717 1477 866 1541; x_wconf 79' lang='lat' dir='ltr'>formatus</span> <span class='ocrx_word' id='word_1_101' title='bbox 890 1479 972 1542; x_wconf 91' lang='lat' dir='ltr'>enim</span> <span class='ocrx_word' id='word_1_102' title='bbox 996 1477 1078 1541; x_wconf 89' lang='lat' dir='ltr'>iutra</span> <span class='ocrx_word' id='word_1_103' title='bbox 1102 1480 1210 1543; x_wconf 87' lang='lat' dir='ltr'>matris</span> <span class='ocrx_word' id='word_1_104' title='bbox 1231 1475 1287 1541; x_wconf 93' lang='lat' dir='ltr'>uul-</span> 
     </span>
     <span class='ocr_line' id='line_1_13' title="bbox 155 1580 1284 1660; baseline -0.001 -17"><span class='ocrx_word' id='word_1_105' title='bbox 155 1601 224 1644; x_wconf 89' lang='lat' dir='ltr'>uam</span> <span class='ocrx_word' id='word_1_106' title='bbox 249 1588 279 1644; x_wconf 90' lang='lat' dir='ltr'>et</span> <span class='ocrx_word' id='word_1_107' title='bbox 301 1601 356 1660; x_wconf 82' lang='lat' dir='ltr'>pur</span> <span class='ocrx_word' id='word_1_108' title='bbox 380 1582 525 1645; x_wconf 86' lang='lat' dir='ltr'>uirtutem</span> <span class='ocrx_word' id='word_1_109' title='bbox 560 1582 707 1645; x_wconf 83' lang='lat' dir='ltr'>creatoris</span> <span class='ocrx_word' id='word_1_110' title='bbox 731 1581 777 1645; x_wconf 91' lang='lat' dir='ltr'>sui</span> <span class='ocrx_word' id='word_1_111' title='bbox 802 1581 832 1644; x_wconf 92' lang='lat' dir='ltr'>in</span> <span class='ocrx_word' id='word_1_112' title='bbox 855 1581 1026 1645; x_wconf 84' lang='lat' dir='ltr'>substantia</span> <span class='ocrx_word' id='word_1_113' title='bbox 1049 1582 1161 1646; x_wconf 68' lang='lat' dir='ltr'>animae</span> <span class='ocrx_word' id='word_1_114' title='bbox 1185 1580 1284 1646; x_wconf 82' lang='lat' dir='ltr'>addai</span> 
     </span>
     <span class='ocr_line' id='line_1_14' title="bbox 154 1684 1281 1769; baseline -0.001 -22"><span class='ocrx_word' id='word_1_115' title='bbox 154 1684 321 1767; x_wconf 83' lang='lat' dir='ltr'>imaginem</span> <span class='ocrx_word' id='word_1_116' title='bbox 348 1684 499 1767; x_wconf 82' lang='lat' dir='ltr'>figuratus</span> <span class='ocrx_word' id='word_1_117' title='bbox 534 1704 593 1748; x_wconf 94' lang='lat' dir='ltr'>nou</span> <span class='ocrx_word' id='word_1_118' title='bbox 625 1692 790 1766; x_wconf 86' lang='lat' dir='ltr'>conceptus</span> <span class='ocrx_word' id='word_1_119' title='bbox 814 1693 845 1750; x_wconf 89' lang='lat' dir='ltr'>et</span> <span class='ocrx_word' id='word_1_120' title='bbox 867 1684 1061 1769; x_wconf 87' lang='lat' dir='ltr'>figurationis</span> <span class='ocrx_word' id='word_1_121' title='bbox 1092 1705 1156 1750; x_wconf 76' lang='lat' dir='ltr'>suta</span> <span class='ocrx_word' id='word_1_122' title='bbox 1186 1694 1281 1749; x_wconf 89' lang='lat' dir='ltr'>ortum.</span> 
     </span>
     <span class='ocr_line' id='line_1_15' title="bbox 154 1788 1279 1871; baseline -0.003 -19"><span class='ocrx_word' id='word_1_123' title='bbox 154 1788 207 1853; x_wconf 86' lang='lat' dir='ltr'>sed</span> <span class='ocrx_word' id='word_1_124' title='bbox 234 1809 314 1865; x_wconf 88' lang='lat' dir='ltr'>oum,</span> <span class='ocrx_word' id='word_1_125' title='bbox 338 1789 389 1871; x_wconf 89' lang='lat' dir='ltr'>qui</span> <span class='ocrx_word' id='word_1_126' title='bbox 415 1810 451 1853; x_wconf 83' lang='lat' dir='ltr'>ex</span> <span class='ocrx_word' id='word_1_127' title='bbox 476 1790 665 1853; x_wconf 85' lang='lat' dir='ltr'>incremento</span> <span class='ocrx_word' id='word_1_128' title='bbox 688 1790 826 1859; x_wconf 84' lang='lat' dir='ltr'>accessit,</span> <span class='ocrx_word' id='word_1_129' title='bbox 850 1788 1022 1869; x_wconf 86' lang='lat' dir='ltr'>profectum</span> <span class='ocrx_word' id='word_1_130' title='bbox 1053 1790 1129 1854; x_wconf 86' lang='lat' dir='ltr'>editi</span> <span class='ocrx_word' id='word_1_131' title='bbox 1161 1788 1279 1868; x_wconf 85' lang='lat' dir='ltr'>corporis</span> 
     </span>
     <span class='ocr_line' id='line_1_16' title="bbox 153 1891 1276 1976; baseline -0.005 -19"><span class='ocrx_word' id='word_1_132' title='bbox 153 1893 375 1974; x_wconf 83' lang='lat' dir='ltr'>congemescit,</span> <span class='ocrx_word' id='word_1_133' title='bbox 399 1894 430 1956; x_wconf 95' lang='lat' dir='ltr'>in</span> <span class='ocrx_word' id='word_1_134' title='bbox 454 1913 515 1976; x_wconf 89' lang='lat' dir='ltr'>quo</span> <span class='ocrx_word' id='word_1_135' title='bbox 538 1894 596 1957; x_wconf 81' lang='lat' dir='ltr'>sini</span> <span class='ocrx_word' id='word_1_136' title='bbox 620 1894 650 1956; x_wconf 91' lang='lat' dir='ltr'>in</span> <span class='ocrx_word' id='word_1_137' title='bbox 677 1893 764 1957; x_wconf 87' lang='lat' dir='ltr'>malis</span> <span class='ocrx_word' id='word_1_138' title='bbox 781 1893 883 1957; x_wconf 78' lang='lat' dir='ltr'>saculi</span> <span class='ocrx_word' id='word_1_139' title='bbox 900 1900 930 1957; x_wconf 88' lang='lat' dir='ltr'>et</span> <span class='ocrx_word' id='word_1_140' title='bbox 945 1892 1177 1959; x_wconf 88' lang='lat' dir='ltr'>infirmitatibus</span> <span class='ocrx_word' id='word_1_141' title='bbox 1193 1891 1276 1957; x_wconf 84' lang='lat' dir='ltr'>carnis</span> 
     </span>
     <span class='ocr_line' id='line_1_17' title="bbox 152 1995 1274 2079; baseline -0.004 -19"><span class='ocrx_word' id='word_1_142' title='bbox 152 1996 297 2079; x_wconf 88' lang='lat' dir='ltr'>uitiisquo</span> <span class='ocrx_word' id='word_1_143' title='bbox 331 1998 495 2061; x_wconf 88' lang='lat' dir='ltr'>uiuendum</span> <span class='ocrx_word' id='word_1_144' title='bbox 521 1998 570 2061; x_wconf 85' lang='lat' dir='ltr'>sit.</span> <span class='ocrx_word' id='word_1_145' title='bbox 616 1998 677 2061; x_wconf 90' lang='lat' dir='ltr'>iam</span> <span class='ocrx_word' id='word_1_146' title='bbox 703 2005 806 2061; x_wconf 86' lang='lat' dir='ltr'>tamen</span> <span class='ocrx_word' id='word_1_147' title='bbox 831 1996 1020 2062; x_wconf 83' lang='lat' dir='ltr'>conformato</span> <span class='ocrx_word' id='word_1_148' title='bbox 1044 1998 1075 2061; x_wconf 92' lang='lat' dir='ltr'>in</span> <span class='ocrx_word' id='word_1_149' title='bbox 1100 2004 1185 2062; x_wconf 84' lang='lat' dir='ltr'>utero</span> <span class='ocrx_word' id='word_1_150' title='bbox 1207 1995 1274 2061; x_wconf 89' lang='lat' dir='ltr'>etin</span> 
     </span>
     <span class='ocr_line' id='line_1_18' title="bbox 152 2099 1272 2185; baseline -0.004 -21"><span class='ocrx_word' id='word_1_151' title='bbox 152 2099 242 2164; x_wconf 89' lang='lat' dir='ltr'>uulua</span> <span class='ocrx_word' id='word_1_152' title='bbox 277 2100 474 2175; x_wconf 84' lang='lat' dir='ltr'>sanctificato,</span> <span class='ocrx_word' id='word_1_153' title='bbox 509 2103 613 2181; x_wconf 89' lang='lat' dir='ltr'>specie</span> <span class='ocrx_word' id='word_1_154' title='bbox 637 2102 666 2164; x_wconf 92' lang='lat' dir='ltr'>iu</span> <span class='ocrx_word' id='word_1_155' title='bbox 692 2122 724 2165; x_wconf 83' lang='lat' dir='ltr'>se</span> <span class='ocrx_word' id='word_1_156' title='bbox 747 2102 875 2185; x_wconf 88' lang='lat' dir='ltr'>originis</span> <span class='ocrx_word' id='word_1_157' title='bbox 906 2099 1038 2166; x_wconf 76' lang='lat' dir='ltr'>calestis</span> <span class='ocrx_word' id='word_1_158' title='bbox 1072 2110 1195 2167; x_wconf 71' lang='lat' dir='ltr'>aeterna.</span> <span class='ocrx_word' id='word_1_159' title='bbox 1226 2115 1272 2162; x_wconf 88' lang='lat' dir='ltr'>nun</span> 
     </span>
     <span class='ocr_line' id='line_1_19' title="bbox 152 2202 1270 2290; baseline -0.005 -22"><span class='ocrx_word' id='word_1_160' title='bbox 152 2205 339 2288; x_wconf 80' lang='lat' dir='ltr'>ambiguum,</span> <span class='ocrx_word' id='word_1_161' title='bbox 357 2207 429 2289; x_wconf 89' lang='lat' dir='ltr'>quin</span> <span class='ocrx_word' id='word_1_162' title='bbox 455 2228 491 2272; x_wconf 83' lang='lat' dir='ltr'>ox</span> <span class='ocrx_word' id='word_1_163' title='bbox 516 2207 565 2271; x_wconf 88' lang='lat' dir='ltr'>dei</span> <span class='ocrx_word' id='word_1_164' title='bbox 585 2206 828 2271; x_wconf 85' lang='lat' dir='ltr'>sanctificatione</span> <span class='ocrx_word' id='word_1_165' title='bbox 852 2214 922 2286; x_wconf 84' lang='lat' dir='ltr'>post</span> <span class='ocrx_word' id='word_1_166' title='bbox 946 2204 1047 2290; x_wconf 83' lang='lat' dir='ltr'>legem</span> <span class='ocrx_word' id='word_1_167' title='bbox 1072 2207 1179 2270; x_wconf 85' lang='lat' dir='ltr'>mortis</span> <span class='ocrx_word' id='word_1_168' title='bbox 1201 2202 1270 2268; x_wconf 86' lang='lat' dir='ltr'>huius</span> 
     </span>
     <span class='ocr_line' id='line_1_20' title="bbox 152 2319 587 2376; baseline 0 -3"><span class='ocrx_word' id='word_1_169' title='bbox 152 2320 235 2373; x_wconf 89' lang='lat' dir='ltr'>esset</span> <span class='ocrx_word' id='word_1_170' title='bbox 258 2330 422 2375; x_wconf 87' lang='lat' dir='ltr'>mansurus</span> <span class='ocrx_word' id='word_1_171' title='bbox 445 2319 587 2376; x_wconf 76' lang='lat' dir='ltr'>aternus.</span> 
     </span>
    </p>
   </div>
   <div class='ocr_carea' id='block_1_3' title="bbox 98 2427 1266 3034">
    <p class='ocr_par' dir='ltr' id='par_1_3' title="bbox 98 2427 1266 3034">
     <span class='ocr_line' id='line_1_21' title="bbox 196 2427 1266 2515; baseline -0.007 -20"><span class='ocrx_word' id='word_1_172' title='bbox 196 2430 245 2495; x_wconf 79' lang='lat'>20.</span> <span class='ocrx_word' id='word_1_173' title='bbox 270 2429 333 2495; x_wconf 86' lang='lat' dir='ltr'>Sed</span> <span class='ocrx_word' id='word_1_174' title='bbox 358 2430 516 2512; x_wconf 77' lang='lat' dir='ltr'>prophetas</span> <span class='ocrx_word' id='word_1_175' title='bbox 547 2430 636 2495; x_wconf 89' lang='lat' dir='ltr'>huius</span> <span class='ocrx_word' id='word_1_176' title='bbox 660 2452 719 2495; x_wconf 89' lang='lat' dir='ltr'>nou</span> <span class='ocrx_word' id='word_1_177' title='bbox 744 2432 774 2495; x_wconf 91' lang='lat' dir='ltr'>in</span> <span class='ocrx_word' id='word_1_178' title='bbox 799 2431 926 2495; x_wconf 89' lang='lat' dir='ltr'>multum</span> <span class='ocrx_word' id='word_1_179' title='bbox 951 2430 1043 2515; x_wconf 87' lang='lat' dir='ltr'>longe</span> <span class='ocrx_word' id='word_1_180' title='bbox 1066 2431 1143 2496; x_wconf 90' lang='lat' dir='ltr'>alius</span> <span class='ocrx_word' id='word_1_181' title='bbox 1165 2427 1266 2494; x_wconf 71' lang='lat' dir='ltr'>ancus</span> 
     </span>
     <span class='ocr_line' id='line_1_22' title="bbox 151 2534 1265 2618; baseline -0.005 -20"><span class='ocrx_word' id='word_1_182' title='bbox 151 2541 208 2608; x_wconf 81' lang='lat' dir='ltr'>est,</span> <span class='ocrx_word' id='word_1_183' title='bbox 233 2555 324 2618; x_wconf 89' lang='lat' dir='ltr'>quam</span> <span class='ocrx_word' id='word_1_184' title='bbox 352 2535 406 2599; x_wconf 89' lang='lat' dir='ltr'>lob</span> <span class='ocrx_word' id='word_1_185' title='bbox 430 2542 523 2618; x_wconf 84' lang='lat' dir='ltr'>atque</span> <span class='ocrx_word' id='word_1_186' title='bbox 547 2535 722 2599; x_wconf 76' lang='lat' dir='ltr'>Hieremia.</span> <span class='ocrx_word' id='word_1_187' title='bbox 770 2556 828 2599; x_wconf 89' lang='lat' dir='ltr'>uon</span> <span class='ocrx_word' id='word_1_188' title='bbox 846 2537 926 2600; x_wconf 86' lang='lat' dir='ltr'>euim</span> <span class='ocrx_word' id='word_1_189' title='bbox 944 2534 1122 2611; x_wconf 86' lang='lat' dir='ltr'>incolatum,</span> <span class='ocrx_word' id='word_1_190' title='bbox 1146 2534 1197 2600; x_wconf 85' lang='lat' dir='ltr'>sed</span> <span class='ocrx_word' id='word_1_191' title='bbox 1216 2548 1265 2614; x_wconf 87' lang='lat' dir='ltr'>pru·</span> 
     </span>
     <span class='ocr_line' id='line_1_23' title="bbox 151 2633 1263 2721; baseline -0.009 -21"><span class='ocrx_word' id='word_1_192' title='bbox 151 2637 310 2721; x_wconf 84' lang='lat' dir='ltr'>longatum</span> <span class='ocrx_word' id='word_1_193' title='bbox 344 2637 510 2704; x_wconf 85' lang='lat' dir='ltr'>incolatum</span> <span class='ocrx_word' id='word_1_194' title='bbox 546 2659 632 2703; x_wconf 89' lang='lat' dir='ltr'>suum</span> <span class='ocrx_word' id='word_1_195' title='bbox 669 2639 813 2721; x_wconf 68' lang='lat' dir='ltr'>queritur:</span> <span class='ocrx_word' id='word_1_196' title='bbox 860 2659 931 2703; x_wconf 87' lang='lat' dir='ltr'>nam</span> <span class='ocrx_word' id='word_1_197' title='bbox 967 2654 1034 2719; x_wconf 86' lang='lat' dir='ltr'>post</span> <span class='ocrx_word' id='word_1_198' title='bbox 1066 2638 1172 2719; x_wconf 78' lang='lat' dir='ltr'>prolixi</span> <span class='ocrx_word' id='word_1_199' title='bbox 1199 2633 1263 2699; x_wconf 87' lang='lat' dir='ltr'>huius</span> 
     </span>
     <span class='ocr_line' id='line_1_24' title="bbox 151 2731 1262 2826; baseline -0.003 -21"><span class='ocrx_word' id='word_1_200' title='bbox 151 2741 299 2806; x_wconf 80' lang='lat' dir='ltr'>incolatus</span> <span class='ocrx_word' id='word_1_201' title='bbox 323 2743 369 2807; x_wconf 89' lang='lat' dir='ltr'>sui</span> <span class='ocrx_word' id='word_1_202' title='bbox 393 2741 562 2825; x_wconf 89' lang='lat' dir='ltr'>querellam</span> <span class='ocrx_word' id='word_1_203' title='bbox 585 2744 783 2826; x_wconf 87' lang='lat' dir='ltr'>consequitur</span> <span class='ocrx_word' id='word_1_204' title='bbox 806 2745 844 2807; x_wconf 88' lang='lat' dir='ltr'>ad</span> <span class='ocrx_word' id='word_1_205' title='bbox 868 2743 908 2818; x_wconf 74' lang='lat' dir='ltr'>id,</span> <span class='ocrx_word' id='word_1_206' title='bbox 933 2743 1014 2825; x_wconf 90' lang='lat' dir='ltr'>quod</span> <span class='ocrx_word' id='word_1_207' title='bbox 1039 2744 1096 2806; x_wconf 88' lang='lat' dir='ltr'>ait:</span> <span class='ocrx_word' id='word_1_208' title='bbox 1122 2742 1190 2807; x_wconf 89' lang='lat' dir='ltr'>heu</span> <span class='ocrx_word' id='word_1_209' title='bbox 1210 2731 1262 2802; x_wconf 68' lang='lat' dir='ltr'>nt!</span> 
     </span>
     <span class='ocr_line' id='line_1_25' title="bbox 151 2833 1260 2931; baseline -0.003 -21"><span class='ocrx_word' id='word_1_210' title='bbox 151 2846 253 2930; x_wconf 90' lang='lat' dir='ltr'>quod</span> <span class='ocrx_word' id='word_1_211' title='bbox 289 2845 494 2911; x_wconf 81' lang='lat' dir='ltr'>incolatus</span> <span class='ocrx_word' id='word_1_212' title='bbox 529 2867 638 2912; x_wconf 88' lang='lat' dir='ltr'>meus</span> <span class='ocrx_word' id='word_1_213' title='bbox 677 2847 948 2931; x_wconf 72' lang='lat' dir='ltr'>prolongatus</span> <span class='ocrx_word' id='word_1_214' title='bbox 987 2858 1064 2918; x_wconf 82' lang='lat' dir='ltr'>est,</span> <span class='ocrx_word' id='word_1_215' title='bbox 1105 2833 1260 2911; x_wconf 78' lang='lat' dir='ltr'>habitati</span> 
     </span>
     <span class='ocr_line' id='line_1_26' title="bbox 98 2949 1259 3034; baseline -0.005 -20"><span class='ocrx_word' id='word_1_216' title='bbox 98 2975 102 2985; x_wconf 91' lang='lat'>·</span> <span class='ocrx_word' id='word_1_217' title='bbox 150 2971 235 3015; x_wconf 92' lang='lat' dir='ltr'>cum</span> <span class='ocrx_word' id='word_1_218' title='bbox 259 2949 545 3014; x_wconf 87' lang='lat' dir='ltr'>habitantibus</span> <span class='ocrx_word' id='word_1_219' title='bbox 570 2949 707 3015; x_wconf 84' lang='lat' dir='ltr'>Oedar.</span> <span class='ocrx_word' id='word_1_220' title='bbox 755 2950 855 3016; x_wconf 86' lang='lat' dir='ltr'>Cedar</span> <span class='ocrx_word' id='word_1_221' title='bbox 878 2972 956 3034; x_wconf 69' lang='lat' dir='ltr'>geris</span> <span class='ocrx_word' id='word_1_222' title='bbox 980 2959 1027 3015; x_wconf 86' lang='lat' dir='ltr'>est</span> <span class='ocrx_word' id='word_1_223' title='bbox 1047 2949 1259 3016; x_wconf 74' lang='lat' dir='ltr'>ismahelitarum</span> 
     </span>
    </p>
   </div>
   <div class='ocr_carea' id='block_1_4' title="bbox 191 3160 807 3226">
    <p class='ocr_par' dir='ltr' id='par_1_4' title="bbox 191 3160 807 3226">
     <span class='ocr_line' id='line_1_27' title="bbox 191 3160 807 3226; baseline -0.005 -14"><span class='ocrx_word' id='word_1_224' title='bbox 191 3160 346 3212; x_wconf 72' lang='lat' dir='ltr'>‘dllicrem</span> <span class='ocrx_word' id='word_1_225' title='bbox 365 3160 423 3222; x_wconf 82' lang='lat' dir='ltr'>XX,</span> <span class='ocrx_word' id='word_1_226' title='bbox 446 3161 477 3211; x_wconf 85' lang='lat' dir='ltr'>lt</span> <span class='ocrx_word' id='word_1_227' title='bbox 496 3177 534 3226; x_wconf 83' lang='lat' dir='ltr'>sq.</span> <span class='ocrx_word' id='word_1_228' title='bbox 571 3163 587 3212; x_wconf 78' lang='lat'>4</span> <span class='ocrx_word' id='word_1_229' title='bbox 607 3160 725 3212; x_wconf 79' lang='lat' dir='ltr'>llicrem.</span> <span class='ocrx_word' id='word_1_230' title='bbox 747 3162 764 3225; x_wconf 93' lang='lat' dir='ltr'>l,</span> <span class='ocrx_word' id='word_1_231' title='bbox 784 3162 807 3212; x_wconf 83' lang='lat'>5.</span> 
     </span>
    </p>
   </div>
   <div class='ocr_carea' id='block_1_5' title="bbox 144 3329 1284 4289">
    <p class='ocr_par' dir='ltr' id='par_1_5' title="bbox 144 3329 1284 4289">
     <span class='ocr_line' id='line_1_28' title="bbox 193 3329 1259 3419; baseline -0.003 -16"><span class='ocrx_word' id='word_1_232' title='bbox 193 3355 204 3403; x_wconf 97' lang='lat' dir='ltr'>l</span> <span class='ocrx_word' id='word_1_233' title='bbox 226 3368 290 3404; x_wconf 88' lang='lat' dir='ltr'>occe</span> <span class='ocrx_word' id='word_1_234' title='bbox 308 3351 445 3403; x_wconf 84' lang='lat' dir='ltr'>masculus</span> <span class='ocrx_word' id='word_1_235' title='bbox 459 3351 510 3403; x_wconf 78' lang='grc' dir='ltr'>ΒΤ</span> <span class='ocrx_word' id='word_1_236' title='bbox 528 3365 591 3402; x_wconf 86' lang='lat' dir='ltr'>ecoe</span> <span class='ocrx_word' id='word_1_237' title='bbox 610 3350 747 3404; x_wconf 84' lang='lat' dir='ltr'>masculus</span> <span class='ocrx_word' id='word_1_238' title='bbox 767 3357 847 3404; x_wconf 83' lang='lat' dir='ltr'>natus</span> <span class='ocrx_word' id='word_1_239' title='bbox 866 3357 907 3404; x_wconf 88' lang='lat' dir='ltr'>est</span> <span class='ocrx_word' id='word_1_240' title='bbox 923 3351 949 3403; x_wconf 81' lang='lat' dir='ltr'><em>E</em></span> <span class='ocrx_word' id='word_1_241' title='bbox 999 3352 1017 3403; x_wconf 79' lang='lat' dir='ltr'>a</span> <span class='ocrx_word' id='word_1_242' title='bbox 1035 3352 1146 3419; x_wconf 82' lang='lat' dir='ltr'>genitus</span> <span class='ocrx_word' id='word_1_243' title='bbox 1164 3329 1259 3402; x_wconf 65' lang='lat' dir='ltr'>sumllf</span> 
     </span>
     <span class='ocr_line' id='line_1_29' title="bbox 147 3426 1258 3505; baseline -0.002 -16"><span class='ocrx_word' id='word_1_244' title='bbox 147 3456 177 3490; x_wconf 80' lang='lat' dir='ltr'>es</span> <span class='ocrx_word' id='word_1_245' title='bbox 194 3442 275 3490; x_wconf 86' lang='lat' dir='ltr'>natus</span> <span class='ocrx_word' id='word_1_246' title='bbox 294 3438 399 3490; x_wconf 88' lang='lat' dir='ltr'>san</span> <span class='ocrx_word' id='word_1_247' title='bbox 450 3437 589 3505; x_wconf 88' lang='lat' dir='ltr'>4adquin</span> <span class='ocrx_word' id='word_1_248' title='bbox 608 3434 648 3502; x_wconf 87' lang='lat' dir='ltr'>(in</span> <span class='ocrx_word' id='word_1_249' title='bbox 667 3439 693 3490; x_wconf 84' lang='lat' dir='ltr'>in</span> <span class='ocrx_word' id='word_1_250' title='bbox 712 3455 764 3490; x_wconf 85' lang='lat' dir='ltr'>roa.</span> <span class='ocrx_word' id='word_1_251' title='bbox 783 3456 815 3491; x_wconf 86' lang='lat' dir='ltr'>m.</span> <span class='ocrx_word' id='word_1_252' title='bbox 835 3438 863 3500; x_wconf 78' lang='lat'>1)</span> <span class='ocrx_word' id='word_1_253' title='bbox 883 3437 908 3490; x_wconf 88' lang='lat' dir='ltr'><em>R</em></span> <span class='ocrx_word' id='word_1_254' title='bbox 926 3438 1004 3505; x_wconf 88' lang='lat' dir='ltr'>atqui</span> <span class='ocrx_word' id='word_1_255' title='bbox 1024 3439 1063 3489; x_wconf 85' lang='lat' dir='ltr'>Te</span> <span class='ocrx_word' id='word_1_256' title='bbox 1117 3437 1182 3492; x_wconf 82' lang='lat' dir='ltr'>ode</span> <span class='ocrx_word' id='word_1_257' title='bbox 1199 3426 1258 3487; x_wconf 77' lang='lat' dir='ltr'>nul¹¹⁸</span> 
     </span>
     <span class='ocr_line' id='line_1_30' title="bbox 148 3507 1260 3592; baseline -0.003 -17"><span class='ocrx_word' id='word_1_258' title='bbox 148 3525 186 3576; x_wconf 85' lang='lat' dir='ltr'>&#39;I&#39;d</span> <span class='ocrx_word' id='word_1_259' title='bbox 205 3522 320 3577; x_wconf 85' lang='lat' dir='ltr'>deuulsa</span> <span class='ocrx_word' id='word_1_260' title='bbox 340 3525 365 3577; x_wconf 92' lang='lat' dir='ltr'><em>R</em></span> <span class='ocrx_word' id='word_1_261' title='bbox 383 3525 417 3577; x_wconf 89' lang='lat' dir='ltr'>de</span> <span class='ocrx_word' id='word_1_262' title='bbox 436 3531 564 3577; x_wconf 85' lang='lat' dir='ltr'>uentree</span> <span class='ocrx_word' id='word_1_263' title='bbox 618 3524 758 3577; x_wconf 88' lang='lat' dir='ltr'>maledicit</span> <span class='ocrx_word' id='word_1_264' title='bbox 786 3525 908 3592; x_wconf 84' lang='lat' dir='ltr'>coepisse</span> <span class='ocrx_word' id='word_1_265' title='bbox 934 3525 972 3576; x_wconf 83' lang='lat' dir='ltr'>Re</span> <span class='ocrx_word' id='word_1_266' title='bbox 996 3524 1146 3581; x_wconf 86' lang='lat' dir='ltr'>maledicat</span> <span class='ocrx_word' id='word_1_267' title='bbox 1172 3507 1260 3577; x_wconf 70' lang='lat' dir='ltr'>esaell</span> 
     </span>
     <span class='ocr_line' id='line_1_31' title="bbox 147 3595 1263 3680; baseline -0.011 -17"><span class='ocrx_word' id='word_1_268' title='bbox 147 3613 162 3663; x_wconf 87' lang='grc'>7</span> <span class='ocrx_word' id='word_1_269' title='bbox 181 3618 254 3664; x_wconf 79' lang='lat' dir='ltr'>essct</span> <span class='ocrx_word' id='word_1_270' title='bbox 273 3612 326 3662; x_wconf 83' lang='lat' dir='ltr'>TE</span> <span class='ocrx_word' id='word_1_271' title='bbox 342 3618 385 3664; x_wconf 90' lang='lat' dir='ltr'>eet</span> <span class='ocrx_word' id='word_1_272' title='bbox 405 3612 430 3664; x_wconf 89' lang='lat' dir='ltr'><em>R</em></span> <span class='ocrx_word' id='word_1_273' title='bbox 483 3611 609 3679; x_wconf 79' lang='lat' dir='ltr'>cognitus</span> <span class='ocrx_word' id='word_1_274' title='bbox 628 3617 655 3664; x_wconf 85' lang='lat' dir='ltr'>et</span> <span class='ocrx_word' id='word_1_275' title='bbox 675 3611 726 3664; x_wconf 88' lang='lat' dir='ltr'>RT</span> <span class='ocrx_word' id='word_1_276' title='bbox 744 3612 870 3680; x_wconf 80' lang='lat' dir='ltr'>cognitus</span> <span class='ocrx_word' id='word_1_277' title='bbox 895 3618 982 3665; x_wconf 85' lang='lat' dir='ltr'>estet</span> <span class='ocrx_word' id='word_1_278' title='bbox 1003 3613 1030 3663; x_wconf 84' lang='lat' dir='ltr'><em>E</em></span> <span class='ocrx_word' id='word_1_279' title='bbox 1082 3616 1099 3667; x_wconf 87' lang='lat'>9</span> <span class='ocrx_word' id='word_1_280' title='bbox 1117 3612 1145 3665; x_wconf 91' lang='lat' dir='ltr'>in</span> <span class='ocrx_word' id='word_1_281' title='bbox 1169 3595 1263 3664; x_wconf 85' lang='lat' dir='ltr'>sanctifi·</span> 
     </span>
     <span class='ocr_line' id='line_1_32' title="bbox 147 3689 1263 3754; baseline 0 -4"><span class='ocrx_word' id='word_1_282' title='bbox 147 3699 282 3750; x_wconf 78' lang='lat' dir='ltr'>ostionem</span> <span class='ocrx_word' id='word_1_283' title='bbox 297 3699 357 3751; x_wconf 75' lang='lat' dir='ltr'>nat</span> <span class='ocrx_word' id='word_1_284' title='bbox 376 3697 620 3752; x_wconf 85' lang='lat' dir='ltr'>sanctificationem</span> <span class='ocrx_word' id='word_1_285' title='bbox 634 3700 669 3749; x_wconf 77' lang='lat' dir='ltr'>Te</span> <span class='ocrx_word' id='word_1_286' title='bbox 725 3702 757 3753; x_wconf 89' lang='lat'>10</span> <span class='ocrx_word' id='word_1_287' title='bbox 775 3716 803 3751; x_wconf 88' lang='lat' dir='ltr'>se</span> <span class='ocrx_word' id='word_1_288' title='bbox 822 3699 928 3752; x_wconf 85' lang='lat' dir='ltr'>scilicet</span> <span class='ocrx_word' id='word_1_289' title='bbox 940 3699 981 3751; x_wconf 79' lang='lat' dir='ltr'>Ru</span> <span class='ocrx_word' id='word_1_290' title='bbox 999 3700 1108 3754; x_wconf 87' lang='lat' dir='ltr'>scilicet</span> <span class='ocrx_word' id='word_1_291' title='bbox 1119 3701 1156 3753; x_wconf 87' lang='lat' dir='ltr'>Te</span> <span class='ocrx_word' id='word_1_292' title='bbox 1206 3697 1232 3751; x_wconf 78' lang='grc'>11</span> <span class='ocrx_word' id='word_1_293' title='bbox 1244 3689 1263 3743; x_wconf 74' lang='lat' dir='ltr'>il</span> 
     </span>
     <span class='ocr_line' id='line_1_33' title="bbox 146 3774 1267 3856; baseline 0.004 -21"><span class='ocrx_word' id='word_1_294' title='bbox 146 3786 301 3838; x_wconf 83' lang='lat' dir='ltr'>substantia</span> <span class='ocrx_word' id='word_1_295' title='bbox 312 3787 351 3837; x_wconf 77' lang='lat' dir='ltr'>Ta</span> <span class='ocrx_word' id='word_1_296' title='bbox 360 3786 389 3838; x_wconf 93' lang='lat' dir='ltr'>in</span> <span class='ocrx_word' id='word_1_297' title='bbox 400 3787 582 3840; x_wconf 82' lang='lat' dir='ltr'>substant-iam</span> <span class='ocrx_word' id='word_1_298' title='bbox 592 3787 632 3839; x_wconf 89' lang='lat' dir='ltr'>Re</span> <span class='ocrx_word' id='word_1_299' title='bbox 687 3789 718 3839; x_wconf 83' lang='lat'>13</span> <span class='ocrx_word' id='word_1_300' title='bbox 738 3786 760 3840; x_wconf 71' lang='lat' dir='ltr'><em>R</em></span> <span class='ocrx_word' id='word_1_301' title='bbox 771 3785 943 3854; x_wconf 83' lang='lat' dir='ltr'>figurationis</span> <span class='ocrx_word' id='word_1_302' title='bbox 954 3787 979 3838; x_wconf 92' lang='lat' dir='ltr'><em>R</em></span> <span class='ocrx_word' id='word_1_303' title='bbox 989 3803 1040 3840; x_wconf 87' lang='lat' dir='ltr'>nec</span> <span class='ocrx_word' id='word_1_304' title='bbox 1053 3786 1224 3856; x_wconf 79' lang='lat' dir='ltr'>figurationis</span> <span class='ocrx_word' id='word_1_305' title='bbox 1232 3774 1267 3834; x_wconf 71' lang='grc' dir='ltr'>ΤΕ</span> 
     </span>
     <span class='ocr_line' id='line_1_34' title="bbox 145 3867 1271 3944; baseline 0 -23"><span class='ocrx_word' id='word_1_306' title='bbox 145 3869 257 3924; x_wconf 84' lang='lat' dir='ltr'>hortum</span> <span class='ocrx_word' id='word_1_307' title='bbox 274 3873 299 3923; x_wconf 99' lang='lat' dir='ltr'><em>R</em></span> <span class='ocrx_word' id='word_1_308' title='bbox 353 3876 385 3926; x_wconf 88' lang='grc'>16</span> <span class='ocrx_word' id='word_1_309' title='bbox 404 3874 458 3925; x_wconf 92' lang='lat' dir='ltr'>iam</span> <span class='ocrx_word' id='word_1_310' title='bbox 477 3892 524 3925; x_wconf 72' lang='lat' dir='ltr'>orat.</span> <span class='ocrx_word' id='word_1_311' title='bbox 544 3875 569 3925; x_wconf 88' lang='lat' dir='ltr'><em>R</em></span> <span class='ocrx_word' id='word_1_312' title='bbox 622 3872 784 3926; x_wconf 86' lang='lat' dir='ltr'>confirmato</span> <span class='ocrx_word' id='word_1_313' title='bbox 804 3873 829 3925; x_wconf 90' lang='lat' dir='ltr'><em>R</em></span> <span class='ocrx_word' id='word_1_314' title='bbox 847 3873 881 3940; x_wconf 70' lang='lat' dir='ltr'>of.</span> <span class='ocrx_word' id='word_1_315' title='bbox 898 3874 979 3926; x_wconf 85' lang='lat' dir='ltr'>Aoud.</span> <span class='ocrx_word' id='word_1_316' title='bbox 996 3892 1024 3944; x_wconf 84' lang='lat' dir='ltr'>p.</span> <span class='ocrx_word' id='word_1_317' title='bbox 1044 3873 1082 3927; x_wconf 70' lang='lat' dir='ltr'>lt·</span> <span class='ocrx_word' id='word_1_318' title='bbox 1138 3876 1171 3929; x_wconf 80' lang='lat'>18</span> <span class='ocrx_word' id='word_1_319' title='bbox 1188 3867 1271 3927; x_wconf 82' lang='lat' dir='ltr'>saucii·</span> 
     </span>
     <span class='ocr_line' id='line_1_35' title="bbox 146 3954 1275 4029; baseline 0.004 -22"><span class='ocrx_word' id='word_1_320' title='bbox 146 3954 351 4010; x_wconf 80' lang='lat' dir='ltr'>ficatiouoRTd</span> <span class='ocrx_word' id='word_1_321' title='bbox 370 3959 601 4028; x_wconf 78' lang='lat' dir='ltr'>significationce</span> <span class='ocrx_word' id='word_1_322' title='bbox 655 3962 689 4014; x_wconf 77' lang='lat'>20</span> <span class='ocrx_word' id='word_1_323' title='bbox 707 3961 735 4012; x_wconf 90' lang='lat' dir='ltr'>in</span> <span class='ocrx_word' id='word_1_324' title='bbox 755 3960 1038 4013; x_wconf 80' lang='lat' dir='ltr'>multumRmultum</span> <span class='ocrx_word' id='word_1_325' title='bbox 1050 3961 1104 4013; x_wconf 87' lang='lat' dir='ltr'>TE</span> <span class='ocrx_word' id='word_1_326' title='bbox 1154 3964 1189 4016; x_wconf 76' lang='grc'>211</span> <span class='ocrx_word' id='word_1_327' title='bbox 1207 3974 1275 4029; x_wconf 84' lang='lat' dir='ltr'>quae·</span> 
     </span>
     <span class='ocr_line' id='line_1_36' title="bbox 144 4043 1278 4116; baseline 0.004 -22"><span class='ocrx_word' id='word_1_328' title='bbox 144 4043 217 4096; x_wconf 86' lang='lat' dir='ltr'>ritur</span> <span class='ocrx_word' id='word_1_329' title='bbox 236 4045 288 4095; x_wconf 85' lang='lat' dir='ltr'>RI’</span> <span class='ocrx_word' id='word_1_330' title='bbox 337 4048 416 4098; x_wconf 85' lang='lat' dir='ltr'>aerbo</span> <span class='ocrx_word' id='word_1_331' title='bbox 434 4064 498 4098; x_wconf 88' lang='lat' dir='ltr'>nam</span> <span class='ocrx_word' id='word_1_332' title='bbox 517 4053 579 4113; x_wconf 88' lang='lat' dir='ltr'>post</span> <span class='ocrx_word' id='word_1_333' title='bbox 598 4074 630 4082; x_wconf 96' lang='lat'><em>-</em></span> <span class='ocrx_word' id='word_1_334' title='bbox 650 4047 836 4115; x_wconf 81' lang='lat' dir='ltr'>consequitur,</span> <span class='ocrx_word' id='word_1_335' title='bbox 858 4064 922 4115; x_wconf 67' lang='lat' dir='ltr'>qliae</span> <span class='ocrx_word' id='word_1_336' title='bbox 941 4058 1027 4100; x_wconf 73' lang='lat' dir='ltr'>estuat</span> <span class='ocrx_word' id='word_1_337' title='bbox 1046 4049 1073 4099; x_wconf 87' lang='lat' dir='ltr'>ia</span> <span class='ocrx_word' id='word_1_338' title='bbox 1094 4048 1155 4116; x_wconf 83' lang='lat' dir='ltr'>RE,</span> <span class='ocrx_word' id='word_1_339' title='bbox 1174 4067 1222 4102; x_wconf 82' lang='lat' dir='ltr'>om.</span> <span class='ocrx_word' id='word_1_340' title='bbox 1241 4045 1278 4098; x_wconf 70' lang='lat' dir='ltr'>tt</span> 
     </span>
     <span class='ocr_line' id='line_1_37' title="bbox 144 4131 1283 4199; baseline 0.006 -16"><span class='ocrx_word' id='word_1_341' title='bbox 144 4131 178 4183; x_wconf 79' lang='lat'>23</span> <span class='ocrx_word' id='word_1_342' title='bbox 197 4131 355 4198; x_wconf 83' lang='lat' dir='ltr'>quaerelam</span> <span class='ocrx_word' id='word_1_343' title='bbox 382 4150 411 4185; x_wconf 78' lang='lat' dir='ltr'>es</span> <span class='ocrx_word' id='word_1_344' title='bbox 439 4133 606 4199; x_wconf 76' lang='lat' dir='ltr'>quaet-ellam</span> <span class='ocrx_word' id='word_1_345' title='bbox 635 4134 660 4185; x_wconf 95' lang='lat' dir='ltr'><em>R</em></span> <span class='ocrx_word' id='word_1_346' title='bbox 713 4136 747 4185; x_wconf 71' lang='lat'>24</span> <span class='ocrx_word' id='word_1_347' title='bbox 765 4133 890 4186; x_wconf 88' lang='lat' dir='ltr'>habitaui</span> <span class='ocrx_word' id='word_1_348' title='bbox 924 4134 999 4186; x_wconf 86' lang='lat' dir='ltr'>l&#39;RP</span> <span class='ocrx_word' id='word_1_349' title='bbox 1027 4144 1052 4187; x_wconf 85' lang='lat' dir='ltr'>et</span> <span class='ocrx_word' id='word_1_350' title='bbox 1086 4134 1212 4190; x_wconf 85' lang='lat' dir='ltr'>habitaui</span> <span class='ocrx_word' id='word_1_351' title='bbox 1239 4136 1283 4189; x_wconf 80' lang='lat' dir='ltr'>TE</span> 
     </span>
     <span class='ocr_line' id='line_1_38' title="bbox 144 4217 1284 4289; baseline 0.012 -21"><span class='ocrx_word' id='word_1_352' title='bbox 144 4218 178 4269; x_wconf 77' lang='grc'>25</span> <span class='ocrx_word' id='word_1_353' title='bbox 197 4217 295 4269; x_wconf 85' lang='lat' dir='ltr'>caedar</span> <span class='ocrx_word' id='word_1_354' title='bbox 320 4218 367 4270; x_wconf 76' lang='lat' dir='ltr'>VR</span> <span class='ocrx_word' id='word_1_355' title='bbox 395 4231 417 4271; x_wconf 80' lang='lat' dir='ltr'>et</span> <span class='ocrx_word' id='word_1_356' title='bbox 444 4223 481 4271; x_wconf 78' lang='lat' dir='ltr'>sic</span> <span class='ocrx_word' id='word_1_357' title='bbox 499 4223 525 4271; x_wconf 85' lang='lat' dir='ltr'>iu</span> <span class='ocrx_word' id='word_1_358' title='bbox 549 4239 598 4289; x_wconf 72' lang='lat' dir='ltr'>aeq.</span> <span class='ocrx_word' id='word_1_359' title='bbox 653 4219 872 4273; x_wconf 70' lang='lat' dir='ltr'>ismahelitarum</span> <span class='ocrx_word' id='word_1_360' title='bbox 898 4221 945 4273; x_wconf 80' lang='lat' dir='ltr'>l&#39;R</span> <span class='ocrx_word' id='word_1_361' title='bbox 972 4221 1217 4279; x_wconf 83' lang='lat' dir='ltr'>hismahelitarum</span> <span class='ocrx_word' id='word_1_362' title='bbox 1236 4225 1284 4282; x_wconf 64' lang='lat' dir='ltr'>lu.</span> 
     </span>
    </p>
   </div>
   <div class='ocr_carea' id='block_1_6' title="bbox 0 0 1400 4844">
    <p class='ocr_par' dir='ltr' id='par_1_6' title="bbox 0 0 1400 4844">
     <span class='ocr_line' id='line_1_39' title="bbox 0 0 1400 4844; baseline 0 4"><span class='ocrx_word' id='word_1_363' title='bbox 0 0 1400 4844; x_wconf 95' lang='lat' dir='ltr'> </span> 
     </span>
    </p>
   </div>
  </div>
 </body>
</html>
