2790 4844
208 236 271 301 412
548 236 665 289 sancti
689 235 823 289 Hilarii
848 236 1009 305 episcopi

207 427 280 494 inde
304 427 395 507 coepit
418 429 524 504 oratio,
548 427 629 491 unde
653 440 682 492 et
713 425 794 492 salus
825 425 949 491 inchoat
978 427 1185 508 deprecantis.
1234 429 1356 504 dehine,

207 553 248 608 ue
272 553 309 598 er
332 533 450 596 incerta
474 539 504 596 et
526 531 682 611 inopinata
706 551 761 612 spe
783 532 903 611 precari
934 532 1085 612 propheta
1115 534 1353 600 existimaretur.

207 636 344 718 primum
369 635 622 710 misericordiam,
648 634 762 700 dehinc
779 634 912 700 salutare
927 644 1157 702 commemorat.
1181 648 1250 703 tum
1267 639 1353 704 tertio

208 741 354 806 subiecit:
379 740 597 804 secuudum
622 739 786 803 uerbum
809 747 925 816 tuum,
942 746 976 804 ut
990 738 1071 805 hene
1087 742 1194 806 orandi
1207 741 1347 807 fiduciam

168 871 181 908 e
208 843 362 926 proficisci
396 844 566 908 secuudum
601 843 729 907 uerbum
769 843 828 914 dei,
868 844 899 907 id
938 850 985 909 est
1021 864 1059 909 er
1097 845 1238 911 doctriua
1275 846 1347 930 legis

208 949 393 1014 ostenderet.

252 1052 280 1116 3.
304 1051 379 1116 Post
402 1050 482 1115 huuc
507 1052 611 1134 itaque
634 1051 778 1131 perfectae
812 1051 956 1115 orationis
979 1052 1119 1117 ordinem
1143 1053 1176 1117 id
1198 1054 1339 1136 sequitur:

208 1164 248 1221 et
270 1156 526 1237 respondebo
550 1155 899 1235 exprobrantibus
934 1156 1032 1221 mihi
1057 1157 1234 1234 uerbum,
1259 1157 1335 1242 quia

208 1261 372 1340 speraui
397 1260 433 1324 iu
458 1259 595 1323 uerbis
632 1260 720 1323 tuis.
767 1267 851 1324 tenet
873 1260 1012 1324 ordinem
1037 1261 1116 1325 ratio
1140 1262 1289 1342 perfecta:
1307 1260 1332 1334 si.

156 1390 181 1427 ιο
209 1364 316 1447 iuquit,
340 1365 371 1428 iu
396 1384 446 1428 me
470 1363 572 1428 ueniat
594 1363 804 1428 misericordia
827 1371 880 1427 tua
902 1371 933 1428 et
963 1361 1098 1429 salutare
1129 1371 1213 1428 tuum
1243 1382 1331 1430 secun·

208 1469 282 1532 dum
306 1468 436 1533 uerbum
461 1474 546 1531 tuum
570 1475 693 1532 etate
717 1465 804 1532 fuero
828 1467 1072 1532 misericordiam
1108 1477 1284 1534 consecutus
1307 1471 1329 1528 et

208 1594 226 1636 a
250 1579 281 1636 te
304 1578 512 1641 conseruatus.
535 1578 569 1635 ut
596 1572 798 1652 spopondisti.
828 1591 1023 1654 consequeus
1053 1573 1121 1653 erit,
1153 1572 1265 1637 uthis.
1289 1568 1326 1652 qui

208 1676 416 1757 insipientiam
441 1675 518 1739 mibi
542 1683 572 1740 et
595 1695 731 1740 errorem
755 1675 820 1755 spei
844 1683 875 1739 et
899 1676 1027 1740 ueritum
1051 1674 1118 1752 hoc,
1151 1677 1232 1760 quod
1259 1677 1283 1740 iu
1305 1679 1326 1734 tc

208 1801 308 1860 spero.
347 1780 540 1860 exprobrant.
578 1781 792 1860 respondeam.
837 1779 911 1862 quid
945 1780 1048 1862 itaque
1086 1781 1236 1846 aduersus
1266 1778 1324 1842 haue

157 1907 183 1945 aa
211 1883 370 1965 propheta
401 1885 634 1963 responsionem
666 1884 851 1963 exprobrare
886 1882 1064 1968 inreligiosa
1098 1905 1188 1949 mens
1217 1876 1324 1965 poterit?

209 1988 421 2053 misericordia
452 1989 586 2068 primum
617 1994 719 2051 uratur
742 2007 760 2050 a·
789 1987 856 2064 deo,
887 1986 970 2052 salus
1001 1987 1094 2052 etiam
1126 1996 1322 2069 expectatura

208 2093 283 2162 deo:
308 2091 419 2156 deiude
443 2112 512 2155 earu
536 2092 739 2174 spopondisse
761 2111 814 2170 per
829 2091 956 2156 uerbum
972 2112 1061 2155 suum
1079 2092 1155 2158 deus
1170 2090 1321 2158 ostenditur.
1382 2094 1385 2121 ³

208 2195 398 2261 concluditur
420 2197 522 2279 itaque
546 2196 793 2275 exprobrantium
818 2196 960 2277 impietas
989 2196 1027 2259 ab
1062 2196 1119 2273 bis,
1153 2198 1203 2280 qui
1235 2196 1262 2259 in
1286 2185 1320 2252 dei
1380 2206 1385 2233 1

208 2299 312 2364 uerbis
335 2308 473 2380 sperant:
498 2320 567 2364 cum
592 2300 714 2382 quaudo
737 2299 815 2364 deus
838 2300 1031 2379 praedicatur,
1057 2307 1089 2364 et
1107 2296 1319 2366 misericordium
1380 2309 1385 2333 ¹

156 2423 182 2462 ao
209 2411 240 2468 et
263 2402 392 2468 salutem
417 2404 455 2468 ab
480 2424 515 2469 eo
539 2404 731 2468 credentium
755 2402 835 2468 fides
858 2412 969 2484 sperat,
994 2411 1025 2468 et
1044 2405 1184 2469 doctrina
1202 2391 1318 2477 haerenti
1380 2400 1385 2437 ³

208 2516 319 2572 nostrae.
343 2508 392 2583 sit,
416 2517 448 2571 ut
472 2514 575 2571 oratus
598 2514 629 2572 et
653 2509 835 2571 misereatur
857 2519 888 2573 et
910 2506 1016 2572 soluat.

251 2612 281 2675 4.
306 2611 594 2694 Dehiucsequitur:
619 2620 657 2675 et
681 2632 726 2674 ne
750 2610 911 2676 auferas
932 2612 977 2676 de
1001 2633 1068 2676 ore
1085 2610 1316 2677 meouerbuffl
1380 2617 1385 2631 ¹

207 2716 403 2780 ueritatis
426 2735 719 2799 usquequaque
743 2717 881 2782 nimis:
905 2718 999 2799 quia
1019 2717 1056 2779 iu
1074 2716 1241 2781 iudiciis
1260 2706 1317 2775 tuit
1380 2723 1385 2751 '⁴

208 2820 380 2899 sperari.
426 2821 557 2899 accipiat
580 2820 714 2884 humana
737 2820 900 2884 insolentia
923 2818 1105 2884 humititatis
1130 2817 1317 2894 modestiaque
1380 2814 1385 2822 “

155 2942 181 2980 aa
209 2924 388 2988 doctrinam.
435 2924 518 3003 prius
535 2924 683 3004 propbeta
703 2924 828 2989 concedi
845 2924 903 2988 sibi
920 2931 993 2997 orat
1018 2944 1111 3007 quam
1129 2944 1163 2990 se
1179 2925 1207 2989 id
1224 2909 1316 2986 rueretis
1379 2928 1385 2954 ⁴

207 3033 239 3091 ut
259 3027 401 3093 obtineat.
419 3029 563 3092 ostendit.
609 3029 711 3092 omnia
736 3027 800 3092 uult
823 3049 840 3091 a
862 3029 998 3093 bonitate
1022 3028 1070 3093 dei
1094 3029 1124 3092 iu
1146 3049 1179 3094 se
1195 3012 1318 3092 inchoan:
1382 3047 1385 3056 ⁴

253 3149 377 3203 lincoat
395 3168 425 3202 er
443 3149 539 3203 iucoae
559 3151 629 3202 m.2
656 3152 677 3203 1'
727 3150 899 3218 depraecatia
926 3152 972 3203 1'12
1023 3152 1082 3204 det
1101 3166 1137 3204 cx
1154 3150 1281 3218 inopinata
1291 3134 1323 3223 (1

207 3243 235 3291 et
260 3254 295 3290 ex
318 3236 429 3305 opinata
454 3237 478 3289 i'
527 3237 651 3306 praecari
675 3238 724 3291 I'R
751 3249 774 3292 et
800 3240 836 3290 sic
862 3239 1009 3308 aaepbaime
1061 3239 1130 3291 tut
1156 3237 1225 3290 hauc
1248 3248 1286 3286 ort.
1306 3216 1319 3267 ¹³

207 3326 224 3378 5
243 3324 394 3378 secundum
413 3324 568 3377 doctrinam
586 3325 656 3394 legia
672 3326 709 3395 Op
762 3323 998 3378 contenderem
1009 3324 1200 3379 ostenderitR
1247 3303 1324 3384 71)θεῖ

206 3410 280 3464 hunc
290 3411 377 3479 igitur
387 3412 496 3478 itaquae
506 3413 645 3479 perfectae
661 3412 694 3464 iq
747 3411 891 3480 9aperabi
908 3411 941 3464 i'¹
994 3410 1132 3480 perfectae
1148 3410 1183 3464 17ι
1234 3406 1324 3462 10111*

206 3498 266 3552 uiat
290 3498 314 3551 κ’
330 3498 422 3551 ueniet
437 3520 458 3568 p
476 3499 629 3552 uenerit]
681 3497 704 3551 dt
722 3516 738 3552 a
757 3499 872 3553 salutari
892 3498 929 3565 (dr
948 3516 964 3552 a
982 3501 1010 3551 in
1027 3516 1080 3552 raa.
1092 3498 1126 3565 3)
1142 3499 1167 3551 R
1218 3489 1324 3550 tuazsi

801 3592 809 3623 1
1309 3618 1313 3629 .

206 3637 336 3690 11111ῑῆ
390 3639 420 3690 11
441 3643 468 3691 et
487 3643 568 3691 aute
587 3643 765 3692 conseruatua
784 3657 802 3691 u
827 3638 852 3690 V
903 3639 935 3691 12
948 3635 1181 3705 quiudd.ar.2i'
1231 3631 1322 3689 lbiufll'

207 3722 415 3789 pientiamihiR
468 3730 495 3777 et
514 3730 649 3778 terrorem
675 3727 699 3777 1’
749 3728 784 3779 14
801 3725 985 3794 respondeant
1003 3725 1028 3776 l'
1078 3724 1146 3792 quid
1165 3727 1225 3777 odd.
1241 3740 1268 3774 m.
1284 3700 1325 3770 2F

208 3810 240 3860 15
258 3808 415 3877 irreligiosa
430 3812 480 3880 pli
531 3815 563 3865 16
581 3811 789 3865 misecricordia
807 3812 833 3865 R
860 3821 883 3864 et
909 3813 945 3865 sic
964 3813 1027 3880 fere
1045 3829 1146 3882 seraper
1200 3814 1232 3866 17
1247 3797 1325 3862 deind

206 3894 291 3948 etiarn
312 3899 335 3948 t)
349 3896 449 3951 deiude
468 3914 532 3951 cum
557 3899 580 3950 1⁷
596 3898 620 3952 dr
639 3898 703 3952 inde
721 3915 782 3953 eam
797 3919 818 3969 p
836 3904 864 3953 et
883 3898 984 3952 deiude
996 3915 1057 3952 eam
1071 3900 1098 3951 F,
1152 3901 1186 3954 18
1203 3892 1233 3952 di
1244 3895 1326 3951 anun·

206 3980 226 4032 2
260 3983 284 4034 t'
344 3984 375 4036 19
399 4000 462 4036 cum
486 3986 595 4052 quando
619 3991 647 4039 et
674 3987 707 4039 ds
733 3986 756 4038 1·
806 3991 936 4054 precatur
954 3986 983 4038 E
1042 3988 1077 4041 20
1100 3984 1171 4041 tides
1190 4005 1221 4041 cr
1238 3974 1329 4038 fidat
1375 3986 1378 3997 '

205 4122 240 4173 22
259 4065 310 4174 &ne
329 4121 355 4173 R
406 4124 441 4175 at
460 4124 680 4191 modestiaequae
698 4123 757 4176 111ι
810 4126 845 4177 26
863 4124 986 4192 optineat
1006 4125 1031 4177 R
1049 4124 1176 4179 obtineat
1196 4125 1225 4180 id
1248 4125 1272 4179 i'
1315 4117 1335 4175 id
1382 4200 1385 4213 Ι

414 4209 424 4218 a

423 4251 428 4260 ι

206 4224 235 4259 se
252 4207 374 4260 inchoari
400 4209 412 4260 1
