2790 4844
293 290 474 340 tractatus
499 286 533 340 in
558 287 731 356 psalmum
756 288 874 344 CXVIII.
1091 289 1154 354 411

531 473 628 560 Vllll.

87 604 101 663 t
135 599 276 663 ueniat
310 618 431 678 super
465 618 523 664 me
557 600 847 666 misericordia
881 609 955 677 tua,
986 603 1156 680 domine,

78 709 194 767 utare
224 709 329 768 tunm
361 704 579 769 secundum
615 703 820 789 eloquium
843 712 951 771 tuum
975 705 1156 791 etreliqua

78 857 80 869 .
108 805 217 872 Plures
248 808 418 872 secundum
447 807 619 889 apostolum
644 816 722 885 sunt,
753 810 805 892 qui
837 811 1022 890 sapientiam
1053 809 1156 875 saeculi

78 919 179 976 rentes
202 911 386 991 sapientiam
411 913 460 977 dei
484 913 736 992 reprobauerunt,
759 914 798 978 ob
821 915 904 997 qnod
934 914 1058 980 stultam
1083 915 1158 980 lecit
1196 940 1210 979 a

78 1034 88 1078 s
112 1015 216 1079 sacculi
241 1015 435 1095 sapientiam.
470 1016 547 1100 quid
570 1017 653 1082 euim
677 1016 854 1104 infidelibus
877 1017 999 1082 stultius
1023 1024 1081 1095 eet,
1105 1017 1157 1099 qni

78 1124 123 1184 ter
157 1117 242 1183 illum
276 1138 473 1184 communem
509 1120 755 1205 inreligiosorum
794 1141 930 1187 errorem
970 1123 1064 1187 etiam
1098 1119 1158 1187 hoo

81 1223 148 1287 innt
170 1223 290 1303 piaculi,
312 1231 347 1289 ut
369 1224 473 1289 diuina
496 1224 716 1305 scripturarum
740 1224 861 1309 eloquia
882 1231 991 1306 putent
1012 1225 1158 1306 perlectae

78 1327 160 1391 :rinae
194 1346 301 1393 carere
338 1328 477 1394 ratione?
521 1334 553 1394 et
586 1329 658 1412 quia
682 1349 736 1410 pro
768 1330 926 1410 impietate
960 1329 1076 1413 ingenii
1111 1328 1158 1394 sui

78 1450 186 1496 norum
212 1432 364 1497 dictorum
389 1452 519 1513 capaces
542 1453 610 1499 esse
633 1453 693 1497 non
718 1440 856 1514 possunt,¹
876 1434 916 1498 ad
938 1432 1158 1498 contumeliam
1186 1458 1210 1495 n

78 1536 182 1600 estium
206 1536 371 1600 uerbonrm
394 1557 450 1617 pro
473 1537 669 1601 excusatione
703 1536 901 1602 hebetudinis
931 1556 993 1602 sure
1016 1556 1157 1618 promm-

78 1644 94 1702 t
121 1640 266 1717 dicentes,
290 1639 368 1705 nibil
398 1641 429 1705 in
465 1640 515 1705 his
545 1640 736 1717 rationabile,
767 1640 845 1709 nihil
875 1661 945 1707 esse
975 1641 1157 1722 perlectum,

78 1750 154 1808 antes
178 1765 223 1820 ea,
247 1764 315 1827 quae
338 1764 357 1808 a
379 1765 413 1810 se
436 1746 587 1822 dicantur,
619 1745 683 1809 sola
713 1765 782 1811 esse
813 1746 934 1811 emdita
956 1753 988 1810 et
1011 1745 1159 1810 doctrinis

78 1866 101 1910 ae
121 1848 290 1929 pmdentiae
314 1849 462 1932 expolita:
493 1848 577 1914 stulti
610 1851 669 1915 deo
699 1856 859 1934 negantes,
893 1870 963 1933 quac
993 1851 1159 1915 adsumere

78 1948 83 2011 i
101 1951 156 2017 sibi
178 1953 301 2018 audent.
348 1972 406 2018 nec
422 1953 534 2017 mirum
552 1959 606 2032 est,
630 1954 656 2018 si
672 1953 850 2036 inreligiose
867 1954 905 2019 de
921 1953 970 2019 his
986 1955 1158 2034 opinantur,
1185 1975 1211 2014 n

78 2072 145 2120 >mm
167 2058 314 2140 pecudeae
337 2055 535 2122 hebetudinis
565 2057 657 2121 modo
687 2056 931 2141 intellegentiam
961 2078 1021 2122 non
1053 2076 1159 2123 conse·

78 2164 157 2224 ratur.
203 2181 310 2226 nerum
341 2162 483 2244 quamuis
507 2162 538 2225 in
562 2182 597 2226 eo
621 2181 772 2235 sermone,
807 2181 901 2245 quem
935 2162 1074 2242 superius
1105 2161 1159 2225 ha·

78 2278 147 2336 rmus.
169 2263 228 2338 his,
263 2265 315 2347 qui
339 2265 521 2345 sapientiam
547 2266 597 2329 dei
622 2272 800 2349 sequuntur,
823 2267 979 2348 cognitam
1005 2267 1160 2331 dictorum

78 2360 185 2433 laelium
200 2368 422 2448 perlectionem
442 2370 627 2441 existimem,
647 2369 787 2452 nihilque
807 2371 875 2435 ideo
898 2390 976 2443 esse,
1001 2370 1083 2453 qnod
1099 2388 1158 2433 non

78 2482 264 2537 tsummatnm
277 2478 369 2556 atque
380 2473 465 2537 omni
478 2492 516 2538 ex
528 2480 613 2553 parte
626 2473 798 2554 perlectum
811 2474 859 2548 sit,
874 2480 978 2538 tamen
991 2474 1023 2539 id
1036 2492 1158 2556 quoque
1185 2491 1211 2532 ao

78 2586 115 2636 tm
136 2577 164 2639 in
190 2576 238 2641 his
262 2586 356 2642 sextae
379 2576 488 2641 litterae
510 2577 652 2641 uersibus
683 2576 852 2641 absolutius
883 2577 988 2642 licebit
1010 2575 1158 2661 intellegi.

77 2672 98 2736 ’2.
119 2678 187 2744 Post
209 2681 400 2761 superiorem
425 2682 506 2745 enim
530 2700 655 2746 sensum
690 2682 733 2745 ita
764 2681 911 2764 loquitur:
947 2687 986 2746 et
1019 2681 1161 2746 ueniet

83 2795 141 2854 per
161 2805 218 2849 me
242 2784 531 2850 misericordia
554 2792 628 2861 tua,
653 2785 823 2853 domine.
847 2784 1029 2850 salutare
1052 2789 1161 2849 tuum

82 2889 237 2952 cundum
267 2888 432 2952 uerbum
463 2895 578 2953 tuum.
624 2889 869 2954 misericordiam
897 2891 1002 2972 itaque
1025 2890 1159 2970 primum

78 2999 200 3058 lrecetus
223 3006 279 3066 est,
302 2991 417 3057 dehinc
441 2992 581 3057 salutare.
627 2992 710 3057 salus
734 2993 816 3056 enim
851 2998 956 3058 nostra
979 3013 1016 3057 ex
1039 2994 1160 3058 miseri·
1187 3009 1213 3049 w

78 3086 129 3156 ldie
146 3097 193 3161 dei
218 3105 274 3173 est,
309 3104 341 3161 et
370 3097 515 3161 honitatis
546 3117 610 3160 suae
643 3097 701 3161 hoo
731 3117 843 3162 munus
875 3098 906 3161 in
931 3098 1020 3161 nobis
1043 3104 1106 3181 est:
1131 3102 1162 3162 et

79 3257 130 3319 ²et
144 3272 164 3325 1.
183 3273 199 3326 l.
219 3290 268 3325 om.
294 3272 349 3335 VR,
368 3273 414 3325 aed
430 3271 465 3340 cs.
483 3272 529 3324 do.
547 3269 588 3324 22
642 3271 752 3326 domine
775 3273 798 3323 la
819 3273 835 3324 l.
859 3289 907 3326 om.
933 3272 957 3324 l'
1006 3272 1161 3326 Baalutare

78 3358 107 3400 ¹¹¹1
122 3360 146 3409 a
161 3357 302 3426 eloquium
321 3363 401 3412 tuum
418 3360 441 3411 ll.
460 3359 477 3411 l.
502 3357 527 3410 V
576 3361 593 3411 4
612 3357 766 3412 saeculi-
785 3358 949 3427 sapientiam
967 3360 1028 3412 odd.
1046 3377 1079 3412 m.
1099 3356 1119 3410 2
1141 3358 1165 3411 V

488 3453 503 3482 Ι

78 3480 188 3550 aldelin·
215 3497 364 3551 stultiusne
391 3498 413 3549 V
464 3496 610 3551 8diciunt
626 3495 641 3557 (
641 3502 691 3550 unt
704 3498 719 3549 i.
732 3514 785 3551 rna.
794 3494 827 3561 3)
841 3499 867 3550 R
920 3497 1121 3551 scribturarnm
1143 3498 1166 3551 V

79 3578 185 3641 0luiaR
240 3587 269 3637 11
291 3583 467 3637 hebetudinis
494 3602 525 3637 ex
552 3583 729 3636 hebetudinis
756 3582 829 3636 ηι.2
854 3584 877 3636 1”
900 3583 1070 3638 hebitudinis
1096 3584 1162 3656 ch

78 3658 105 3710 ¹50
118 3667 174 3736 infr.
229 3673 262 3725 13
290 3680 318 3723 et
336 3671 470 3724 doctrinis
498 3687 563 3724 uere
588 3671 752 3738 prudentiae
780 3670 903 3739 expolita
922 3672 947 3723 ll
965 3677 994 3724 et
1018 3671 1161 3726 doctrinae

78 3753 96 3793 *⁹
109 3757 248 3820 prudentia
266 3757 390 3825 expolita
411 3758 463 3828 Cpe
481 3763 510 3811 et
533 3757 660 3810 doctrina
684 3762 712 3810 et
730 3772 795 3810 uere
814 3757 978 3826 prudentiae
997 3757 1116 3825 spoliata
1141 3759 1165 3811 V

84 3826 245 3913 inreligiosae
278 3844 325 3898 l'll
377 3843 417 3897 eis
442 3864 462 3914 p
488 3858 541 3896 orn·
558 3844 581 3896 C
632 3846 665 3896 16
683 3841 790 3912 pecudii
817 3844 841 3895 V
863 3844 971 3930 pecude
993 3862 1014 3914 p
1066 3860 1162 3898 conse·

78 3944 141 4026 lfllur
164 3947 195 4001 l'¹
257 3950 290 4003 18
307 3947 351 4002 his
378 3966 427 4001 om
455 3949 481 4001 R
540 3950 572 4001 19
593 3948 752 4000 existiment
780 3949 804 3999 R
831 3947 991 4000 existimant
1025 3947 1050 3999 V
1099 3946 1163 4001 ideo

78 4032 161 4103 Pars.
179 4036 262 4088 sicud.
279 4054 307 4105 p.
325 4033 367 4088 22
383 4035 447 4089 ineo
473 4035 546 4088 VRU
562 4051 693 4105 eorump
746 4038 780 4090 20
798 4034 904 4102 adquae
930 4032 963 4086 1Ἴ
1025 4049 1060 4087 ex
1087 4035 1163 4087 omni

78 4160 180 4245 ι(1110))
231 4175 264 4228 al
279 4173 431 4228 adsolutiue
445 4174 482 4228 .V¹
535 4176 568 4227 23
581 4131 641 4226 (lone
650 4172 796 4234 (ensium.
810 4171 884 4238 DV
933 4172 967 4225 25
983 4171 1163 4240 depraecetur

89 4248 133 4312 ΓΗ
183 4266 213 4314 et
230 4260 423 4315 misericordia
446 4263 474 4315 V.
