2790 4844
402 253 602 308 instructio
626 256 852 324 psalmorum.
1161 258 1200 323 13

95 440 146 504 15.
173 440 212 505 m
235 462 274 506 ea
296 461 389 506 causa
412 448 468 519 est,
490 449 523 507 ut
546 444 577 506 in
603 444 713 527 uiginti
738 445 813 509 duos
824 445 930 511 libros
946 446 995 511 lex
1007 446 1199 514 Testamenti

48 544 173 610 Veteris
197 546 370 625 deputetur.
393 554 427 610 ut
448 567 519 612 cum
542 546 715 613 litterarum
739 569 868 614 numero
899 551 1109 616 conuenirent.
1148 555 1200 635 qui

50 649 92 711 ite
115 651 291 714 seeundum
315 651 497 716 traditiones
528 659 669 717 ueterum
700 653 894 736 deputantur,
926 661 957 718 ut
989 654 1108 740 Moysei
1140 657 1201 720 sint

52 751 120 817 libri
144 753 292 838 quinque,
328 754 400 819 lesu
422 755 512 820 Naue
547 763 660 833 sextus,
691 755 833 822 Iudicum
867 764 898 822 et
920 756 1003 821 Ruth
1038 760 1200 840 septimus,

54 857 168 937 primus
193 864 225 923 et
248 861 402 924 secundus
434 859 613 943 Regnorum
644 866 779 934 octauus,
812 863 921 925 tertius
952 871 982 925 et
1012 874 1137 945 quartus
1167 864 1199 928 in
1240 894 1253 929 a

55 980 177 1037 nonum,
201 961 463 1048 Paralipomenon
487 965 547 1028 duo
570 964 603 1028 in
626 964 782 1029 decimum
807 965 877 1041 sint,
902 985 1063 1031 sennense
1080 966 1200 1031 dierum

58 1062 162 1129 hadrae
184 1066 216 1130 in
241 1067 450 1145 undecimum,
475 1068 554 1133 liber
576 1067 771 1134 Psalmorum
803 1069 1001 1134 duodecimus
1032 1069 1080 1142 ait,
1116 1070 1199 1135 Salo-

62 1171 155 1234 monis
178 1170 357 1249 Prouerbia,
381 1171 594 1250 Ecclesiastes
617 1170 781 1238 Canticum
805 1173 995 1238 canticomm
1019 1173 1050 1237 in
1075 1175 1199 1239 tertium

66 1273 209 1339 decimum
243 1281 275 1340 et
297 1283 440 1359 quartum
474 1277 629 1341 decimum
663 1283 694 1341 et
717 1277 1054 1360 quintumdecimum,
1086 1279 1200 1343 duode-

69 1378 119 1440 cim
138 1387 237 1444 eutem
256 1380 391 1445 minores
410 1379 615 1463 Prophetaein
632 1388 753 1472 sentum
771 1382 936 1458 decimum,
962 1380 1068 1446 llsaias
1084 1382 1198 1447 deinde
1227 1412 1252 1448 ιο

72 1488 95 1542 et
114 1480 283 1549 Hieremias
307 1504 375 1549 cum
401 1484 620 1550 lamentatione
651 1493 682 1549 et
711 1485 849 1566 epistula
881 1487 936 1550 sed
968 1493 999 1550 et
1024 1485 1131 1550 Daniel
1168 1493 1199 1551 et
1290 1570 1294 1579 ι

76 1581 198 1652 Ezechiel
221 1597 254 1653 et
285 1585 343 1652 Iob
376 1596 408 1653 et
438 1588 553 1654 Hester
582 1589 693 1672 uiginti
723 1589 818 1653 duum
856 1588 1004 1654 librorum
1033 1610 1199 1654 numerum

78 1699 277 1756 cenmmment
334 1693 518 1776 quibusdam
550 1699 655 1758 autem
684 1694 786 1758 uisum
816 1701 872 1769 est,
903 1694 1017 1757 additis
1050 1693 1147 1759 'lobia
1169 1703 1200 1758 et

82 1787 161 1857 lilith
189 1796 300 1881 uiginti
329 1805 474 1880 quattuor
507 1797 601 1862 libros
631 1798 800 1862 secundum
832 1816 995 1861 numerum
1026 1817 1198 1880 graecarum

84 1890 225 1964 iterarem
255 1921 489 1979 connumerare,
522 1902 663 1966 Romane
693 1921 814 1985 quoque
845 1901 952 1985 lingua
982 1901 1086 1965 media
1119 1901 1199 1965 inter
1227 1931 1251 1967 ιι

86 1993 204 2067 llehraos
227 2003 414 2089 Graecosque
438 2006 581 2084 collecta;
613 2006 685 2089 quia
714 2006 764 2070 his
794 2007 930 2070 maxime
962 2005 1059 2071 trihus
1082 2004 1198 2088 linguis

88 2116 283 2174 recrementum
314 2111 477 2176 uoluntatis
511 2111 559 2176 dei
593 2118 623 2175 et
654 2112 735 2176 beati
765 2111 855 2195 regni
889 2110 1062 2196 expectatio
1086 2110 1199 2194 pradi-

89 2213 161 2274 etur:
190 2233 227 2279 ex
261 2235 324 2298 quo
359 2215 434 2280 illud
470 2215 560 2282 Pilati
592 2215 657 2293 luit,
688 2214 792 2279 uthis
822 2215 921 2279 trihus
951 2214 1066 2298 linguis
1089 2233 1199 2297 regem

90 2302 228 2381 ltlaomm
258 2319 420 2383 dominum
446 2319 550 2384 lesum
574 2316 733 2384 Christum
756 2338 825 2383 esse
859 2318 1083 2404 praescriberet.
1126 2337 1199 2382 nam

92 2423 197 2493 quamuis
231 2421 336 2486 multa
370 2424 510 2488 barbarae
543 2429 655 2507 gentes
690 2422 739 2486 dei
784 2422 995 2507 cognitionem
1026 2423 1198 2487 secundum
1226 2451 1251 2486 ιο

10 2536 12 2581 ῑ
92 2524 260 2599 apstolorum
278 2528 527 2609 praedicationem
553 2534 584 2592 et
600 2526 794 2591 manentium
810 2526 902 2591 hodie
923 2526 985 2591 illic
997 2525 1198 2591 ecclesiarum

92 2619 160 2690 idem
178 2634 296 2717 adeptae
327 2632 396 2710 sint
432 2642 535 2696 tamen
571 2629 746 2711 specialiter
781 2630 963 2715 euangelica
997 2630 1137 2694 doctriua
1166 2629 1197 2692 in

94 2721 196 2798 honum
211 2736 348 2817 imperi0,
371 2736 428 2801 sub
445 2756 506 2820 quo
518 2735 644 2800 Hehraei
661 2742 691 2800 et
708 2734 808 2800 Graeci
824 2736 1026 2809 continentur,
1049 2733 1197 2798 consistit

125 2850 160 2916 tc.
177 2855 374 2941 Consequens
418 2864 520 2922 autem
566 2864 619 2933 est,
666 2857 833 2922 secundum
879 2855 1072 2920 octonarium
1119 2854 1199 2919 hune

94 2951 172 3034 uiginti
200 2970 228 3026 et
265 2965 396 3027 duarum
430 2963 608 3045 ogdoadum
641 2982 806 3026 numerum
841 2981 921 3035 eum,
957 2960 1008 3044 qui
1044 2959 1198 3024 subiectus
1226 2986 1251 3024 aa

93 3067 126 3117 est
158 3061 181 3128 in
221 3067 398 3151 quindecim
444 3067 569 3131 canticis
610 3067 773 3152 graduum,
810 3064 1001 3147 psalmorum
1036 3084 1198 3128 numerum

124 3284 281 3360 leputatur
294 3312 325 3346 er
342 3294 521 3361 deputemtur
533 3312 564 3345 m.
578 3295 598 3344 2
617 3293 641 3345 V
690 3296 706 3346 3
719 3292 824 3360 moysei
843 3292 867 3344 V
883 3290 929 3354 (ej.
945 3291 1019 3343 Neue
1032 3290 1162 3342 Fornacal.
1175 3290 1198 3345 Ι,

91 3367 146 3435 ¹333)
170 3381 250 3448 moysi
269 3379 351 3445 (mosi
370 3378 399 3445 α)
417 3380 461 3432 rE
511 3380 661 3434 doctauus
680 3380 716 3432 Vr
739 3378 769 3432 in
788 3383 918 3432 octauum
938 3378 965 3428 E
1010 3375 1159 3429 iheedrae
1177 3375 1202 3427 V

93 3453 232 3521 duodecimus
250 3469 288 3521 sit
311 3468 346 3519 l'r
371 3467 399 3520 in
414 3466 606 3520 duodecimum
620 3468 648 3519 E
691 3465 840 3519 solomonis
860 3466 883 3518 V
941 3463 1163 3518 Baecclesiastes
1179 3463 1203 3514 V

92 3544 232 3608 tcclahsten
268 3576 283 3607 r
337 3558 353 3608 9
380 3559 509 3622 quartum
540 3553 678 3607 decimum
705 3571 735 3606 ex
770 3558 899 3619 quartum
931 3551 1020 3605 decim
1057 3550 1080 3602 V
1131 3551 1198 3603 duo·

91 3631 156 3688 lecim
170 3659 196 3692 a
212 3642 407 3697 duodecimum
433 3642 455 3693 l'
508 3644 540 3696 10
557 3641 678 3696 minores
706 3643 800 3710 scripsi
817 3641 916 3694 Bened.
941 3639 1106 3691 adnotatione
1129 3654 1198 3702 tusus,

89 3734 137 3773 ones
150 3724 268 3784 l'emnes
288 3741 320 3798 rt,
356 3747 403 3781 ont.
416 3730 443 3780 Ε
459 3729 507 3797 (cs.
526 3730 599 3782 Stud.
624 3728 701 3790 1886,
719 3726 793 3791 332)
846 3725 969 3794 profetae
996 3725 1018 3778 V
1068 3724 1152 3778 eseias
1180 3724 1202 3775 l'

87 3810 112 3860 1‘3
132 3808 208 3869 hester
224 3836 254 3871 es
272 3822 347 3871 ester
371 3816 395 3869 V
444 3815 545 3883 uiginti
572 3816 657 3868 duum
683 3815 706 3867 l'
720 3814 799 3868 XXII
826 3834 840 3866 r
866 3813 968 3881 uiginti
993 3818 1021 3865 et
1043 3813 1160 3864 duorum
1179 3829 1198 3858 α

84 3894 161 3965 uigimi
177 3909 203 3957 et
219 3906 336 3959 duume
391 3905 424 3958 13
440 3903 566 3957 tobiaer
619 3905 652 3956 14
669 3918 832 3971 graecarum
850 3919 880 3952 ea
906 3915 1068 3968 graecorum
1091 3898 1153 3950 nal
1179 3898 1201 3948 l'

81 3987 107 4040 te
128 3990 166 4056 qui
187 3991 278 4045 hisV
330 3992 363 4046 18
388 3989 453 4044 illut
478 3990 501 4043 t'
550 3993 585 4044 20
601 3989 736 4043 barbarae
755 4006 784 4041 er
811 3987 894 4039 harae
913 4004 944 4037 aa.
965 3985 985 4036 ἑ)
1010 3984 1032 4037 l'
1082 3985 1115 4036 al
1140 3984 1198 4037 illie

76 4073 142 4129 hodie
172 4079 194 4129 l'
243 4078 408 4133 eclesiarum
444 4077 468 4129 l’
535 4079 569 4130 22
596 4076 625 4129 in
656 4092 771 4128 romano
801 4072 918 4141 imperio
955 4073 991 4125 Vr
1027 4071 1057 4123 in
1081 4071 1198 4124 Romani

72 4163 165 4232 imperii
179 4168 205 4220 Ε
255 4168 290 4221 23
303 4165 430 4221 consistit
450 4166 484 4217 Vr
519 4165 583 4217 sede
597 4162 724 4217 consistit
737 4164 764 4215 E
797 4163 832 4214 24
844 4160 1016 4214 octonarium
1026 4175 1171 4211 numerum
1186 4178 1199 4208 r

66 4256 97 4308 23
111 4254 256 4310 ocdoarum
281 4255 304 4306 l'
320 4253 504 4322 ogdradarum
524 4271 538 4303 r
590 4268 735 4304 numerum
754 4251 777 4300 h.
797 4250 813 4300 l.
831 4265 879 4300 om.
899 4267 913 4299 r
966 4263 1029 4298 eum
1048 4263 1097 4297 ent.
1121 4245 1162 4298 l'r.
