2790 4844
145 234 208 298 804
491 235 606 287 sancti
625 234 760 287 Hilarii
778 235 940 303 episcopi

189 424 217 488 8.
243 423 304 489 Sed
328 445 384 503 per·
408 444 485 507 quos
509 425 548 488 sit
572 424 621 488 dei
645 424 761 487 nomini
777 423 999 501 confitendum,
1025 427 1167 492 subiecit
1184 429 1291 491 dicens:

146 549 203 594 me
228 535 449 608 expectant
482 529 591 604 iusti,
615 529 741 593 donec
763 530 976 594 retribuas
1000 531 1114 595 mibi.
1166 534 1290 596 omniun

147 632 353 714 apostolorum
377 631 456 697 fides
487 652 586 715 usque
610 633 649 696 ad
672 633 904 699 resurrectionis
928 643 1055 714 tempus
1080 636 1139 701 suit
1165 638 1290 717 trepida:

147 758 243 821 quam
266 738 297 801 in
322 737 445 801 domino
468 744 649 801 contuentes
673 738 892 818 expectationis
913 758 977 803 suae
993 741 1170 805 securitate
1188 741 1289 805 firnrari

109 868 120 902 s
148 849 226 906 suot.
272 850 302 906 et
326 840 399 905 hinc
421 839 496 905 illud
517 848 563 906 est
579 863 597 904 a
613 841 737 906 domino
753 841 886 907 dictum:
910 843 1053 907 tristis
1079 852 1145 909 cst
1170 847 1290 909 anima

148 966 382 1028 mestusque
407 946 452 1009 ad
476 953 651 1009 mortem.
695 966 756 1009 non
791 947 872 1010 enim
909 947 965 1010 ait:
1000 958 1134 1028 propter
1158 958 1289 1023 mortem,

149 1050 228 1134 quia,
250 1049 323 1115 licet
345 1069 378 1113 se
400 1049 534 1130 passioni
558 1051 654 1124 daret,
684 1070 744 1114 non
769 1056 871 1115 tamen
895 1050 992 1115 uirtus
1015 1061 1139 1116 aterna
1163 1052 1288 1117 dolorem

148 1153 300 1235 passionis
321 1154 490 1233 exciperem
514 1155 569 1218 sed
586 1155 657 1237 quia
673 1154 880 1235 apostolorum
895 1161 996 1220 metus
1011 1177 1072 1236 per
1089 1157 1287 1222 humilitatem

149 1258 301 1343 passionis
317 1265 440 1322 exortus
453 1296 493 1304 —
508 1259 585 1322 adeo
600 1264 635 1322 ut
651 1265 681 1322 et
701 1258 793 1322 firme
814 1257 866 1322 illa
889 1260 1185 1339 superaedificandae
1208 1262 1236 1324 in
1258 1281 1288 1323 es

96 1384 121 1421 ιο
149 1362 286 1429 ecclesiae
309 1370 398 1442 petra
428 1362 596 1442 trepidaret
618 1399 658 1408 —-
685 1369 755 1443 post
791 1369 923 1427 mortem
962 1370 994 1427 et
1032 1365 1286 1429 resurrectionem

149 1467 265 1532 domini
288 1468 319 1531 in
343 1467 451 1531 eadem
475 1466 679 1546 trepidatione
704 1487 773 1532 esse
796 1466 957 1545 desineret,
992 1467 1119 1533 idcirco
1135 1489 1233 1552 usque
1253 1468 1287 1531 ad

148 1580 280 1636 mortem
306 1571 402 1635 tristis
426 1577 481 1648 est,
504 1577 574 1650 post
588 1590 681 1653 quam
697 1571 880 1652 trepidantis
902 1570 976 1636 fidei
999 1578 1106 1636 essent
1131 1573 1286 1638 securitate

149 1676 303 1740 firmandi.
348 1681 511 1754 expectant
540 1695 614 1759 ergo
643 1675 722 1751 iusti,
753 1678 850 1740 donec
881 1675 940 1740 sibi
971 1675 1164 1741 retribuetur
1187 1697 1204 1740 a
1226 1677 1284 1740 deo.

150 1788 180 1846 et
202 1780 276 1862 quid
301 1779 327 1844 ei
345 1800 363 1843 a
380 1780 436 1842 deo
452 1779 644 1855 retribuatur,
669 1779 823 1860 apostolus
839 1780 942 1845 docuit
965 1779 1091 1845 dicens:
1127 1789 1284 1861 propter

98 1915 122 1949 a
150 1884 221 1949 hoc
246 1883 449 1948 cxaltauit
472 1904 557 1947 eum
582 1885 678 1948 deus
703 1892 740 1948 ot
763 1884 931 1948 donauit
953 1885 987 1948 ei
1011 1905 1166 1961 nomen,
1190 1884 1282 1968 quod

150 1995 354 2068 estsuper
377 2008 492 2053 omne
526 2008 684 2052 nomen:
718 2000 759 2051 ut
791 1988 831 2053 in
864 1987 1026 2052 nomine
1052 1989 1146 2054 lesu
1180 2008 1281 2054 omne

149 2113 255 2177 genu
288 2090 445 2168 flectat,
479 2090 705 2156 caelestium
740 2098 778 2156 et
812 2091 1076 2157 terrestrium
1109 2092 1279 2157 etinfer-

149 2217 296 2272 norum,
321 2203 358 2261 et
381 2197 510 2263 omnis
533 2196 675 2280 lingua
699 2196 963 2268 confiteatur,
987 2199 1083 2279 qula
1106 2197 1277 2280 domiuus

151 2301 269 2367 lesus
292 2303 330 2365 in
354 2301 489 2385 gloria
513 2302 576 2366 dei
600 2301 730 2382 patris
754 2308 823 2366 est.
869 2300 937 2365 haec
961 2300 989 2364 ei
1013 2322 1033 2365 a
1055 2302 1114 2366 deo
1133 2299 1298 2366 retributio.

98 2432 123 2470 20
150 2415 204 2482 est,
235 2413 270 2470 ut
299 2407 326 2471 ei
357 2406 486 2486 corpori,
521 2409 602 2488 quod
633 2406 815 2486 adsumpsit,
850 2411 986 2485 paternae
1020 2405 1128 2488 gloriae
1162 2408 1274 2470 donetm

150 2512 315 2576 aeternitas.
361 2530 430 2593 quae
465 2517 567 2574 autem
591 2510 632 2574 sit
653 2511 803 2575 iustorum
817 2509 1006 2590 expectatio,
1029 2510 1113 2574 idern
1137 2505 1272 2588 apostolus
1318 2512 1320 2516 '

150 2616 240 2679 docet
261 2605 381 2679 dicens:
420 2621 560 2679 nostra
582 2621 711 2679 autem
736 2613 998 2679 conuersatio
1021 2614 1060 2677 in
1089 2612 1196 2678 caelis
1216 2617 1270 2675 est.

149 2715 1267 2802 unjdeetsaluilicatoremexpectamuslesumChristun.

150 2822 216 2907 qui
269 2822 587 2887 transformabit
640 2841 789 2905 corpus
841 2818 1098 2885 humilitatis
1146 2828 1266 2883 nostra

97 2954 123 2991 ss
151 2927 448 2993 conformatum
494 2926 654 3005 corpori
701 2925 844 3009 gloriae
883 2945 970 2990 suae.
1024 2931 1183 3006 expectant
1211 2937 1265 2995 ergo

151 3032 231 3109 iusti,
255 3034 329 3097 dum
351 3031 538 3095 retribuatur
560 3029 618 3093 illi:
653 3029 771 3095 scilicet
803 3037 837 3093 ut
870 3029 1046 3094 conformes
1081 3030 1156 3093 fient
1182 3022 1262 3109 gloria

151 3136 287 3216 corporis
318 3134 372 3201 sui.
405 3134 457 3217 qui
487 3141 534 3199 est
562 3134 743 3198 benedictus
766 3133 798 3197 in
821 3133 932 3199 sarcula
955 3133 1147 3199 saeculorum.
1187 3142 1259 3194 anre.

195 3366 211 3416 s
230 3361 328 3414 alarin.
347 3361 445 3425 xxvi,
464 3363 505 3414 aa.
544 3363 576 3413 14
594 3360 663 3412 rusi.
683 3362 716 3427 n,
735 3364 751 3436 e
769 3378 808 3428 sq.
845 3362 879 3413 aa
897 3360 966 3412 ean.
985 3360 1034 3424 111,
1053 3362 1089 3415 ao
1106 3377 1144 3428 sq.

197 3469 229 3520 17
247 3465 342 3518 flectet
360 3465 386 3517 R
404 3464 532 3518 flectatur
544 3464 613 3532 Ecs.
624 3465 705 3517 Accd.
712 3439 786 3533 15:57
841 3462 864 3517 rb
882 3463 1057 3517 terrestrium
1077 3464 1103 3516 R
1119 3455 1256 3517 terrestrissll

153 3555 181 3604 E
248 3554 282 3605 23
310 3551 524 3605 saluificetorem
548 3552 573 3603 lt
601 3549 778 3603 ssssfioetoss
808 3550 833 3602 G
860 3550 1027 3603 saluatorem
1055 3555 1176 3604 nostrum
1198 3534 1256 3603 Eti-
1281 3604 1286 3615 ,

153 3640 272 3692 ,Sabatier
295 3639 350 3703 111,
375 3637 431 3691 824
484 3639 519 3691 24
537 3637 745 3691 transformarit
763 3637 789 3691 R
840 3638 875 3691 25
894 3653 961 3705 ergo
988 3637 1055 3690 iusti
1086 3638 1111 3690 G
1137 3650 1194 3703 erpo
1215 3637 1255 3680 eum

407 3735 421 3763 u

152 3779 218 3832 iusti
237 3779 292 3831 RE
342 3780 376 3830 26
394 3778 441 3831 dm
462 3778 486 3828 G
540 3777 711 3830 retribuatur
726 3777 780 3828 GE
795 3776 936 3830 tribuatur
954 3776 979 3828 R
1032 3776 1090 3829 illis
1104 3775 1130 3829 G
1176 3773 1203 3826 II
1217 3776 1256 3818 ⁰⁰¹*

152 3865 229 3933 poris
247 3866 290 3919 rui
311 3866 336 3917 G
353 3865 463 3932 corpori
483 3865 524 3917 rui
543 3865 569 3917 R
587 3865 711 3932 corporis
729 3863 787 3916 eius
806 3864 834 3915 E
901 3860 1028 3930 Explicit
1054 3863 1131 3931 psalt
1153 3857 1201 3914 cll
1216 3846 1255 3916 (ἐκ)

152 3952 252 4020 incipit
277 3953 353 4020 psalt
381 3951 452 4005 CLII
480 3953 570 4003 deinde
595 3953 708 4021 spatium
736 3951 762 4001 4·
780 3951 825 4003 lia.
843 3960 919 4003 uacat
936 3959 960 4003 et
979 3952 1068 4020 incipit
1086 3951 1169 4018 quinta
1183 3945 1255 3996 l'mtssl

154 4040 229 4090 ceria)
256 4039 491 4106 translatoresque
512 4038 537 4090 G
554 4038 679 4107 Explicit
697 4037 819 4106 psalmus
841 4037 926 4091 CXLI
944 4036 1044 4104 incipit
1063 4036 1165 4101 CXLII,
1181 4012 1255 4082 li‘ffi

154 4127 199 4178 litt.
228 4144 301 4189 eros,
329 4127 420 4178 deinde
448 4128 540 4193 legitur
566 4126 657 4192 dauid,
685 4143 752 4177 cerr.
776 4126 843 4192 finis
869 4135 946 4176 uacat
967 4124 990 4176 R
1017 4125 1059 4177 lte
1085 4118 1188 4178 tructnt’
1202 4108 1255 4167 tum
1317 4189 1320 4198 Δ

154 4230 237 4280 supra
255 4213 288 4265 de
307 4212 393 4280 psalxtr
413 4213 510 4266 CXLII
529 4214 618 4265 deinde
636 4229 653 4264 c
671 4232 704 4265 m,
723 4210 832 4281 2:10ip
850 4212 905 4265 dite
923 4210 1024 4264 exaudi
1042 4221 1087 4265 cet.
1103 4229 1132 4281 p.
