2790 4844
150 257 210 319 112
490 257 607 309 sancti
626 257 761 310 Hilarii
780 257 944 324 episcopi

148 446 256 530 erigat,
281 446 319 510 de
343 445 624 528 quibus‘dominus
648 447 705 510 ait:
730 445 891 511 elenate
914 445 1053 510 oculos
1075 455 1293 509 uestroset

148 550 287 614 uidete
322 550 521 634 regiones
556 551 653 633 quia
686 549 785 616 alban
820 561 913 614 sunt
944 550 989 614 ad
1019 568 1200 619 messem,
1225 557 1291 613 tum

149 653 226 718 sciat
248 651 373 718 auulsas
396 674 465 719 asse
489 675 526 718 ex
549 656 702 719 consortio
725 654 860 734 corporis
884 654 941 731 dei,
966 673 1002 718 en
1023 652 1074 716 illo
1089 653 1292 718 beatitudinis

152 776 256 840 regns,
279 778 317 822 ex
341 755 392 822 illo
422 759 657 823 resurrectionis
687 757 804 822 honore
834 766 864 822 et
894 778 963 822 esse
994 758 1061 821 sine
1091 757 1139 821 dei
1171 759 1292 837 spiritu,

111 891 123 925 a
151 862 217 925 siue
239 859 451 945 intellegentia
472 861 642 943 prophetiae
674 864 915 946 constitutosque
950 860 1101 943 gehennae
1132 859 1292 941 pabutum,

151 984 227 1047 qnos
250 965 423 1029 inmortalis
440 967 555 1030 uermis
578 985 723 1031 exesurus
739 967 780 1031 sit
802 971 834 1031 et
854 964 1099 1046 inextinguibilis
1120 966 1202 1048 ignis
1225 985 1293 1030 cre·

150 1076 298 1142 materna,
316 1089 445 1152 quornm
463 1070 541 1134 sciat
557 1069 791 1154 legislationem,
806 1089 935 1152 quorum
952 1075 1144 1141 testamenta,
1159 1087 1293 1151 quorum

153 1186 263 1251 patres,
298 1175 470 1257 exquibus
493 1171 636 1238 Christus
671 1175 837 1239 secundum
870 1193 1003 1251 carnem,
1037 1174 1087 1256 qui
1121 1167 1167 1237 est
1197 1193 1294 1254 snper

149 1277 254 1341 omnia
269 1279 353 1342 deus.
399 1285 514 1361 quanto
531 1299 606 1362 ergo
627 1278 684 1343 has
702 1279 927 1343 demutationes
944 1297 1049 1342 eorum
1072 1284 1103 1341 et
1117 1286 1292 1358 praesentas

99 1410 123 1447 a
151 1392 180 1444 et
211 1386 344 1445 sternas
367 1381 558 1447 calamitates
589 1383 686 1447 sancti
712 1383 824 1465 quique
847 1389 930 1446 metu
954 1380 1187 1455 contuebuntur,
1218 1383 1293 1465 quia

149 1484 321 1564 punitorum
360 1484 579 1566 corrtemplatio
618 1487 657 1550 sit
695 1485 839 1551 terribilis
879 1484 1044 1566 exemplo?
1089 1485 1293 1550 uidebant

149 1607 224 1671 ergo
247 1589 255 1651 i
264 1589 343 1653 usti
368 1597 406 1652 et
430 1589 637 1666 timebunt,
669 1589 744 1654 nihil
769 1610 829 1653 non
853 1590 912 1654 sibi
937 1591 1136 1654 metuendum
1151 1591 1184 1652 in
1206 1598 1293 1653 tanta

149 1692 258 1755 horum
298 1692 473 1758 calamitate
511 1693 734 1778 intellegentes.
787 1695 842 1758 sed
881 1695 952 1776 quia
993 1693 1062 1757 insti
1101 1701 1182 1774 sunt,
1221 1693 1293 1759 licet

149 1796 278 1859 timeant
301 1799 339 1860 de
363 1797 511 1880 exemplo,
537 1806 638 1862 tamen
662 1798 701 1863 de
724 1799 824 1862 fructu
856 1798 987 1881 propri-a
1018 1797 1141 1861 iustitiae
1171 1800 1291 1880 gaude·

97 1927 122 1964 is
151 1900 233 1962 bunt.
257 1900 452 1964 ridebunt
466 1905 551 1965 eninr
567 1921 688 1983 super
711 1921 808 1966 eum:
832 1902 967 1965 ridentes
980 1901 1075 1984 igitur
1090 1908 1121 1965 et
1137 1901 1290 1979 timentes,

148 2004 220 2086 quia
243 2006 300 2069 deo
323 2004 436 2068 subditi
461 2016 542 2086 sunt,
565 2007 742 2090 punitorum
766 2006 931 2070 seueritate
954 2002 1093 2070 terribili.
1139 2012 1291 2086 temperat

149 2127 223 2190 ergo
247 2117 361 2172 metum
385 2110 474 2186 risus,
498 2110 573 2174 dum
597 2121 626 2175 et
650 2117 749 2175 metus
773 2111 810 2173 de
834 2109 974 2189 exemplo
990 2122 1020 2173 et
1035 2110 1115 2173 risus
1127 2129 1164 2174 ex
1181 2110 1290 2173 merito

148 2223 202 2275 est.
248 2214 423 2277 moderatur
445 2224 549 2278 autem
572 2233 693 2277 rursum
717 2220 816 2277 ruetus
831 2214 937 2293 risum,
962 2215 1035 2278 dum
1053 2213 1095 2277 ita
1110 2215 1291 2297 gaudebunt

148 2316 178 2378 in
204 2316 302 2392 bonis,
326 2336 365 2380 ne
388 2318 467 2380 desit
489 2322 587 2382 terror
611 2317 759 2397 exempli:
785 2318 858 2399 quia
880 2318 981 2396 impiae
1005 2327 1035 2382 et
1057 2316 1230 2382 diffidentis
1253 2317 1290 2382 de

96 2447 121 2484 aa
149 2439 182 2483 se
205 2420 400 2484 conscientian
424 2432 479 2501 est,
504 2423 611 2486 timere
634 2422 701 2485 sine
725 2422 838 2505 gaudio
861 2432 892 2485 et
914 2421 1075 2485 insolentis
1098 2435 1215 2484 naturae
1234 2436 1289 2498 est,

149 2525 215 2587 sine
239 2523 348 2587 timore
371 2526 517 2608 gaudere.

193 2628 242 2692 20.
268 2628 329 2692 Sed
354 2631 404 2711 qui
428 2630 572 2693 timentes
596 2630 747 2703 ridebunt,
772 2630 802 2693 id
827 2648 948 2711 quoque
968 2627 1106 2692 'adicient
1136 2629 1176 2691 ad
1207 2627 1292 2693 hunc

148 2732 339 2796 moderatum
364 2733 393 2794 in
411 2733 521 2797 timore
536 2734 642 2809 risum,
667 2740 700 2795 nt
716 2733 836 2798 dicant:
860 2752 951 2797 ecee
975 2733 1097 2796 horno.
1123 2733 1188 2814 qni
1214 2752 1290 2796 uon

149 2836 283 2914 posuit
307 2837 420 2899 deum
444 2839 671 2901 adiutorem
695 2856 817 2900 suum.
862 2835 1100 2917 stultitiaatque
1120 2836 1291 2916 impietatis

97 2969 121 3002 aa
149 2951 295 3004 extremae
318 2945 375 3021 est,
400 2960 461 3006 non
485 2941 665 3025 intellegere
689 2941 745 3004 sub
770 2941 827 3004 deo
850 2948 880 3005 et
902 2960 938 3004 ex
962 2942 1020 3005 deo
1041 2939 1156 3015 uiuere,
1179 2940 1236 3004 sed
1259 2941 1289 3003 in

193 3045 204 3094 r
224 3044 281 3097 ron.
300 3043 345 3112 iv,
363 3046 405 3099 aa.

191 3151 298 3215 ‘dquam
310 3149 388 3202 albae
401 3168 431 3201 es
440 3167 492 3216 qua
506 3150 584 3204 albae
598 3149 689 3203 ΜΤ
723 3151 756 3202 ad
770 3167 871 3203 messes
888 3147 934 3201 ΡΤ
970 3167 1032 3201 curn
1048 3145 1145 3201 tnta*
1180 3150 1291 3202 3etex

149 3235 196 3288 illo
208 3233 256 3286 ΡΤ
289 3238 375 3289 tesso
386 3236 444 3289 sine
454 3235 557 3302 (cernet)
568 3238 589 3288 l'
599 3245 626 3290 et
639 3254 696 3290 esse
711 3256 738 3289 sc
752 3237 810 3289 sine
823 3234 846 3283 P
878 3240 895 3290 6
907 3252 1053 3289 exacsurus
1062 3236 1084 3284 l'
1094 3251 1169 3289 exi·
1179 3253 1260 3289 surus
1270 3235 1292 3283 Ρ

148 3325 163 3373 7
183 3322 252 3374 sciat
265 3350 299 3358 -
312 3339 428 3390 quorum
446 3342 503 3392 sap.
522 3326 565 3375 lin.
585 3343 601 3374 c
620 3323 684 3376 m?
700 3325 721 3374 l'
772 3326 788 3375 9
806 3323 995 3376 damnationes
1012 3322 1112 3374 ΤΡΤΕ
1163 3329 1192 3375 et
1210 3340 1289 3390 prae·

148 3449 238 3497 sentes
248 3453 274 3497 et
286 3450 411 3497 aeternas
423 3444 593 3498 calamitates
602 3447 695 3514 scripsi
703 3447 737 3513 cs.
746 3446 808 3496 Ait.
819 3444 910 3508 11:61
934 3451 962 3496 et
971 3443 1122 3511 praesentis
1131 3450 1159 3497 et
1169 3452 1282 3498 aeterna

148 3531 319 3583 calamitates
336 3530 372 3583 11ι
392 3538 419 3584 et
440 3537 597 3599 praesentes
618 3538 646 3585 et
666 3536 793 3585 aeternae
815 3531 986 3584 calamitates
1000 3531 1022 3581 Τ
1041 3538 1069 3583 et
1086 3531 1240 3598 praesentis
1262 3538 1290 3584 et

148 3622 275 3669 aeternae
293 3617 458 3670 calamitatis
471 3616 588 3670 R’I’TE
640 3620 724 3672 llest
742 3617 876 3671 terribilis
896 3615 945 3668 ΡΤ
961 3617 998 3669 sit
1016 3616 1068 3669 hor
1087 3617 1224 3670 terribilis
1237 3615 1289 3670 R'lr

145 3715 204 3773 pont
222 3704 383 3757 terribilisl
395 3707 475 3757 littei
491 3717 550 3775 post
569 3706 885 3774 exemploratores
931 3706 1026 3757 l2nou
1046 3702 1116 3756 nihil
1130 3705 1155 3755 Τ
1199 3705 1288 3757 incus

149 3789 212 3843 Pro
267 3793 298 3844 13
311 3791 504 3860 intellegentes
523 3811 553 3844 en
571 3792 773 3860 intellegendus
793 3812 823 3843 m.
844 3789 903 3843 aV
953 3792 986 3843 14
1004 3790 1289 3844 timeanteatimeme

149 3898 180 3930 m.
204 3876 225 3929 ί)
248 3879 271 3930 l'
303 3883 360 3931 tanin
380 3877 403 3930 ὣ
422 3879 456 3931 de
479 3879 571 3932 fructu
598 3876 633 3944 (ds
656 3898 727 3949 supr.
752 3897 800 3931 scr.
826 3897 857 3931 m.
882 3875 912 3942 3)
932 3878 956 3929 1-1
1011 3878 1043 3929 ts
1062 3877 1149 3944 igitur
1174 3895 1224 3930 (tm.
1246 3875 1292 3930 ΡΤ

149 3968 181 4018 19
200 3964 318 4032 exempli
338 3985 367 4017 er·
385 3966 511 4034 exemplo
531 3985 562 4017 m.
583 3965 634 4017 ln
686 3965 761 4033 inpie
781 3966 803 4017 Γ
819 3965 903 4032 impie
924 3962 947 4010 Ρ
996 3965 1032 4017 20
1049 3963 1291 4018 insolentiusiii-

148 4050 267 4104 solentes
278 4052 303 4103 11
349 4054 384 4104 22
393 4053 442 4106 sed
460 4053 525 4119 quia
537 4050 585 4103 ΡΤ
631 4053 752 4106 adicient
771 4071 799 4104 er
817 4051 952 4103 adsicient
972 4049 1034 4102 m.?
1049 4051 1070 4103 l'
1114 4050 1191 4104 asin
1209 4051 1292 4107 timo·

148 4145 210 4191 reni
233 4139 255 4189 l'
304 4141 339 4192 at
363 4139 499 4192 stultitiae
523 4140 611 4206 adque
638 4140 684 4191 ΤΗ
703 4139 724 4190 si
744 4139 858 4191 ultimae
882 4143 964 4205 atque
986 4135 1139 4190 Pultimae
1164 4142 1288 4207 utque?

147 4227 182 4279 25
201 4243 229 4278 se
248 4227 297 4279 sub
319 4224 400 4278 PTE.
708 4208 713 4218 ’
