2790 4844
148 212 211 277 352
489 212 602 265 sancti
627 211 761 264 Hilarii
786 212 947 279 episcopi

148 404 291 468 omnibus
312 401 482 468 delectat-ns
506 416 560 474 est,
577 422 646 466 cnm
671 408 701 466 et
723 402 753 466 in
777 400 839 465 filio
863 411 1000 466 creatore
1017 402 1188 485 quiesceret
1208 399 1268 465 etin

148 507 206 584 nis,
231 527 299 590 quae
321 508 417 590 digna
440 505 611 571 dilectionis
641 505 704 569 filio
735 519 837 571 essent
868 520 977 581 creata
1012 505 1173 590 gauderet.
1215 504 1269 570 hinc

148 611 222 676 illud
238 620 284 677 est
301 613 332 674 in
349 610 535 692 prouerbiis:
559 630 644 674 cum
668 617 832 691 pararet
855 610 1001 683 eaeium,
1037 610 1199 675 aderam
1220 604 1269 673 iili

148 716 523 800 et:egoeramapnd
541 715 883 794 eumdisponeus:
908 713 1006 778 mihi
1024 714 1269 797 adgaudebat

149 840 232 884 cum
271 819 485 884 iaetaretnr
522 819 617 884 orbe
656 818 851 902 perfecto.
896 817 964 883 haec
999 821 1132 903 requies,
1166 820 1196 883 in
1225 833 1270 901 qna

148 924 268 988 iaetatur
291 931 385 1003 pater,
410 942 503 1006 qnam
527 923 619 988 etiam
636 943 691 1004 per
706 924 891 988 sacramenti
913 923 1180 988 confirmationem
1201 918 1268 1001 impi

148 1048 208 1091 non
225 1028 360 1092 adibunt.
407 1037 454 1092 est·
470 1029 562 1092 etiam
579 1025 787 1110 intellegenda
803 1027 924 1091 domino
942 1027 1013 1092 Iesu
1029 1011 1153 1093 Christo
1168 1027 1269 1110 requies

149 1151 263 1202 eorum,
302 1151 370 1214 quae
404 1132 571 1196 inuisibilia
604 1142 682 1207 sunt,
722 1130 832 1206 throni,
872 1132 1054 1205 dominatus,
1093 1132 1268 1214 principatus,

150 1243 332 1317 potestates:
356 1235 423 1300 haec
448 1236 532 1300 enim
555 1237 659 1298 omnia
682 1243 807 1299 manent
825 1235 1008 1315 incorrupta,
1032 1236 1197 1315 indefessa,
1217 1250 1268 1315 per·

149 1348 248 1423 petua.
293 1340 460 1405 etidcirco
484 1340 515 1403 in
539 1338 588 1403 his
611 1341 735 1421 requies
759 1339 960 1404 existimanda
984 1347 1038 1415 est,
1070 1340 1143 1423 quia
1171 1335 1268 1403 indulta

148 1445 318 1509 eternitate
340 1445 402 1508 iam
426 1445 456 1508 iu
482 1429 588 1508 eorum
611 1444 757 1524 perfectis
780 1442 985 1508 creationibus
1002 1444 1186 1526 quiescatur.

193 1547 222 1611 9.
246 1547 372 1628 Oportet
404 1556 508 1612 autem
542 1548 687 1630 cognosci
712 1547 847 1629 quidem,
886 1548 1040 1630 quomodo
1073 1548 1105 1613 in
1140 1545 1266 1630 requies

150 1671 242 1733 <qnam
266 1653 352 1735 impii
376 1672 435 1715 non
460 1652 595 1716 nclibnnt.
619 1653 660 1731 pii
685 1659 715 1716 et
738 1651 795 1716 deo
818 1652 947 1716 subiecti
978 1657 1121 1731 poterunt
1150 1648 1266 1716 introire

150 1775 277 1820 necesse
300 1765 348 1820 est
371 1757 453 1821 enim
478 1777 575 1837 spem,
600 1776 667 1839 quae
692 1754 780 1820 malis
803 1761 916 1838 negata
945 1756 992 1832 sit,
1025 1757 1114 1821 honis
1148 1747 1265 1834 relinqui.

150 1862 205 1923 sed
228 1861 253 1924 si
278 1858 419 1924 Christus
443 1861 492 1924 dei
516 1861 639 1942 requies
663 1866 717 1933 est,
741 1880 815 1942 ergo
838 1858 879 1935 hi,
902 1859 1007 1941 quiin
1032 1859 1156 1924 Christo
1187 1858 1264 1923 erunt.

150 1975 238 2028 erunt
260 1965 291 2028 in
316 1965 364 2028 dei
395 1966 509 2047 requie.
555 1965 586 2028 in
610 1963 731 2028 Christo
759 1972 859 2027 antem
885 1962 962 2028 nelle
986 1970 1055 2029 esse
1079 1983 1113 2029 se
1136 1956 1264 2045 apostolus

149 2067 398 2134 clamatdicens:
423 2089 571 2152 sequor
593 2083 733 2142 autern,
759 2069 790 2131 si
814 2067 1130 2148 adprehendam,
1154 2069 1188 2132 iu
1208 2076 1262 2146 q11⁰

150 2181 187 2236 et·
210 2172 494 2253 adprehensus
522 2193 614 2249 sum,
637 2181 666 2237 et
691 2192 828 2236 rursum:
854 2173 985 2236 omnin
1007 2182 1140 2237 autem
1162 2161 1263 2235 detri-

150 2283 283 2341 menta
306 2297 396 2341 esse
420 2277 511 2340 duri
536 2285 573 2340 et-
596 2277 775 2340 nrhitror
798 2283 990 2351 stercora,
1014 2289 1055 2341 ut
1078 2275 1259 2342 christum

97 2399 108 2436 ε
151 2379 423 2446 lucrifaciam.
462 2389 491 2446 et
527 2401 663 2445 rursum:
703 2382 946 2445 benedictus
984 2388 1100 2460 pater
1136 2363 1260 2444 donini

150 2486 280 2549 nostri
304 2485 396 2550 Iesu
421 2484 587 2560 Christi,
612 2485 678 2566 qui
703 2485 917 2549 benedixit
940 2504 1009 2550 uos
1033 2485 1070 2550 in
1095 2483 1191 2549 omni
1213 2477 1261 2539 bt·

150 2590 385 2654 nedictione
419 2589 597 2670 spiritaii
635 2591 670 2652 in
706 2588 945 2653 caelestihus
980 2576 1259 2657 incuriosis

150 2715 223 2778 quo
247 2692 376 2777 elegit
400 2715 467 2757 nos
491 2702 582 2773 ante
607 2693 741 2757 mundi
766 2692 1107 2758 constitutionem
1131 2691 1259 2768 inipso.

150 2807 191 2864 ut
213 2800 339 2862 simus
363 2799 495 2861 suncti
520 2803 557 2861 et-
580 2797 816 2861 inmsculati
841 2798 1118 2879 inconspectn
1140 2797 1215 2861 eius
1232 2783 1263 2847 ΙΙ]

150 2904 340 2968 caritate:
365 2897 1266 2985 qniantepredestinatuitnosinadoptionem

150 2991 1269 3088 perlesuminipsozqninuerbumearofactumestquie

149 3132 221 3176 cum
244 3111 408 3194 aliqnando
433 3130 573 3174 essemus
596 3110 718 3174 alienati
743 3118 773 3174 et
798 3110 912 3174 inimici
929 3129 1040 3174 sensus
1056 3109 1121 3174 eius
1142 3108 1172 3173 in
1192 3091 1274 3169 sactiS

152 3216 249 3284 mulis,
273 3234 353 3279 nunc
376 3226 478 3278 autem
503 3213 688 3279 reconciliati
705 3233 810 3278 snmus
828 3234 955 3293 corpore
971 3214 1074 3278 carnis
1090 3214 1164 3278 eius.
1204 3203 1280 3285 erg⁰

192 3326 1289 3421 wmfflmrmmnmmmmmff

149 3445 183 3496 20
202 3442 301 3510 Ephes.
321 3443 341 3508 1,
360 3444 376 3495 3
395 3459 454 3508 sqq.
491 3445 524 3494 26
545 3440 600 3493 ioh.
621 3441 639 3504 l,
663 3444 700 3493 14.
736 3442 770 3493 27
789 3440 822 3493 cs.
843 3441 944 3495 Coloss.
963 3442 983 3505 1,
1002 3443 1035 3494 al
1055 3458 1096 3508 sq.

193 3526 1299 3632 emummmnmmmosmffmmmmmffl

149 3660 413 3756 ticoniirmntionem
440 3720 507 3755 corr.
528 3721 559 3754 nr.
588 3702 607 3753 ἑ)
638 3702 661 3753 1'
712 3703 727 3752 7
752 3658 799 3754 nii
825 3706 880 3769 xpo
913 3702 938 3753 V
996 3701 1229 3756 8domiuati0ncs
1251 3672 1298 3750 A

151 3793 181 3842 ll
203 3789 357 3856 quiestatur
374 3788 405 3840 V¹
462 3792 493 3841 13
512 3806 565 3856 qua
585 3789 607 3841 Γ
659 3791 691 3842 14
709 3793 810 3857 negata
828 3796 871 3841 est
883 3790 912 3840 rh
969 3790 999 3842 15
1018 3787 1085 3841 hiir
1140 3791 1172 3842 17
1190 3776 1296 3856 ecquos

151 3878 210 3928 (trid.
231 3894 261 3927 nr.
281 3874 301 3926 2
325 3875 348 3927 1⁷
399 3875 620 3943 adpraehendam
648 3886 670 3926 et
697 3877 739 3928 sir.
759 3877 786 3927 in
803 3893 853 3942 seq.
880 3876 901 3926 i'
951 3878 987 3929 20
1005 3876 1091 3928 diiir‘r
1116 3875 1179 3930 ihm
1196 3876 1241 3946 xpi
1264 3852 1292 3923 p

150 4016 184 4066 22
203 4013 374 4080 spiritualir
427 4016 460 4067 25
479 4014 505 4067 in
535 3971 703 4082 adoptionem
718 4031 784 4066 corr.
813 4032 845 4065 m.
870 4012 890 4065 2
915 4014 937 4066 ΙΙ
986 4015 1020 4068 26
1038 4031 1089 4082 per
1117 4008 1284 4069 Christumt

143 4103 212 4168 ,torn
232 4117 281 4167 per
299 4103 387 4154 Iesum
407 4100 546 4154 Christum
565 4101 636 4165 (ihm
655 4098 740 4168 xpm),
759 4101 794 4169 cf.
814 4102 931 4153 ..saturier
950 4100 1003 4165 ΙΙΙ,
1024 4100 1077 4154 788
1123 4104 1159 4158 28
1177 4112 1285 4173 corporo

151 4187 240 4239 carnis
260 4206 288 4239 cx
306 4188 386 4240 iactis
405 4189 528 4255 corporis
547 4188 622 4240 canis
642 4206 673 4239 nr.
693 4186 712 4238 ἱ)
736 4187 763 4239 1⁷.
