2790 4844
360 494 540 542 tractatus
565 490 599 542 in
623 490 797 558 psalmum
822 489 892 542 xlv.
1158 489 1198 553 89

48 699 129 741 sno.
173 679 334 757 superiora
357 676 416 756 illu,
447 678 519 743 lieet
549 700 663 762 uorgna
693 691 786 762 atque
816 679 964 763 praeelore
993 681 1064 757 siut,
1098 679 1199 746 solent

48 791 154 846 tumen
179 803 249 848 cum
265 776 412 866 gentibus
427 803 497 848 esse
512 784 685 861 conmunire,
698 790 732 849 ut
745 784 854 848 uitium
871 791 1009 861 caueant
1032 791 1065 848 ut
1079 784 1197 849 fernam

49 887 196 951 bonitatis
218 887 392 969 adquirant.
437 889 492 952 sed
516 886 584 952 haec
606 885 796 962 animalium,
820 907 880 951 non
904 886 1086 967 spiritalium
1100 889 1198 954 uirtus

50 997 106 1054 est.
152 990 310 1071 apostulus
333 990 417 1055 enim
441 997 472 1056 et
494 990 650 1056 carnalem
674 991 833 1056 hominem
856 990 957 1072 posuit
978 998 1009 1057 et
1031 991 1197 1057 animalem

50 1106 80 1158 ct-
103 1094 292 1175 spiritalem:
323 1094 489 1168 carnalem,
513 1094 611 1160 beluae
634 1095 727 1160 modo
749 1095 854 1159 diuina
877 1101 907 1160 et
930 1094 1067 1160 humane
1090 1095 1197 1180 negle-
1236 1127 1250 1163 s

51 1208 188 1282 gentem.
211 1200 297 1264 euius
320 1199 383 1262 uita
405 1200 543 1279 corporis
566 1198 683 1263 termule
705 1200 754 1277 sit,
785 1201 944 1283 negotiosa
972 1200 1049 1277 cibo,
1079 1219 1196 1266 somno.

51 1302 193 1379 libidiue;
224 1304 368 1367 animalis
398 1311 509 1382 autem,
541 1306 592 1388 qui
619 1324 655 1369 ex
678 1305 789 1368 iudicio
819 1324 928 1369 sensus
955 1304 1092 1382 humani,
1122 1305 1197 1388 quid

52 1407 164 1472 decens
187 1405 417 1490 honestumque
440 1409 490 1487 sit,
513 1408 627 1473 sentiet
649 1416 742 1491 atque
765 1409 804 1472 ab
828 1408 972 1472 omnibus
993 1409 1077 1472 uitiis
1093 1410 1196 1472 animo

54 1531 105 1573 auo
135 1519 258 1575 anctore
291 1531 325 1576 ee
359 1510 481 1587 roserat,
515 1532 570 1576 suo
601 1513 726 1592 proprio
755 1532 850 1577 sensu
884 1511 969 1577 utilia
1002 1519 1034 1577 et
1067 1511 1196 1577 honesta

56 1614 232 1679 diiudicans.
255 1625 288 1679 ut
311 1616 473 1695 pecuniam
497 1622 632 1696 spernet,
659 1623 693 1680 ut
712 1616 836 1681 ieiuniis
860 1636 971 1697 percus
995 1617 1044 1693 sit,
1073 1623 1107 1680 ut
1128 1636 1195 1680 arn·
1224 1646 1249 1679 ιι

59 1718 166 1783 titione
189 1728 299 1796 careat,
323 1733 355 1783 ut
383 1719 589 1799 uoluptatibus
619 1720 751 1796 resistat,
782 1727 815 1785 ut
845 1720 982 1784 bonitate
1012 1719 1196 1805 uenerabilis

62 1821 104 1884 sit.
145 1820 201 1886 sed
224 1843 364 1903 praesens
386 1823 418 1887 in
441 1822 490 1887 his
514 1829 630 1888 tantum
654 1830 686 1890 et
710 1825 789 1888 inter
820 1823 962 1888 homines
996 1822 1114 1889 homini
1138 1826 1197 1889 erit

65 1943 135 1989 osus.
178 1927 216 1990 de
239 1926 351 2010 quibus
367 1926 409 1990 ait
428 1928 568 2010 gentium
592 1929 714 1993 doctor:
739 1929 960 1993 secundum
984 1927 1196 1993 doctrinas

68 2044 100 2089 et
120 2036 320 2111 precepta
342 2030 555 2109 hominum,
580 2052 663 2115 quie
687 2040 780 2096 sunt
802 2032 1003 2097 rationem
1032 2032 1195 2115 quidem

71 2127 247 2199 habentis
269 2136 486 2215 sapientire
509 2137 548 2199 in
571 2137 880 2216 superstitione
903 2134 1195 2201 ethumilitete
1223 2162 1248 2201 rs

75 2252 205 2316 seusus,
229 2240 276 2304 ad
300 2260 375 2302 non
406 2239 655 2319 parcendum
686 2241 849 2320 corpori
880 2261 956 2304 non
987 2240 1026 2304 iu
1057 2239 1195 2322 aliquo

77 2336 211 2417 honore,
234 2352 275 2406 ut
297 2343 344 2406 ud
368 2343 634 2408 saturitatem
657 2345 803 2409 carnis.
849 2342 997 2424 spiritalis
1012 2351 1115 2408 eutem
1139 2350 1194 2420 eet,

78 2441 275 2524 adoperiam
307 2445 360 2510 illa
389 2448 428 2510 ud
459 2448 618 2513 dominum
649 2448 750 2512 studia
773 2447 844 2519 sint,
868 2456 899 2512 et
922 2447 989 2524 hoc,
1012 2449 1095 2530 quod
1119 2449 1194 2530 agit.

80 2561 121 2619 per
137 2549 289 2614 scientiam
314 2551 363 2614 dei
387 2558 466 2635 agat
489 2550 675 2634 intellegens
699 2557 731 2616 et
752 2569 953 2631 cognoscens,
984 2571 1053 2634 quie
1076 2551 1116 2616 eit
1141 2572 1195 2616 uo·

80 2643 156 2713 lutus
175 2656 247 2731 ciue,
270 2673 418 2719 arcanum
441 2656 552 2720 secreti
576 2654 696 2719 consilii
720 2661 750 2721 et
765 2656 941 2720 absconditi
963 2676 982 2719 a
1004 2655 1194 2735 temporibus
1222 2681 1246 2718 ao

81 2754 159 2819 uerti
179 2777 233 2840 per
254 2757 477 2823 reuelstionem
500 2779 536 2824 ac
560 2761 674 2824 donum
699 2761 824 2839 spiritus
846 2760 947 2824 sancti
963 2758 1149 2842 intellegens
1165 2770 1195 2823 et

81 2854 253 2944 sciensque.
277 2864 355 2926 ratio
378 2863 418 2926 sit
440 2884 459 2927 e
482 2864 540 2928 deo
562 2863 665 2928 cernis
688 2864 870 2943 adsumptae,
893 2863 945 2946 qui
969 2862 1070 2927 crucis
1086 2863 1194 2927 trium-

81 2956 149 3033 phus,
168 2984 231 3048 quae
255 2967 365 3030 roortis
389 2974 531 3046 potestas.
562 2987 631 3049 quae
662 2967 693 3030 in
725 2968 836 3032 uirtute
866 2966 1099 3033 resurrectionis
1122 2985 1194 3046 ope·

80 3062 145 3128 ratio.
175 3067 247 3145 haec,
268 3081 300 3133 ut.
315 3071 397 3135 idem
414 3071 568 3150 apostolus
585 3071 682 3144 direct,
705 3070 898 3135 animulis
922 3080 1057 3135 cutem
1081 3069 1195 3134 homo

82 3182 138 3230 ιιι
157 3174 438 3257 percipitquae
462 3182 556 3237 sunt
577 3175 751 3254 spiritus
775 3175 856 3252 dei;
879 3173 1065 3239 stultitia
1088 3173 1194 3239 enirn
1222 3200 1248 3240 a

80 3272 209 3351 catilli,
238 3296 312 3341 uec
342 3284 481 3356 potest
510 3277 777 3362 intellegere,
809 3279 998 3362 quoniam
1029 3278 1194 3358 spirita-

82 3368 158 3438 liter
176 3380 467 3464 interrogctur.
512 3382 578 3464 qui
603 3390 735 3447 sautem
766 3381 977 3462 spiritalis
1001 3389 1071 3461 est,
1094 3383 1194 3446 iudi·

80 3484 132 3538 eat
149 3486 275 3550 omnio.
298 3485 388 3565 ipse
412 3495 543 3550 cirtem
568 3506 586 3549 a
609 3487 770 3552 nemine
793 3486 1010 3551 iudicatur.

117 3601 245 3660 tutulos.
267 3609 300 3675 11,
319 3607 353 3660 2⁴2
372 3626 412 3675 sq.
449 3612 483 3661 24
503 3610 513 3661 1
533 3608 596 3661 Cor.
614 3611 640 3675 9,
662 3612 700 3661 14.

118 3756 251 3826 Ιιιιιειίοτ
269 3764 292 3817 V
342 3766 408 3817 eut
425 3764 527 3817 uitium
537 3783 567 3816 es
585 3771 633 3818 sut
652 3765 753 3819 uitium
769 3784 800 3817 m.
816 3765 876 3818 2V
926 3766 1026 3818 lumem
1045 3762 1104 3830 (om.
1114 3766 1157 3827 ut)
1173 3766 1198 3819 V

81 3837 237 3936 3⁸(lqniruot
270 3851 292 3903 V
343 3853 360 3903 4
383 3851 524 3904 carnalem
548 3853 667 3920 erratio.
694 3870 710 3903 o
729 3869 761 3903 or.
787 3850 807 3903 9
835 3850 861 3904 V
910 3851 1056 3904 5diuioae
1074 3851 1195 3906 humans

82 3936 157 3980 crana
175 3938 356 4005 neclegentem
389 3937 412 3990 V
462 3940 584 3990 isensu
616 3938 641 3990 V
689 3937 825 3992 edicens
849 3939 874 3991 V
925 3938 1002 3991 uitiis
1030 3958 1059 3991 er
1077 3940 1150 3992 uites
1171 3940 1195 3991 rt

82 4012 259 4121 ‘lusu‘pmprio
275 4058 374 4122 seusun
396 4060 463 4094 corr.
486 4060 516 4095 m.
541 4043 553 4092 l
578 4042 603 4094 V
651 4042 733 4095 utilis
759 4062 789 4094 er
813 4042 921 4095 utilitas
941 4061 972 4095 m.
992 4042 1009 4095 1
1032 4040 1058 4096 V
1108 4045 1142 4097 10
1160 4048 1194 4095 ut

84 4116 172 4171 russii·
192 4123 230 4190 (ut
254 4148 326 4197 rupo.
352 4128 414 4195 aer.)
443 4129 468 4181 R
492 4132 526 4182 ut
552 4129 648 4182 ieiunii
683 4128 707 4182 V
757 4131 787 4183 ll
816 4129 1007 4197 uoluptstibns
1026 4129 1086 4192 (om.
1103 4130 1149 4191 ιιι)
1173 4129 1198 4182 V

85 4198 112 4250 ¹²
131 4219 175 4267 Μ
194 4214 237 4267 ted
261 4220 281 4267 :1
303 4217 351 4268 litt.
376 4234 443 4269 ersa
472 4216 495 4268 V
549 4218 580 4267 15
606 4215 757 4283 seprientise
784 4235 833 4269 ora
857 4217 883 4269 R
936 4218 970 4270 16
996 4232 1051 4269 non
1078 4232 1195 4284 percen-

81 4282 280 4365 lumlo.·r)r
331 4302 463 4356 retruso
482 4303 505 4355 ι’
557 4302 690 4356 recuro
707 4303 731 4355 ι’
780 4302 973 4371 aplanen
1028 4302 1198 4371 ιιι-μιν

82 4371 114 4424 ²⁰
127 4380 253 4442 mhsnuro
271 4392 296 4443 lt
348 4389 505 4443 consilioV
557 4392 589 4443 21
609 4406 642 4443 ac
660 4408 691 4442 er
707 4388 798 4444 hecil
850 4389 1016 4457 intellegens
1034 4388 1155 4443 resciens
1173 4389 1197 4440 ι’

81 4459 113 4512 ²⁴
128 4471 201 4523 ²utero
216 4494 262 4528 ora
281 4477 321 4529 lid
372 4479 408 4530 25
425 4482 469 4529 est
486 4476 560 4529 enirn
581 4477 620 4528 lib
672 4478 708 4531 28
725 4476 783 4544 ipse
801 4492 868 4529 uero
887 4478 908 4528 d.
