2790 4844
410 273 590 322 tractatus
609 269 643 320 in
663 270 834 336 psalmum
853 268 923 323 LVI.
1177 270 1232 335 lll

95 458 293 536 deprecatus:
317 456 452 523 libera
475 477 531 522 me
555 460 601 523 de
624 478 690 523 ore
712 458 844 524 leonis
864 460 961 524 etde
987 480 1102 524 manu
1125 462 1237 524 canis

97 561 249 627 unicam
274 581 398 626 meam
422 569 452 627 et
475 583 534 626 non
558 561 607 626 alii
631 583 740 627 canum
765 563 813 627 uel
836 562 957 629 leonum
986 564 1075 628 catuli
1100 565 1236 648 intellegi

99 673 229 744 possunt.
254 686 349 749 quarn
373 667 423 749 qui
448 673 520 731 sunt
542 674 572 731 et
596 667 678 731 notio
701 667 882 748 umerorum,
913 668 951 733 de
983 688 1110 751 quorum
1136 670 1238 734 medio

101 772 198 833 anima
221 770 350 850 eripitur
379 780 410 836 ct
440 771 567 851 eripitur
597 791 652 854 per
681 772 810 836 missam
842 792 858 836 e
889 771 964 836 caelo
994 773 1236 838 misericordiam

103 880 129 938 et
157 875 319 939 ueritatem
358 877 526 940 secundum
562 874 652 939 illud:
687 875 979 940 misericordia
1013 881 1051 941 et
1083 877 1277 942 ueritasa

104 979 173 1043 sibi
208 978 483 1044 obuiauerunt
518 991 548 1044 et
582 980 608 1044 si
643 980 852 1044 misericordia
887 989 917 1044 et
949 981 1063 1045 ueritas
1098 981 1238 1046 dominus

108 1081 183 1147 lesus
205 1081 350 1147 Christus
374 1090 438 1148 est:
462 1103 522 1147 non
546 1083 722 1166 ambigitur.
747 1084 821 1167 quin
845 1084 888 1148 illi
911 1084 942 1147 in
966 1085 1162 1165 obprobrium
1187 1085 1239 1150 de-

108 1186 254 1259 ducantur.
289 1189 341 1270 qui
364 1187 577 1252 conculcantes
602 1188 758 1252 dominum
783 1190 814 1251 in
837 1189 980 1268 passione
1010 1189 1068 1252 ista
1091 1209 1150 1253 non
1175 1210 1238 1254 cre·

111 1291 187 1367 dunt3
211 1291 323 1374 quibus
347 1292 451 1374 utique
474 1292 669 1372 obprobrium
694 1301 741 1356 cst
763 1292 911 1375 unigeniti
935 1293 983 1357 dei
1019 1293 1186 1357 aduentum
1209 1304 1241 1358 et

112 1404 288 1474 peecatorum
312 1395 534 1480 indulgentiam
560 1397 742 1480 perdidisse.
801 1443 804 1448 ·
1268 1423 1292 1459 ιο

144 1500 172 1562 5.
196 1499 235 1564 Et
258 1501 330 1583 quia
354 1500 425 1564 huic
449 1512 622 1565 sanctorum
656 1501 721 1580 spei
744 1499 793 1564 uel
816 1506 1055 1583 persequentum
1089 1501 1173 1582 odio.
1192 1502 1240 1566 uel

116 1611 264 1686 negantum
288 1607 488 1669 aduersatura
523 1625 648 1685 semper
679 1611 791 1681 essent,
826 1606 1062 1669 conmemoratis
1098 1605 1240 1670 humana

116 1706 204 1772 salutis
220 1709 422 1774 sacramentis
438 1709 583 1773 subiecit:
609 1708 691 1772 lilii
718 1709 927 1785 hominurn,
948 1710 1240 1774 denteseorum

118 1819 257 1876 acutum
278 1821 315 1877 et
335 1813 499 1896 sagitta
519 1820 556 1876 et
575 1812 716 1897 lingua
739 1833 871 1877 eorurn
897 1812 1092 1878 machaera
1115 1821 1239 1878 acuta.

119 1915 175 1978 uitia
196 1929 358 2000 motusque
381 1918 552 1981 animomm
576 1918 633 1981 sub
650 1917 859 1997 corporalibus
875 1916 984 1982 officiis
1001 1918 1123 1981 diuinus
1139 1937 1240 1982 sermo
1269 1943 1293 1979 16

120 2017 263 2101 siginificat,
287 2030 321 2085 ut
344 2022 374 2085 in
392 2021 615 2085 deuteronomii
631 2021 764 2086 cantico:
788 2021 1040 2085 incrassauit
1064 2029 1101 2086 et
1124 2021 1241 2086 caloi-

119 2125 228 2188 trauit
252 2125 441 2200 dilectus,
465 2125 630 2205 impictatis
654 2124 725 2189 luxu
748 2127 804 2189 sub
827 2124 1052 2207 significatione
1083 2133 1242 2190 consuetu·

118 2224 184 2291 dinis
205 2228 373 2311 corporalis
397 2230 553 2311 increpito,
584 2229 633 2294 uel
657 2228 746 2293 illud:
775 2230 840 2312 qui
864 2229 1062 2293 decorant
1085 2229 1241 2309 plebem

118 2348 224 2396 neam
247 2342 288 2397 ut
310 2334 441 2399 cibum
464 2335 591 2414 panis,
615 2333 662 2398 uel
686 2333 794 2397 etiarn:
819 2335 960 2398 dentes
982 2342 1242 2414 pcccatorum

115 2437 351 2504 contriuisti.
376 2456 431 2501 nec
455 2456 515 2500 non
539 2448 570 2501 et
593 2436 737 2517 apostoli:
773 2439 876 2520 quod
908 2439 940 2502 si
972 2438 1167 2502 mordetis
1190 2438 1241 2501 in·
1270 2461 1295 2499 ao

114 2539 239 2617 uicem,
273 2541 422 2617 uidete,
445 2561 491 2605 ne
515 2542 809 2605 consumamini
832 2543 877 2605 ab
901 2543 1086 2622 inuicem,
1107 2547 1140 2605 ut
1162 2543 1242 2624 quod

109 2644 233 2728 singulis
256 2645 429 2729 quibusque
454 2645 600 2709 membris
635 2645 728 2709 officii
762 2646 951 2728 actionisque
986 2645 1243 2724 mandatumst,

107 2748 136 2813 id
158 2749 199 2812 ad
221 2748 419 2815 efficientiam
454 2750 602 2813 mentium
636 2751 871 2831 animorumque
905 2749 1067 2814 reseratur:
1102 2762 1134 2813 ut
1162 2768 1244 2813 nunc

103 2853 151 2919 uel
176 2854 422 2937 persequentium
447 2853 494 2918 uel
525 2838 775 2918 obtrectantium*
796 2860 1089 2918 commemoraturus
1119 2851 1245 2917 effectus

99 2958 160 3022 ait:
185 2956 269 3022 lilii
293 2957 504 3034 hominurn,
529 2959 673 3022 dentes
698 2976 827 3021 eorum
855 2962 1009 3022 scutum
1027 2957 1244 3041 etsagittae
1272 2980 1297 3018 2⁵

98 3076 138 3128 et-
163 3062 305 3146 lingua
329 3081 459 3126 eorum
496 3060 692 3126 machara
724 3068 849 3137 acuta,
884 3081 951 3126 cunr
977 3073 1007 3126 et
1029 3066 1246 3126 consumerent

97 3166 224 3233 saeuitia
245 3167 405 3246 potestatis
429 3174 460 3231 et
482 3165 736 3230 obtrectationum
759 3163 866 3230 iaculis
890 3165 1093 3230 uolnerarent.

146 3306 351 3371 rrexxnea.
387 3304 671 3371 ansnxxxrnn.
711 3305 1013 3372 iuuencxxxmra.
1053 3304 1243 3370 rapturas.

99 3391 569 3460 mmmsmfflnm

148 3519 160 3566 1
190 3514 369 3583 depraecatus
398 3515 424 3567 lt
485 3517 503 3566 4
530 3531 579 3580 per
606 3514 690 3566 missa
718 3514 743 3565 R
805 3513 995 3566 misericordia
1022 3519 1049 3566 ct
1076 3513 1194 3565 ueritate
1222 3514 1247 3565 lt

95 3662 114 3713 6
137 3654 195 3707 sibi
214 3600 261 3716 (b)
279 3655 373 3723 scripsi
390 3652 439 3721 (rs.
460 3653 579 3705 Subntier
598 3651 635 3711 ΙΙ,
657 3652 721 3719 171)
745 3669 774 3705 se
798 3651 887 3703 iclyta
906 3653 986 3704 συιδ
1040 3655 1055 3703 7
1074 3651 1247 3716 deducantur·

97 3741 375 3798 1t÷532dantur
403 3739 428 3791 P
453 3737 590 3791 deduntur
610 3739 634 3789 T
651 3738 787 3792 ‹ledentur
811 3758 831 3788 α
854 3738 955 3791 dentur
984 3738 1033 3791 Ed.
1059 3739 1142 3789 Boail.
1174 3737 1247 3788 rato

98 3826 613 3896 (Bema.ya1saaacoa.rermlerunr)
670 3828 701 3877 l‘..)
720 3831 870 3893 negantum
898 3843 928 3876 (τ
951 3832 1098 3877 necantum
1123 3842 1189 3876 corr.
1215 3842 1246 3875 m.

100 3922 116 3972 1
152 3916 179 3969 R
259 3917 290 3970 14
326 3920 435 3967 acutum
464 3915 493 3965 et
520 3911 637 3979 sagittae
667 3909 691 3958 Τ
714 3914 748 3981 cf.
773 3932 800 3982 p.
832 3912 893 3970 160,
920 3911 938 3965 9
971 3928 1047 3964 arma
1074 3917 1103 3963 et
1130 3912 1247 3978 sagittar

100 4003 189 4060 RPE
246 4001 374 4055 machera
388 4001 413 4053 lt
484 4000 518 4052 15
544 3999 698 4051 animorum
713 3999 738 4051 R
756 3998 909 4052 animarum
924 3998 1001 4050 Vra*
1071 4000 1102 4050 16
1120 3997 1247 4050 deutero·

98 4089 194 4147 nomli
214 4088 337 4151 (oritorum
354 4087 364 4140 i
382 4090 409 4140 in
428 4085 495 4151 rur.)
514 4087 539 4139 lt
558 4085 765 4140 deuteronomio
776 4085 817 4137 Pa
874 4087 904 4138 17
923 4085 990 4137 luxit
1004 4085 1029 4137 R
1080 4086 1115 4136 20
1133 4094 1161 4136 et
1179 4081 1248 4135 illud

99 4175 257 4248 ‘postella
310 4176 344 4228 22
363 4172 466 4240 singuli
484 4173 510 4226 P
559 4174 594 4226 23
612 4172 647 4225 ad
666 4191 713 4224 om.
732 4173 758 4223 l’
808 4178 840 4226 ut
864 4188 918 4224 non
945 4171 1034 4224 uelli
1087 4173 1121 4223 25
1140 4175 1248 4224 scutum

98 4278 131 4320 et
154 4264 273 4331 sagittae
293 4261 370 4313 Vra:
386 4277 462 4313 arma
480 4265 508 4314 et
525 4261 643 4328 sagittae
662 4260 694 4312 ll.
1245 4266 1251 4274 ·
