2790 4844
343 295 523 345 tractatus
542 289 576 342 in
594 288 767 357 psalmum
786 288 931 342 CXXXIX.
1146 288 1209 353 779

60 481 237 547 meretricis
271 480 400 564 laqueus
423 487 471 544 est
494 478 679 561 peccatoris;
714 497 837 543 oramus
872 497 947 562 ergo
980 480 1012 542 in
1048 477 1210 544 hiemalis

60 586 157 666 positi
181 586 334 650 dicentes:
366 585 478 664 eripe
512 603 579 658 me,
610 583 777 660 domine,
801 582 847 647 ab
871 582 1034 654 homine
1058 582 1210 658 malea

59 690 154 754 uiro
193 689 335 773 iniquo
372 687 505 753 libera
543 707 609 753 me.
654 689 710 752 sed
746 687 868 767 propria
905 707 975 753 esse
1012 686 1079 752 baec
1113 688 1209 752 oratio

59 794 182 858 domini
205 814 242 858 er
265 791 470 876 consequenti
493 791 631 868 docetur,
655 810 726 856 cum
746 791 803 856 ait:
828 792 892 874 qui
917 792 1210 874 cogitauerunt

60 897 252 962 malitias
274 897 313 960 in
332 899 466 961 corde.
511 895 714 979 cogitationes
738 895 839 960 cordis
863 915 954 960 nosse
978 915 1037 959 non
1069 903 1208 961 nostmm
1248 921 1261 960 a

59 1012 120 1076 est,
145 1001 202 1066 sed
225 1003 298 1074 eius,
315 1001 353 1066 de
373 1020 434 1083 quo
451 1000 645 1064 dictumest:
671 1010 860 1064 scrutans
884 1000 1005 1064 corda
1028 1008 1208 1065 atrones

58 1107 174 1181 deus,
205 1105 270 1171 eius
292 1124 425 1188 quoque,
450 1105 502 1187 qui
526 1104 602 1169 dixit
624 1103 726 1168 sciens
749 1103 950 1186 cogitationes
966 1123 1088 1168 eorum:
1112 1105 1208 1187 quid

57 1211 267 1294 cogitatis
308 1208 412 1274 mala
452 1209 491 1272 in
532 1199 726 1272 cordibus
764 1208 941 1272 uestris?
986 1207 1038 1273 ille
1076 1208 1208 1273 occultos

57 1335 173 1379 omnes
206 1313 414 1398 malignorum
448 1313 587 1377 cordium
627 1326 736 1377 seusus
770 1312 951 1392 penetrabili
983 1319 1075 1396 atque
1109 1313 1209 1378 inuios

57 1420 167 1484 aditus
190 1418 321 1483 obeunte
344 1425 453 1483 natura
476 1417 598 1507 pirtutis
621 1436 684 1481 suae
707 1421 876 1480 contuetur.
992 1440 994 1446 ’
1138 1467 1141 1472 .
1234 1442 1260 1478 10

106 1523 138 1586 t.
163 1522 225 1587 Sed
249 1522 300 1605 qui
324 1522 401 1602 eripi
425 1541 459 1586 se
482 1522 522 1586 de
545 1519 671 1584 homine
687 1540 747 1584 uno
765 1519 843 1584 malo
859 1527 890 1585 et
904 1521 1010 1604 iniquo
1026 1522 1208 1600 deprecatus

59 1635 120 1704 est,
153 1627 184 1690 in
216 1646 276 1709 quo
299 1624 477 1708 significare
511 1625 688 1688 traditorem
724 1644 816 1688 suum
845 1625 1045 1693 existimatur.
1075 1625 1138 1689 iam
1169 1627 1208 1692 de

60 1730 207 1814 plurimis
242 1729 322 1793 mala
354 1730 386 1792 in
421 1728 515 1793 corde
553 1728 759 1811 cogitantibus
800 1727 934 1811 loquitur
971 1730 1090 1795 dicens:
1140 1733 1209 1812 qui

59 1835 357 1919 cogitauerunt
392 1832 574 1898 malitias
609 1832 647 1896 in
682 1835 812 1905 corde,
848 1839 932 1897 tota
966 1834 1029 1898 die
1059 1835 1209 1898 consti·

59 1937 409 2020 tuebantproelia.
455 1938 838 2020 acueruutliuguas
872 1957 965 2002 suas
999 1938 1207 2003 sicutser-
1235 1960 1261 1997 ιι

61 2049 225 2124 pentes:
260 2062 459 2107 uenenum
494 2041 681 2122 aspidum
712 2043 783 2105 sub
807 2040 932 2106 labiis
956 2062 1102 2107 eorum.
1147 2063 1208 2106 non

59 2148 148 2211 omui
173 2153 203 2211 et
226 2152 287 2211 toto
310 2147 473 2210 aduersum
499 2145 597 2210 Dauid
633 2145 683 2209 die
716 2145 809 2209 armis
844 2152 991 2210 certatum
1026 2154 1075 2210 est
1108 2167 1208 2231 neque

61 2271 191 2332 semper
214 2251 371 2315 instructis
391 2248 517 2330 proeliis.
563 2249 712 2314 aduersus
735 2255 838 2313 autem
855 2249 1012 2314 dominum
1038 2251 1207 2315 seeundum

62 2354 266 2438 euangelicos
289 2354 482 2434 operationes
512 2355 578 2419 eius
601 2352 717 2417 nullum
742 2359 863 2434 tempus
893 2373 1022 2418 uacuum
1048 2354 1144 2419 fuisse
1167 2356 1207 2418 ab

62 2459 282 2525 insectantium
305 2459 384 2523 odiis
407 2458 589 2522 inuenimus.
634 2455 838 2539 paralyticum
868 2464 971 2522 sanat:
1004 2478 1073 2522 mox
1104 2460 1143 2523 de
1172 2479 1207 2524 eo
1235 2479 1260 2515 ao

63 2564 101 2629 ob
125 2563 286 2639 inlicitam,
316 2568 349 2626 ut
370 2563 528 2643 putabant,
563 2562 681 2645 peccati
713 2561 939 2645 indulgentiam
972 2570 1124 2627 uenenato
1155 2583 1208 2628 ore

66 2669 236 2733 disseritur.
281 2667 399 2731 aridam
424 2686 547 2730 manum
572 2666 733 2730 reformat:
768 2667 870 2730 statim
901 2665 1021 2732 uiolatae
1044 2664 1123 2751 legis
1146 2668 1208 2732 reis

66 2772 258 2837 adscribitur.
304 2772 461 2836 daemones
488 2778 588 2835 curat:
612 2771 757 2835 continuo
779 2791 833 2850 per
850 2770 1015 2836 Beelzebul
1031 2772 1206 2835 daemonum

69 2877 239 2957 principem
274 2873 341 2940 haec
374 2874 524 2955 perlicere
559 2875 707 2958 arguitur.
760 2873 837 2938 nihil
875 2881 931 2951 est,
966 2877 1049 2957 quod
1083 2895 1144 2939 non
1179 2879 1206 2940 ei

69 2980 191 3061 plenum
215 2999 340 3060 semper
362 2978 483 3043 insidiis
507 2979 555 3057 sit,
586 2980 668 3061 quod
698 2999 758 3042 non
789 2979 922 3058 uipereae
952 2977 1065 3064 linguae
1088 2999 1207 3045 ueneno
1234 2997 1259 3035 2⁵

108 3172 185 3226 ens.
204 3170 264 3238 vn,
284 3173 324 3225 ro.
361 3173 376 3223 r
395 3169 493 3223 naon.
513 3171 559 3236 rx,
578 3173 602 3223 4.

111 3350 121 3398 l
143 3345 275 3413 laquacus
304 3344 329 3396 R
381 3349 423 3397 est
449 3344 604 3411 peccatoris
633 3344 658 3394 G
684 3344 837 3411 peccat-oria
865 3349 907 3396 est
934 3345 989 3396 RF.
1047 3345 1127 3397 malis
1156 3344 1210 3397 GE

70 3432 145 3485 malis
164 3450 194 3485 ex
213 3430 344 3484 malcall
397 3432 476 3483 dine
495 3448 543 3483 om.
565 3431 589 3482 G
642 3431 677 3483 ab
698 3432 722 3482 G
740 3446 775 3482 ex
794 3431 819 3482 R
872 3433 965 3484 desae
982 3431 1050 3484 baec
1071 3433 1122 3483 GR
1139 3431 1207 3486 haec

70 3535 123 3572 esre
143 3520 171 3571 E
221 3521 238 3572 9
256 3517 423 3586 penetrabili
441 3518 530 3585 adque
549 3517 638 3570 inuios
657 3517 749 3569 aditus
768 3518 922 3570 obeunteG
940 3518 1106 3585 penetrabili
1124 3523 1207 3585 atque

68 3606 161 3673 peruio
179 3605 257 3658 aditu
275 3605 394 3658 obeunte
414 3605 453 3656 Bb
471 3604 696 3672 impenetrabiles
724 3609 806 3671 atque
834 3604 923 3657 inuios
947 3605 1038 3657 aditna
1056 3607 1175 3658 obeunte
1194 3624 1207 3658 e

67 3745 194 3814 rs..›1ccd.
211 3762 238 3814 p.
255 3740 294 3797 39
349 3745 377 3796 ll
399 3760 515 3795 uncum.
531 3743 556 3795 G
609 3742 829 3810 depraecatnsG
884 3745 916 3795 12
935 3743 963 3795 in
976 3701 1207 3811 quoGiniquoR

66 3835 98 3886 14
115 3832 145 3885 in
164 3831 247 3884 corde
267 3831 293 3883 G
311 3829 393 3884 corde
413 3830 438 3882 R
492 3832 523 3883 l'l
542 3835 601 3882 toto
623 3830 647 3881 G
670 3835 730 3882 tota
748 3830 774 3883 R
829 3832 861 3883 18
879 3830 1021 3883 instructis
1049 3831 1207 3898 proeliisG

62 3920 202 3973 inat-ructa
220 3916 460 3979 runlzzleras.
479 3915 500 3969 2
518 3918 580 3981 liu.)
599 3916 704 3984 proelia
732 3917 757 3970 R
810 3917 941 3970 aduersus
968 3918 992 3969 G
1016 3918 1163 3971 aduersum
1182 3919 1207 3970 R

61 4010 95 4062 19
113 4005 290 4074 operationes
321 4004 373 4057 GR
399 4004 571 4056 narrationes
591 4005 618 4055 E
668 4006 703 4056 22
720 4004 775 4056 reis
802 4006 894 4073 scripsi
917 4021 980 4057 reus
1001 4006 1027 4055 G
1044 4010 1136 4059 reatus
1156 4007 1210 4058 RE

56 4096 95 4150 23
114 4094 264 4146 daemones
286 4092 356 4144 GRa
374 4091 567 4144 daemoniacos
587 4092 614 4143 Ε
630 4091 756 4158 esmona.
771 4109 800 4160 p·
819 4090 858 4144 66
911 4091 1037 4144 belzebul
1058 4095 1082 4143 G
1101 4092 1207 4146 beelze-

54 4181 106 4237 bul
137 4181 164 4232 ll
192 4177 346 4232 Beelzebub
375 4178 402 4229 Ε
426 4179 461 4246 cs.
483 4177 555 4231 Neue
575 4179 703 4230 Formeol.
724 4177 746 4239 l,
764 4177 821 4231 588
873 4177 1038 4231 daemonum
1060 4178 1125 4232 GRc
1143 4180 1206 4232 dae·

52 4266 250 4325 moniornmb
303 4266 337 4316 25
356 4265 429 4332 quod
448 4282 503 4317 non
523 4265 649 4332 uipereae
668 4292 700 4300 -
720 4265 755 4317 sit
773 4283 822 4318 cm.
843 4266 874 4317 G.
