<?xml version="1.0" encoding="UTF-8"?>
<!DOCTYPE html PUBLIC "-//W3C//DTD XHTML 1.0 Transitional//EN"
    "http://www.w3.org/TR/xhtml1/DTD/xhtml1-transitional.dtd">
<html xmlns="http://www.w3.org/1999/xhtml" xml:lang="en" lang="en">
 <head>
  <title>
</title>
<meta http-equiv="Content-Type" content="text/html;charset=utf-8" />
  <meta name='ocr-system' content='tesseract 3.04.00' />
  <meta name='ocr-capabilities' content='ocr_page ocr_carea ocr_par ocr_line ocrx_word'/>
</head>
<body>
  <div class='ocr_page' id='page_1' title='image "./shilariiepiscop00hilagoog_0707.png"; bbox 0 0 2790 4844; ppageno 0'>
   <div class='ocr_carea' id='block_1_1' title="bbox 354 294 1207 363">
    <p class='ocr_par' dir='ltr' id='par_1_1' title="bbox 354 294 1207 363">
     <span class='ocr_line' id='line_1_1' title="bbox 354 294 1207 363; baseline 0.012 -18"><span class='ocrx_word' id='word_1_1' title='bbox 354 298 535 346; x_wconf 82' lang='lat' dir='ltr'>tractatus</span> <span class='ocrx_word' id='word_1_2' title='bbox 554 294 588 346; x_wconf 90' lang='lat' dir='ltr'>in</span> <span class='ocrx_word' id='word_1_3' title='bbox 607 294 777 363; x_wconf 85' lang='lat' dir='ltr'>psalmum</span> <span class='ocrx_word' id='word_1_4' title='bbox 798 295 916 348; x_wconf 79' lang='lat' dir='ltr'>CXXXI.</span> <span class='ocrx_word' id='word_1_5' title='bbox 1145 294 1207 358; x_wconf 75' lang='lat'>677</span> 
     </span>
    </p>
   </div>
   <div class='ocr_carea' id='block_1_2' title="bbox 57 483 1262 2443">
    <p class='ocr_par' dir='ltr' id='par_1_2' title="bbox 57 483 1262 2443">
     <span class='ocr_line' id='line_1_2' title="bbox 59 483 1208 549; baseline 0.001 -2"><span class='ocrx_word' id='word_1_6' title='bbox 59 493 192 549; x_wconf 79' lang='lat' dir='ltr'>terrae.</span> <span class='ocrx_word' id='word_1_7' title='bbox 249 484 287 547; x_wconf 92' lang='lat' dir='ltr'>in</span> <span class='ocrx_word' id='word_1_8' title='bbox 327 496 518 549; x_wconf 77' lang='lat' dir='ltr'>aternum</span> <span class='ocrx_word' id='word_1_9' title='bbox 566 483 739 549; x_wconf 88' lang='lat' dir='ltr'>seruabo</span> <span class='ocrx_word' id='word_1_10' title='bbox 778 483 840 548; x_wconf 89' lang='lat' dir='ltr'>iili</span> <span class='ocrx_word' id='word_1_11' title='bbox 881 484 1208 549; x_wconf 86' lang='lat' dir='ltr'>misericordiam</span> 
     </span>
     <span class='ocr_line' id='line_1_3' title="bbox 58 588 1208 670; baseline 0.002 -20"><span class='ocrx_word' id='word_1_12' title='bbox 58 608 184 653; x_wconf 79' lang='lat' dir='ltr'>nisam</span> <span class='ocrx_word' id='word_1_13' title='bbox 210 595 248 654; x_wconf 86' lang='lat' dir='ltr'>et</span> <span class='ocrx_word' id='word_1_14' title='bbox 271 595 561 653; x_wconf 83' lang='lat' dir='ltr'>testamentum</span> <span class='ocrx_word' id='word_1_15' title='bbox 586 608 711 654; x_wconf 89' lang='lat' dir='ltr'>meum</span> <span class='ocrx_word' id='word_1_16' title='bbox 735 588 864 654; x_wconf 82' lang='lat' dir='ltr'><strong>fidele</strong></span> <span class='ocrx_word' id='word_1_17' title='bbox 887 588 978 670; x_wconf 91' lang='lat' dir='ltr'>ipsi.</span> <span class='ocrx_word' id='word_1_18' title='bbox 1013 596 1208 669; x_wconf 86' lang='lat' dir='ltr'>etponam</span> 
     </span>
     <span class='ocr_line' id='line_1_4' title="bbox 58 692 1209 759; baseline 0.001 -3"><span class='ocrx_word' id='word_1_19' title='bbox 58 694 99 756; x_wconf 91' lang='lat' dir='ltr'>iu</span> <span class='ocrx_word' id='word_1_20' title='bbox 126 693 314 759; x_wconf 75' lang='lat' dir='ltr'>saeculum</span> <span class='ocrx_word' id='word_1_21' title='bbox 340 692 478 757; x_wconf 72' lang='lat' dir='ltr'>saeculi</span> <span class='ocrx_word' id='word_1_22' title='bbox 504 712 640 758; x_wconf 90' lang='lat' dir='ltr'>semen</span> <span class='ocrx_word' id='word_1_23' title='bbox 665 693 753 758; x_wconf 88' lang='lat' dir='ltr'>eius</span> <span class='ocrx_word' id='word_1_24' title='bbox 777 699 815 758; x_wconf 89' lang='lat' dir='ltr'>et</span> <span class='ocrx_word' id='word_1_25' title='bbox 837 695 972 758; x_wconf 85' lang='lat' dir='ltr'>sedern</span> <span class='ocrx_word' id='word_1_26' title='bbox 997 692 1209 758; x_wconf 87' lang='lat' dir='ltr'>einssiout</span> 
     </span>
     <span class='ocr_line' id='line_1_5' title="bbox 57 796 1207 882; baseline 0.001 -21"><span class='ocrx_word' id='word_1_27' title='bbox 57 797 152 862; x_wconf 90' lang='lat' dir='ltr'>dies</span> <span class='ocrx_word' id='word_1_28' title='bbox 176 796 271 862; x_wconf 79' lang='lat' dir='ltr'>caeli.</span> <span class='ocrx_word' id='word_1_29' title='bbox 318 798 349 861; x_wconf 89' lang='lat' dir='ltr'>si</span> <span class='ocrx_word' id='word_1_30' title='bbox 375 796 683 881; x_wconf 78' lang='lat' dir='ltr'>dereliquerint</span> <span class='ocrx_word' id='word_1_31' title='bbox 706 796 789 862; x_wconf 83' lang='lat' dir='ltr'>filii</span> <span class='ocrx_word' id='word_1_32' title='bbox 819 797 905 862; x_wconf 89' lang='lat' dir='ltr'>eius</span> <span class='ocrx_word' id='word_1_33' title='bbox 929 797 1059 882; x_wconf 87' lang='lat' dir='ltr'>legem</span> <span class='ocrx_word' id='word_1_34' title='bbox 1083 816 1207 862; x_wconf 88' lang='lat' dir='ltr'>meam</span> 
     </span>
     <span class='ocr_line' id='line_1_6' title="bbox 57 886 1261 978; baseline -0.002 -11"><span class='ocrx_word' id='word_1_35' title='bbox 57 910 100 967; x_wconf 87' lang='lat' dir='ltr'>et</span> <span class='ocrx_word' id='word_1_36' title='bbox 125 903 163 965; x_wconf 92' lang='lat' dir='ltr'>in</span> <span class='ocrx_word' id='word_1_37' title='bbox 186 901 357 966; x_wconf 82' lang='lat' dir='ltr'>iudiciis</span> <span class='ocrx_word' id='word_1_38' title='bbox 381 901 481 966; x_wconf 89' lang='lat' dir='ltr'>meis</span> <span class='ocrx_word' id='word_1_39' title='bbox 505 921 580 965; x_wconf 92' lang='lat' dir='ltr'>non</span> <span class='ocrx_word' id='word_1_40' title='bbox 604 901 917 978; x_wconf 85' lang='lat' dir='ltr'>ambuiauerint‚</span> <span class='ocrx_word' id='word_1_41' title='bbox 942 902 975 965; x_wconf 89' lang='lat' dir='ltr'>si</span> <span class='ocrx_word' id='word_1_42' title='bbox 1002 886 1207 966; x_wconf 75' lang='lat' dir='ltr'>iustifica—</span> <span class='ocrx_word' id='word_1_43' title='bbox 1248 925 1261 964; x_wconf 80' lang='lat' dir='ltr'>u</span> 
     </span>
     <span class='ocr_line' id='line_1_7' title="bbox 58 1005 1206 1086; baseline -0.002 -15"><span class='ocrx_word' id='word_1_44' title='bbox 58 1007 198 1071; x_wconf 83' lang='lat' dir='ltr'>tiones</span> <span class='ocrx_word' id='word_1_45' title='bbox 233 1025 340 1071; x_wconf 86' lang='lat' dir='ltr'>meas</span> <span class='ocrx_word' id='word_1_46' title='bbox 370 1006 689 1086; x_wconf 84' lang='lat' dir='ltr'>profarrauerint</span> <span class='ocrx_word' id='word_1_47' title='bbox 722 1015 758 1070; x_wconf 86' lang='lat' dir='ltr'>st</span> <span class='ocrx_word' id='word_1_48' title='bbox 793 1005 981 1070; x_wconf 86' lang='lat' dir='ltr'>mandata</span> <span class='ocrx_word' id='word_1_49' title='bbox 1016 1025 1100 1070; x_wconf 88' lang='lat' dir='ltr'>msa</span> <span class='ocrx_word' id='word_1_50' title='bbox 1133 1026 1206 1070; x_wconf 93' lang='lat' dir='ltr'>non</span> 
     </span>
     <span class='ocr_line' id='line_1_8' title="bbox 57 1109 1208 1202; baseline -0.002 -28"><span class='ocrx_word' id='word_1_51' title='bbox 57 1110 351 1188; x_wconf 77' lang='lat' dir='ltr'>custodierint,</span> <span class='ocrx_word' id='word_1_52' title='bbox 387 1110 569 1174; x_wconf 85' lang='lat' dir='ltr'>uisitebo</span> <span class='ocrx_word' id='word_1_53' title='bbox 599 1111 637 1173; x_wconf 94' lang='lat' dir='ltr'>in</span> <span class='ocrx_word' id='word_1_54' title='bbox 667 1111 786 1202; x_wconf 85' lang='lat' dir='ltr'>uirga</span> <span class='ocrx_word' id='word_1_55' title='bbox 815 1109 1050 1174; x_wconf 85' lang='lat' dir='ltr'>iniustitias</span> <span class='ocrx_word' id='word_1_56' title='bbox 1074 1129 1208 1175; x_wconf 89' lang='lat' dir='ltr'>eorum</span> 
     </span>
     <span class='ocr_line' id='line_1_9' title="bbox 59 1213 1207 1294; baseline -0.002 -15"><span class='ocrx_word' id='word_1_57' title='bbox 59 1227 99 1279; x_wconf 84' lang='lat' dir='ltr'>et</span> <span class='ocrx_word' id='word_1_58' title='bbox 133 1216 170 1278; x_wconf 92' lang='lat' dir='ltr'>in</span> <span class='ocrx_word' id='word_1_59' title='bbox 201 1213 447 1279; x_wconf 86' lang='lat' dir='ltr'>uerberibus</span> <span class='ocrx_word' id='word_1_60' title='bbox 477 1221 650 1294; x_wconf 77' lang='lat' dir='ltr'>peecata</span> <span class='ocrx_word' id='word_1_61' title='bbox 685 1234 827 1278; x_wconf 91' lang='lat' dir='ltr'>eorum.</span> <span class='ocrx_word' id='word_1_62' title='bbox 874 1214 1207 1280; x_wconf 80' lang='lat' dir='ltr'>misericordiam</span> 
     </span>
     <span class='ocr_line' id='line_1_10' title="bbox 58 1318 1207 1402; baseline -0.003 -17"><span class='ocrx_word' id='word_1_63' title='bbox 58 1339 160 1385; x_wconf 90' lang='lat' dir='ltr'>uero</span> <span class='ocrx_word' id='word_1_64' title='bbox 183 1338 305 1383; x_wconf 91' lang='lat' dir='ltr'>meam</span> <span class='ocrx_word' id='word_1_65' title='bbox 332 1338 404 1382; x_wconf 93' lang='lat' dir='ltr'>non</span> <span class='ocrx_word' id='word_1_66' title='bbox 430 1319 667 1402; x_wconf 81' lang='lat' dir='ltr'>dispergam</span> <span class='ocrx_word' id='word_1_67' title='bbox 691 1319 736 1382; x_wconf 86' lang='lat' dir='ltr'>ab</span> <span class='ocrx_word' id='word_1_68' title='bbox 760 1340 811 1395; x_wconf 88' lang='lat' dir='ltr'>eo,</span> <span class='ocrx_word' id='word_1_69' title='bbox 843 1338 972 1401; x_wconf 91' lang='lat' dir='ltr'>neque</span> <span class='ocrx_word' id='word_1_70' title='bbox 1003 1318 1207 1398; x_wconf 83' lang='lat' dir='ltr'>decipiam</span> 
     </span>
     <span class='ocr_line' id='line_1_11' title="bbox 59 1418 1261 1505; baseline -0.003 -18"><span class='ocrx_word' id='word_1_71' title='bbox 59 1425 101 1488; x_wconf 92' lang='lat' dir='ltr'>in</span> <span class='ocrx_word' id='word_1_72' title='bbox 137 1423 318 1487; x_wconf 82' lang='lat' dir='ltr'>uerit-ate</span> <span class='ocrx_word' id='word_1_73' title='bbox 354 1443 447 1496; x_wconf 83' lang='lat' dir='ltr'>mea,</span> <span class='ocrx_word' id='word_1_74' title='bbox 485 1442 615 1505; x_wconf 83' lang='lat' dir='ltr'>neque</span> <span class='ocrx_word' id='word_1_75' title='bbox 652 1422 880 1503; x_wconf 84' lang='lat' dir='ltr'>profanabo</span> <span class='ocrx_word' id='word_1_76' title='bbox 918 1418 1206 1488; x_wconf 86' lang='lat' dir='ltr'>testamentum</span> <span class='ocrx_word' id='word_1_77' title='bbox 1236 1445 1261 1483; x_wconf 82' lang='lat' dir='ltr'>ro</span> 
     </span>
     <span class='ocr_line' id='line_1_12' title="bbox 61 1525 1206 1611; baseline -0.003 -19"><span class='ocrx_word' id='word_1_78' title='bbox 61 1528 596 1611; x_wconf 77' lang='lat' dir='ltr'>meumetquaeproeedunt</span> <span class='ocrx_word' id='word_1_79' title='bbox 617 1527 661 1590; x_wconf 91' lang='lat' dir='ltr'>de</span> <span class='ocrx_word' id='word_1_80' title='bbox 685 1525 809 1591; x_wconf 89' lang='lat' dir='ltr'>labiis</span> <span class='ocrx_word' id='word_1_81' title='bbox 834 1527 942 1604; x_wconf 85' lang='lat' dir='ltr'>mois,</span> <span class='ocrx_word' id='word_1_82' title='bbox 965 1547 1038 1590; x_wconf 91' lang='lat' dir='ltr'>nou</span> <span class='ocrx_word' id='word_1_83' title='bbox 1060 1526 1206 1590; x_wconf 86' lang='lat' dir='ltr'>saoinm</span> 
     </span>
     <span class='ocr_line' id='line_1_13' title="bbox 59 1631 1209 1704; baseline -0.001 -9"><span class='ocrx_word' id='word_1_84' title='bbox 59 1632 200 1696; x_wconf 87' lang='lat' dir='ltr'>inrita.</span> <span class='ocrx_word' id='word_1_85' title='bbox 247 1631 372 1696; x_wconf 87' lang='lat' dir='ltr'>semei</span> <span class='ocrx_word' id='word_1_86' title='bbox 397 1632 528 1695; x_wconf 90' lang='lat' dir='ltr'>iuraui</span> <span class='ocrx_word' id='word_1_87' title='bbox 552 1632 591 1694; x_wconf 92' lang='lat' dir='ltr'>in</span> <span class='ocrx_word' id='word_1_88' title='bbox 615 1636 757 1695; x_wconf 86' lang='lat' dir='ltr'>saneto</span> <span class='ocrx_word' id='word_1_89' title='bbox 780 1652 874 1704; x_wconf 80' lang='lat' dir='ltr'>meo,</span> <span class='ocrx_word' id='word_1_90' title='bbox 897 1632 929 1696; x_wconf 85' lang='lat' dir='ltr'>si</span> <span class='ocrx_word' id='word_1_91' title='bbox 956 1631 1085 1696; x_wconf 91' lang='lat' dir='ltr'>Dauid</span> <span class='ocrx_word' id='word_1_92' title='bbox 1108 1650 1209 1694; x_wconf 88' lang='lat' dir='ltr'>men·</span> 
     </span>
     <span class='ocr_line' id='line_1_14' title="bbox 59 1733 1209 1826; baseline 0 -27"><span class='ocrx_word' id='word_1_93' title='bbox 59 1737 160 1800; x_wconf 84' lang='lat' dir='ltr'>tiar:</span> <span class='ocrx_word' id='word_1_94' title='bbox 199 1755 331 1800; x_wconf 80' lang='lat' dir='ltr'>semen</span> <span class='ocrx_word' id='word_1_95' title='bbox 368 1735 457 1800; x_wconf 92' lang='lat' dir='ltr'>eius</span> <span class='ocrx_word' id='word_1_96' title='bbox 492 1736 529 1797; x_wconf 91' lang='lat' dir='ltr'>in</span> <span class='ocrx_word' id='word_1_97' title='bbox 564 1739 755 1800; x_wconf 88' lang='lat' dir='ltr'>aeteruum</span> <span class='ocrx_word' id='word_1_98' title='bbox 793 1735 991 1826; x_wconf 79' lang='lat' dir='ltr'>manebit3</span> <span class='ocrx_word' id='word_1_99' title='bbox 1027 1740 1065 1800; x_wconf 86' lang='lat' dir='ltr'>et</span> <span class='ocrx_word' id='word_1_100' title='bbox 1097 1733 1209 1800; x_wconf 85' lang='lat' dir='ltr'>sedis</span> 
     </span>
     <span class='ocr_line' id='line_1_15' title="bbox 59 1824 1209 1922; baseline -0.001 -18"><span class='ocrx_word' id='word_1_101' title='bbox 59 1842 152 1904; x_wconf 88' lang='lat' dir='ltr'>eins</span> <span class='ocrx_word' id='word_1_102' title='bbox 175 1839 283 1904; x_wconf 86' lang='lat' dir='ltr'>sieut</span> <span class='ocrx_word' id='word_1_103' title='bbox 305 1839 363 1904; x_wconf 87' lang='lat' dir='ltr'>soi</span> <span class='ocrx_word' id='word_1_104' title='bbox 388 1840 424 1903; x_wconf 93' lang='lat' dir='ltr'>in</span> <span class='ocrx_word' id='word_1_105' title='bbox 450 1851 673 1922; x_wconf 79' lang='lat' dir='ltr'>conspeetu</span> <span class='ocrx_word' id='word_1_106' title='bbox 706 1859 788 1904; x_wconf 94' lang='lat' dir='ltr'>meo</span> <span class='ocrx_word' id='word_1_107' title='bbox 811 1845 850 1903; x_wconf 89' lang='lat' dir='ltr'>et</span> <span class='ocrx_word' id='word_1_108' title='bbox 872 1824 980 1905; x_wconf 80' lang='lat' dir='ltr'>sieut</span> <span class='ocrx_word' id='word_1_109' title='bbox 1010 1839 1104 1905; x_wconf 85' lang='lat' dir='ltr'>luna</span> <span class='ocrx_word' id='word_1_110' title='bbox 1127 1859 1209 1920; x_wconf 92' lang='lat' dir='ltr'>per·</span> 
     </span>
     <span class='ocr_line' id='line_1_16' title="bbox 58 1942 1262 2026; baseline -0.003 -18"><span class='ocrx_word' id='word_1_111' title='bbox 58 1949 175 2008; x_wconf 84' lang='lat' dir='ltr'>seete</span> <span class='ocrx_word' id='word_1_112' title='bbox 198 1945 234 2006; x_wconf 93' lang='lat' dir='ltr'>in</span> <span class='ocrx_word' id='word_1_113' title='bbox 259 1950 462 2008; x_wconf 87' lang='lat' dir='ltr'>aeternum.</span> <span class='ocrx_word' id='word_1_114' title='bbox 508 1943 730 2024; x_wconf 86' lang='lat' dir='ltr'>promissiones</span> <span class='ocrx_word' id='word_1_115' title='bbox 754 1944 820 2007; x_wconf 85' lang='lat' dir='ltr'>istae</span> <span class='ocrx_word' id='word_1_116' title='bbox 837 1942 940 2009; x_wconf 89' lang='lat' dir='ltr'>Dauid</span> <span class='ocrx_word' id='word_1_117' title='bbox 964 1945 1030 2008; x_wconf 84' lang='lat' dir='ltr'>eius</span> <span class='ocrx_word' id='word_1_118' title='bbox 1053 1950 1131 2022; x_wconf 82' lang='lat' dir='ltr'>sunt,</span> <span class='ocrx_word' id='word_1_119' title='bbox 1155 1943 1208 2026; x_wconf 90' lang='lat' dir='ltr'>qui</span> <span class='ocrx_word' id='word_1_120' title='bbox 1238 1965 1262 2004; x_wconf 81' lang='lat' dir='ltr'>n</span> 
     </span>
     <span class='ocr_line' id='line_1_17' title="bbox 58 2046 1210 2131; baseline -0.001 -19"><span class='ocrx_word' id='word_1_121' title='bbox 58 2048 216 2112; x_wconf 88' lang='lat' dir='ltr'>aduersus</span> <span class='ocrx_word' id='word_1_122' title='bbox 249 2055 404 2131; x_wconf 82' lang='lat' dir='ltr'>potentem</span> <span class='ocrx_word' id='word_1_123' title='bbox 440 2049 561 2112; x_wconf 86' lang='lat' dir='ltr'>adiutor</span> <span class='ocrx_word' id='word_1_124' title='bbox 596 2046 709 2112; x_wconf 79' lang='lat' dir='ltr'>eiectus</span> <span class='ocrx_word' id='word_1_125' title='bbox 745 2055 799 2125; x_wconf 87' lang='lat' dir='ltr'>est,</span> <span class='ocrx_word' id='word_1_126' title='bbox 834 2047 920 2112; x_wconf 84' lang='lat' dir='ltr'>ouius</span> <span class='ocrx_word' id='word_1_127' title='bbox 944 2048 974 2112; x_wconf 93' lang='lat' dir='ltr'>iu</span> <span class='ocrx_word' id='word_1_128' title='bbox 999 2048 1077 2113; x_wconf 84' lang='lat' dir='ltr'>mari</span> <span class='ocrx_word' id='word_1_129' title='bbox 1099 2067 1210 2112; x_wconf 89' lang='lat' dir='ltr'>manus</span> 
     </span>
     <span class='ocr_line' id='line_1_18' title="bbox 58 2152 1209 2236; baseline -0.001 -19"><span class='ocrx_word' id='word_1_130' title='bbox 58 2159 120 2230; x_wconf 75' lang='lat' dir='ltr'>est,</span> <span class='ocrx_word' id='word_1_131' title='bbox 156 2152 241 2216; x_wconf 87' lang='lat' dir='ltr'>ouius</span> <span class='ocrx_word' id='word_1_132' title='bbox 275 2153 305 2216; x_wconf 93' lang='lat' dir='ltr'>in</span> <span class='ocrx_word' id='word_1_133' title='bbox 341 2152 521 2216; x_wconf 85' lang='lat' dir='ltr'>fluminibus</span> <span class='ocrx_word' id='word_1_134' title='bbox 555 2153 681 2216; x_wconf 83' lang='lat' dir='ltr'>dextera</span> <span class='ocrx_word' id='word_1_135' title='bbox 715 2158 770 2227; x_wconf 87' lang='lat' dir='ltr'>est,</span> <span class='ocrx_word' id='word_1_136' title='bbox 804 2153 854 2236; x_wconf 92' lang='lat' dir='ltr'>qui</span> <span class='ocrx_word' id='word_1_137' title='bbox 890 2172 1067 2233; x_wconf 81' lang='lat' dir='ltr'>nuncupare</span> <span class='ocrx_word' id='word_1_138' title='bbox 1090 2159 1209 2234; x_wconf 86' lang='lat' dir='ltr'>patrem</span> 
     </span>
     <span class='ocr_line' id='line_1_19' title="bbox 59 2255 1210 2340; baseline -0.002 -18"><span class='ocrx_word' id='word_1_139' title='bbox 59 2259 159 2322; x_wconf 89' lang='lat' dir='ltr'>deum</span> <span class='ocrx_word' id='word_1_140' title='bbox 184 2256 284 2332; x_wconf 79' lang='lat' dir='ltr'>nudet,</span> <span class='ocrx_word' id='word_1_141' title='bbox 308 2256 381 2339; x_wconf 90' lang='lat' dir='ltr'>quia</span> <span class='ocrx_word' id='word_1_142' title='bbox 405 2262 467 2334; x_wconf 91' lang='lat' dir='ltr'>est;</span> <span class='ocrx_word' id='word_1_143' title='bbox 501 2256 553 2340; x_wconf 87' lang='lat' dir='ltr'>qni</span> <span class='ocrx_word' id='word_1_144' title='bbox 576 2255 643 2336; x_wconf 87' lang='lat' dir='ltr'>ipse</span> <span class='ocrx_word' id='word_1_145' title='bbox 666 2256 894 2340; x_wconf 83' lang='lat' dir='ltr'>primogenitus</span> <span class='ocrx_word' id='word_1_146' title='bbox 917 2263 971 2334; x_wconf 86' lang='lat' dir='ltr'>est,</span> <span class='ocrx_word' id='word_1_147' title='bbox 995 2256 1047 2339; x_wconf 91' lang='lat' dir='ltr'>qui</span> <span class='ocrx_word' id='word_1_148' title='bbox 1071 2255 1210 2321; x_wconf 87' lang='lat' dir='ltr'>eroelsus</span> 
     </span>
     <span class='ocr_line' id='line_1_20' title="bbox 60 2359 1209 2443; baseline -0.002 -18"><span class='ocrx_word' id='word_1_149' title='bbox 60 2379 158 2440; x_wconf 85' lang='lat' dir='ltr'>super</span> <span class='ocrx_word' id='word_1_150' title='bbox 193 2379 283 2443; x_wconf 84' lang='lat' dir='ltr'>reges</span> <span class='ocrx_word' id='word_1_151' title='bbox 318 2369 415 2437; x_wconf 77' lang='lat' dir='ltr'>terrae,</span> <span class='ocrx_word' id='word_1_152' title='bbox 450 2359 535 2424; x_wconf 90' lang='lat' dir='ltr'>ouius</span> <span class='ocrx_word' id='word_1_153' title='bbox 571 2380 677 2425; x_wconf 90' lang='lat' dir='ltr'>semen</span> <span class='ocrx_word' id='word_1_154' title='bbox 701 2359 731 2423; x_wconf 96' lang='lat' dir='ltr'>in</span> <span class='ocrx_word' id='word_1_155' title='bbox 756 2359 901 2425; x_wconf 74' lang='lat' dir='ltr'>saeculum</span> <span class='ocrx_word' id='word_1_156' title='bbox 936 2360 1037 2425; x_wconf 79' lang='lat' dir='ltr'>saeeuli</span> <span class='ocrx_word' id='word_1_157' title='bbox 1062 2365 1117 2433; x_wconf 86' lang='lat' dir='ltr'>est,</span> <span class='ocrx_word' id='word_1_158' title='bbox 1153 2361 1209 2437; x_wconf 85' lang='lat' dir='ltr'>oui,</span> 
     </span>
    </p>
   </div>
   <div class='ocr_carea' id='block_1_3' title="bbox 60 2463 1262 2857">
    <p class='ocr_par' dir='ltr' id='par_1_3' title="bbox 60 2463 1262 2857">
     <span class='ocr_line' id='line_1_21' title="bbox 60 2463 1262 2548; baseline 0 -19"><span class='ocrx_word' id='word_1_159' title='bbox 60 2486 135 2548; x_wconf 81' lang='lat' dir='ltr'>quae</span> <span class='ocrx_word' id='word_1_160' title='bbox 159 2464 242 2528; x_wconf 82' lang='lat' dir='ltr'>dieta</span> <span class='ocrx_word' id='word_1_161' title='bbox 264 2469 343 2540; x_wconf 89' lang='lat' dir='ltr'>sunt,</span> <span class='ocrx_word' id='word_1_162' title='bbox 367 2484 426 2529; x_wconf 93' lang='lat' dir='ltr'>non</span> <span class='ocrx_word' id='word_1_163' title='bbox 449 2464 635 2540; x_wconf 78' lang='lat' dir='ltr'>irritasunt,</span> <span class='ocrx_word' id='word_1_164' title='bbox 660 2465 708 2528; x_wconf 88' lang='lat' dir='ltr'>oui</span> <span class='ocrx_word' id='word_1_165' title='bbox 724 2463 820 2528; x_wconf 86' lang='lat' dir='ltr'>semel</span> <span class='ocrx_word' id='word_1_166' title='bbox 836 2465 902 2529; x_wconf 89' lang='lat' dir='ltr'>sine</span> <span class='ocrx_word' id='word_1_167' title='bbox 919 2464 1079 2529; x_wconf 81' lang='lat' dir='ltr'>mendacio</span> <span class='ocrx_word' id='word_1_168' title='bbox 1093 2464 1209 2529; x_wconf 89' lang='lat' dir='ltr'>iuratur</span> <span class='ocrx_word' id='word_1_169' title='bbox 1237 2485 1262 2521; x_wconf 81' lang='lat' dir='ltr'>ro</span> 
     </span>
     <span class='ocr_line' id='line_1_22' title="bbox 60 2553 1208 2652; baseline 0 -20"><span class='ocrx_word' id='word_1_170' title='bbox 60 2571 236 2645; x_wconf 77' lang='lat' dir='ltr'>insonate,</span> <span class='ocrx_word' id='word_1_171' title='bbox 272 2566 359 2633; x_wconf 85' lang='lat' dir='ltr'>ouius</span> <span class='ocrx_word' id='word_1_172' title='bbox 391 2568 474 2632; x_wconf 85' lang='lat' dir='ltr'>sodis</span> <span class='ocrx_word' id='word_1_173' title='bbox 504 2568 583 2632; x_wconf 80' lang='lat' dir='ltr'>siout</span> <span class='ocrx_word' id='word_1_174' title='bbox 613 2568 656 2633; x_wconf 90' lang='lat' dir='ltr'>sol</span> <span class='ocrx_word' id='word_1_175' title='bbox 688 2569 719 2632; x_wconf 93' lang='lat' dir='ltr'>in</span> <span class='ocrx_word' id='word_1_176' title='bbox 750 2575 920 2652; x_wconf 78' lang='lat' dir='ltr'>conspeetu¹</span> <span class='ocrx_word' id='word_1_177' title='bbox 940 2569 988 2633; x_wconf 89' lang='lat' dir='ltr'>dei</span> <span class='ocrx_word' id='word_1_178' title='bbox 1013 2574 1062 2632; x_wconf 91' lang='lat' dir='ltr'>est</span> <span class='ocrx_word' id='word_1_179' title='bbox 1090 2553 1208 2648; x_wconf 84' lang='lat' dir='ltr'>etper·</span> 
     </span>
     <span class='ocr_line' id='line_1_23' title="bbox 62 2671 1208 2755; baseline 0 -19"><span class='ocrx_word' id='word_1_180' title='bbox 62 2679 170 2737; x_wconf 85' lang='lat' dir='ltr'>manet</span> <span class='ocrx_word' id='word_1_181' title='bbox 192 2681 225 2736; x_wconf 89' lang='lat' dir='ltr'>ut</span> <span class='ocrx_word' id='word_1_182' title='bbox 255 2671 325 2736; x_wconf 89' lang='lat' dir='ltr'>luna</span> <span class='ocrx_word' id='word_1_183' title='bbox 356 2672 493 2752; x_wconf 82' lang='lat' dir='ltr'>perfecta</span> <span class='ocrx_word' id='word_1_184' title='bbox 517 2673 546 2735; x_wconf 93' lang='lat' dir='ltr'>in</span> <span class='ocrx_word' id='word_1_185' title='bbox 570 2677 731 2736; x_wconf 78' lang='lat' dir='ltr'>aeternum.</span> <span class='ocrx_word' id='word_1_186' title='bbox 778 2693 815 2736; x_wconf 84' lang='lat' dir='ltr'>er</span> <span class='ocrx_word' id='word_1_187' title='bbox 845 2671 938 2736; x_wconf 91' lang='lat' dir='ltr'>huius</span> <span class='ocrx_word' id='word_1_188' title='bbox 968 2671 1062 2755; x_wconf 82' lang='lat' dir='ltr'>igitur</span> <span class='ocrx_word' id='word_1_189' title='bbox 1091 2672 1208 2737; x_wconf 87' lang='lat' dir='ltr'>uentris</span> 
     </span>
     <span class='ocr_line' id='line_1_24' title="bbox 63 2776 755 2857; baseline 0 -16"><span class='ocrx_word' id='word_1_190' title='bbox 63 2778 165 2841; x_wconf 81' lang='lat' dir='ltr'>fructu</span> <span class='ocrx_word' id='word_1_191' title='bbox 190 2777 355 2857; x_wconf 88' lang='lat' dir='ltr'>superdei</span> <span class='ocrx_word' id='word_1_192' title='bbox 379 2778 485 2841; x_wconf 87' lang='lat' dir='ltr'>sedem</span> <span class='ocrx_word' id='word_1_193' title='bbox 510 2776 755 2841; x_wconf 81' lang='lat' dir='ltr'>conlocabuntur.</span> 
     </span>
    </p>
   </div>
   <div class='ocr_carea' id='block_1_4' title="bbox 106 2896 1209 2977">
    <p class='ocr_par' dir='ltr' id='par_1_4' title="bbox 106 2896 1209 2977">
     <span class='ocr_line' id='line_1_25' title="bbox 106 2896 1209 2977; baseline -0.001 -14"><span class='ocrx_word' id='word_1_194' title='bbox 106 2899 158 2963; x_wconf 80' lang='lat'>20.</span> <span class='ocrx_word' id='word_1_195' title='bbox 183 2896 342 2977; x_wconf 79' lang='lat' dir='ltr'>Quomodo</span> <span class='ocrx_word' id='word_1_196' title='bbox 371 2903 472 2962; x_wconf 87' lang='lat' dir='ltr'>autem</span> <span class='ocrx_word' id='word_1_197' title='bbox 497 2918 533 2962; x_wconf 81' lang='lat' dir='ltr'>ex</span> <span class='ocrx_word' id='word_1_198' title='bbox 557 2898 655 2962; x_wconf 83' lang='lat' dir='ltr'>fruotu</span> <span class='ocrx_word' id='word_1_199' title='bbox 679 2898 778 2962; x_wconf 91' lang='lat' dir='ltr'>simus</span> <span class='ocrx_word' id='word_1_200' title='bbox 802 2898 917 2962; x_wconf 81' lang='lat' dir='ltr'>uentris</span> <span class='ocrx_word' id='word_1_201' title='bbox 942 2898 1015 2975; x_wconf 88' lang='lat' dir='ltr'>eius,</span> <span class='ocrx_word' id='word_1_202' title='bbox 1050 2898 1209 2962; x_wconf 79' lang='lat' dir='ltr'>audiamus</span> 
     </span>
    </p>
   </div>
   <div class='ocr_carea' id='block_1_5' title="bbox 59 3141 1215 4079">
    <p class='ocr_par' dir='ltr' id='par_1_5' title="bbox 59 3141 1215 4079">
     <span class='ocr_line' id='line_1_26' title="bbox 108 3141 1214 3208; baseline -0.001 -13"><span class='ocrx_word' id='word_1_203' title='bbox 108 3142 252 3195; x_wconf 89' lang='lat' dir='ltr'>lseruibo</span> <span class='ocrx_word' id='word_1_204' title='bbox 273 3143 298 3192; x_wconf 78' lang='lat' dir='ltr'><em>G</em></span> <span class='ocrx_word' id='word_1_205' title='bbox 351 3144 368 3195; x_wconf 83' lang='grc'>3</span> <span class='ocrx_word' id='word_1_206' title='bbox 395 3143 423 3194; x_wconf 90' lang='lat' dir='ltr'>in</span> <span class='ocrx_word' id='word_1_207' title='bbox 451 3141 559 3194; x_wconf 86' lang='lat' dir='ltr'>saecula</span> <span class='ocrx_word' id='word_1_208' title='bbox 577 3142 635 3208; x_wconf 71' lang='lat' dir='ltr'>(one</span> <span class='ocrx_word' id='word_1_209' title='bbox 661 3141 774 3207; x_wconf 82' lang='lat' dir='ltr'>saeculi)</span> <span class='ocrx_word' id='word_1_210' title='bbox 794 3143 819 3195; x_wconf 84' lang='lat' dir='ltr'><em>R</em></span> <span class='ocrx_word' id='word_1_211' title='bbox 871 3159 964 3195; x_wconf 83' lang='lat' dir='ltr'>semen</span> <span class='ocrx_word' id='word_1_212' title='bbox 984 3143 1062 3194; x_wconf 78' lang='lat' dir='ltr'><em>P&#39;I&#39;E</em></span> <span class='ocrx_word' id='word_1_213' title='bbox 1088 3159 1165 3196; x_wconf 69' lang='lat' dir='ltr'>sessa</span> <span class='ocrx_word' id='word_1_214' title='bbox 1189 3143 1214 3194; x_wconf 68' lang='grc' dir='ltr'>κ’</span> 
     </span>
     <span class='ocr_line' id='line_1_27' title="bbox 65 3227 1210 3283; baseline 0 -1"><span class='ocrx_word' id='word_1_215' title='bbox 65 3229 158 3283; x_wconf 83' lang='lat' dir='ltr'>sedem</span> <span class='ocrx_word' id='word_1_216' title='bbox 178 3229 204 3282; x_wconf 82' lang='lat' dir='ltr'><em>R</em></span> <span class='ocrx_word' id='word_1_217' title='bbox 256 3228 320 3282; x_wconf 74' lang='lat' dir='ltr'>sede</span> <span class='ocrx_word' id='word_1_218' title='bbox 339 3230 365 3282; x_wconf 86' lang='lat' dir='ltr'><em>R</em></span> <span class='ocrx_word' id='word_1_219' title='bbox 389 3229 477 3282; x_wconf 70' lang='lat' dir='ltr'>*edes</span> <span class='ocrx_word' id='word_1_220' title='bbox 501 3229 670 3282; x_wconf 85' lang='lat' dir='ltr'>Vthrouum</span> <span class='ocrx_word' id='word_1_221' title='bbox 690 3229 740 3281; x_wconf 81' lang='lat' dir='ltr'>PT</span> <span class='ocrx_word' id='word_1_222' title='bbox 740 3230 769 3282; x_wconf 82' lang='grc' dir='ltr'><em>Ε</em></span> <span class='ocrx_word' id='word_1_223' title='bbox 819 3232 836 3282; x_wconf 87' lang='grc'><strong>5</strong></span> <span class='ocrx_word' id='word_1_224' title='bbox 855 3229 878 3282; x_wconf 88' lang='lat' dir='ltr'>si</span> <span class='ocrx_word' id='word_1_225' title='bbox 896 3227 1148 3283; x_wconf 86' lang='lat' dir='ltr'>iustificationes-</span> <span class='ocrx_word' id='word_1_226' title='bbox 1162 3246 1210 3282; x_wconf 89' lang='lat' dir='ltr'>on-</span> 
     </span>
     <span class='ocr_line' id='line_1_28' title="bbox 65 3314 1215 3384; baseline -0.002 -14"><span class='ocrx_word' id='word_1_227' title='bbox 65 3316 213 3370; x_wconf 79' lang='lat' dir='ltr'>stodiarint</span> <span class='ocrx_word' id='word_1_228' title='bbox 240 3333 289 3368; x_wconf 86' lang='lat' dir='ltr'>om.</span> <span class='ocrx_word' id='word_1_229' title='bbox 318 3317 342 3368; x_wconf 80' lang='lat' dir='ltr'>ii</span> <span class='ocrx_word' id='word_1_230' title='bbox 395 3314 604 3370; x_wconf 84' lang='lat' dir='ltr'>iustificationes</span> <span class='ocrx_word' id='word_1_231' title='bbox 639 3316 701 3369; x_wconf 85' lang='lat' dir='ltr'>VPb</span> <span class='ocrx_word' id='word_1_232' title='bbox 727 3316 849 3370; x_wconf 82' lang='lat' dir='ltr'>instit-ias</span> <span class='ocrx_word' id='word_1_233' title='bbox 877 3317 915 3369; x_wconf 83' lang='lat' dir='ltr'>Te</span> <span class='ocrx_word' id='word_1_234' title='bbox 967 3320 984 3369; x_wconf 82' lang='grc'>9</span> <span class='ocrx_word' id='word_1_235' title='bbox 1009 3316 1165 3384; x_wconf 76' lang='lat' dir='ltr'>dispergam</span> <span class='ocrx_word' id='word_1_236' title='bbox 1191 3316 1215 3368; x_wconf 90' lang='lat' dir='ltr'><em>V</em></span> 
     </span>
     <span class='ocr_line' id='line_1_29' title="bbox 66 3403 1211 3472; baseline 0 -16"><span class='ocrx_word' id='word_1_237' title='bbox 66 3404 224 3472; x_wconf 76' lang='lat' dir='ltr'>dispergam</span> <span class='ocrx_word' id='word_1_238' title='bbox 242 3403 320 3456; x_wconf 82' lang='lat' dir='ltr'>RPT</span> <span class='ocrx_word' id='word_1_239' title='bbox 374 3405 403 3456; x_wconf 92' lang='lat' dir='ltr'>ll</span> <span class='ocrx_word' id='word_1_240' title='bbox 429 3404 502 3455; x_wconf 74' lang='lat' dir='ltr'>mei*</span> <span class='ocrx_word' id='word_1_241' title='bbox 528 3403 638 3456; x_wconf 86' lang='lat' dir='ltr'>Gmeis</span> <span class='ocrx_word' id='word_1_242' title='bbox 656 3421 727 3472; x_wconf 80' lang='lat' dir='ltr'>supr.</span> <span class='ocrx_word' id='word_1_243' title='bbox 755 3421 804 3456; x_wconf 86' lang='lat' dir='ltr'>scr.</span> <span class='ocrx_word' id='word_1_244' title='bbox 824 3404 850 3456; x_wconf 87' lang='lat' dir='ltr'><em>P</em></span> <span class='ocrx_word' id='word_1_245' title='bbox 902 3405 934 3456; x_wconf 75' lang='lat'>12</span> <span class='ocrx_word' id='word_1_246' title='bbox 955 3403 1041 3457; x_wconf 79' lang='lat' dir='ltr'>inrita</span> <span class='ocrx_word' id='word_1_247' title='bbox 1061 3403 1211 3456; x_wconf 82' lang='lat' dir='ltr'>GVirrita</span> 
     </span>
     <span class='ocr_line' id='line_1_30' title="bbox 66 3489 1212 3558; baseline -0.001 -14"><span class='ocrx_word' id='word_1_248' title='bbox 66 3491 142 3544; x_wconf 71' lang='lat' dir='ltr'>m</span> <span class='ocrx_word' id='word_1_249' title='bbox 195 3490 227 3545; x_wconf 87' lang='grc'>13</span> <span class='ocrx_word' id='word_1_250' title='bbox 245 3490 337 3544; x_wconf 63' lang='lat' dir='ltr'>*sedis</span> <span class='ocrx_word' id='word_1_251' title='bbox 363 3490 388 3542; x_wconf 87' lang='lat' dir='ltr'><em>G</em></span> <span class='ocrx_word' id='word_1_252' title='bbox 413 3489 490 3544; x_wconf 84' lang='lat' dir='ltr'>sedes</span> <span class='ocrx_word' id='word_1_253' title='bbox 515 3489 642 3543; x_wconf 82' lang='lat' dir='ltr'><em>VRPTE</em></span> <span class='ocrx_word' id='word_1_254' title='bbox 712 3492 745 3544; x_wconf 85' lang='grc'>14</span> <span class='ocrx_word' id='word_1_255' title='bbox 770 3490 894 3558; x_wconf 82' lang='lat' dir='ltr'>perfecte</span> <span class='ocrx_word' id='word_1_256' title='bbox 921 3490 950 3543; x_wconf 91' lang='lat' dir='ltr'>in</span> <span class='ocrx_word' id='word_1_257' title='bbox 978 3494 1121 3544; x_wconf 85' lang='lat' dir='ltr'>aeternum</span> <span class='ocrx_word' id='word_1_258' title='bbox 1148 3489 1212 3543; x_wconf 82' lang='lat' dir='ltr'>GPe</span> 
     </span>
     <span class='ocr_line' id='line_1_31' title="bbox 64 3567 1212 3646; baseline -0.002 -15"><span class='ocrx_word' id='word_1_259' title='bbox 64 3577 190 3646; x_wconf 78' lang='lat' dir='ltr'>perfecte</span> <span class='ocrx_word' id='word_1_260' title='bbox 212 3581 308 3631; x_wconf 80' lang='lat' dir='ltr'>manet</span> <span class='ocrx_word' id='word_1_261' title='bbox 331 3577 360 3630; x_wconf 91' lang='lat' dir='ltr'>in</span> <span class='ocrx_word' id='word_1_262' title='bbox 385 3581 529 3630; x_wconf 78' lang='lat' dir='ltr'>aeternum</span> <span class='ocrx_word' id='word_1_263' title='bbox 552 3576 642 3630; x_wconf 73' lang='lat' dir='ltr'>Varo</span> <span class='ocrx_word' id='word_1_264' title='bbox 660 3577 694 3646; x_wconf 86' lang='lat' dir='ltr'>cs.</span> <span class='ocrx_word' id='word_1_265' title='bbox 715 3579 835 3631; x_wconf 73' lang='lat' dir='ltr'>Sabaria</span> <span class='ocrx_word' id='word_1_266' title='bbox 853 3578 891 3643; x_wconf 87' lang='grc' dir='ltr'>ΙΙ,</span> <span class='ocrx_word' id='word_1_267' title='bbox 917 3574 970 3629; x_wconf 77' lang='grc'>179</span> <span class='ocrx_word' id='word_1_268' title='bbox 1024 3577 1056 3630; x_wconf 83' lang='lat' dir='ltr'>lo</span> <span class='ocrx_word' id='word_1_269' title='bbox 1080 3567 1159 3630; x_wconf 79' lang='lat' dir='ltr'>uerbo</span> <span class='ocrx_word' id='word_1_270' title='bbox 1183 3581 1212 3629; x_wconf 86' lang='lat' dir='ltr'>et</span> 
     </span>
     <span class='ocr_line' id='line_1_32' title="bbox 64 3661 1213 3733; baseline 0 -16"><span class='ocrx_word' id='word_1_271' title='bbox 64 3665 144 3718; x_wconf 78' lang='lat' dir='ltr'>testis</span> <span class='ocrx_word' id='word_1_272' title='bbox 161 3665 190 3717; x_wconf 90' lang='lat' dir='ltr'>in</span> <span class='ocrx_word' id='word_1_273' title='bbox 216 3664 293 3717; x_wconf 71' lang='lat' dir='ltr'>caelo</span> <span class='ocrx_word' id='word_1_274' title='bbox 316 3662 415 3731; x_wconf 85' lang='lat' dir='ltr'>fidelis,</span> <span class='ocrx_word' id='word_1_275' title='bbox 444 3682 508 3733; x_wconf 72' lang='lat' dir='ltr'>prae</span> <span class='ocrx_word' id='word_1_276' title='bbox 532 3674 619 3727; x_wconf 78' lang='lat' dir='ltr'>postea</span> <span class='ocrx_word' id='word_1_277' title='bbox 647 3665 766 3732; x_wconf 75' lang='lat' dir='ltr'>quuatur</span> <span class='ocrx_word' id='word_1_278' title='bbox 792 3665 819 3716; x_wconf 82' lang='lat' dir='ltr'>ia</span> <span class='ocrx_word' id='word_1_279' title='bbox 847 3664 880 3727; x_wconf 87' lang='grc' dir='ltr'>Ε,</span> <span class='ocrx_word' id='word_1_280' title='bbox 908 3666 997 3716; x_wconf 77' lang='lat' dir='ltr'>deerrat</span> <span class='ocrx_word' id='word_1_281' title='bbox 1024 3666 1050 3715; x_wconf 80' lang='lat' dir='ltr'>in</span> <span class='ocrx_word' id='word_1_282' title='bbox 1081 3661 1213 3717; x_wconf 81' lang='lat' dir='ltr'><em>GVRPT</em></span> 
     </span>
     <span class='ocr_line' id='line_1_33' title="bbox 64 3749 1212 3820; baseline -0.005 -15"><span class='ocrx_word' id='word_1_283' title='bbox 64 3750 260 3820; x_wconf 79' lang='lat' dir='ltr'>promissiones</span> <span class='ocrx_word' id='word_1_284' title='bbox 281 3750 358 3803; x_wconf 82' lang='lat' dir='ltr'>GPT</span> <span class='ocrx_word' id='word_1_285' title='bbox 374 3751 564 3819; x_wconf 85' lang='lat' dir='ltr'>promissionis</span> <span class='ocrx_word' id='word_1_286' title='bbox 589 3751 636 3803; x_wconf 85' lang='lat' dir='ltr'>VR</span> <span class='ocrx_word' id='word_1_287' title='bbox 689 3750 747 3805; x_wconf 88' lang='lat' dir='ltr'>eius</span> <span class='ocrx_word' id='word_1_288' title='bbox 766 3769 814 3804; x_wconf 91' lang='lat' dir='ltr'>om.</span> <span class='ocrx_word' id='word_1_289' title='bbox 835 3751 861 3803; x_wconf 84' lang='lat' dir='ltr'><em>G</em></span> <span class='ocrx_word' id='word_1_290' title='bbox 927 3753 958 3804; x_wconf 81' lang='lat'>17</span> <span class='ocrx_word' id='word_1_291' title='bbox 987 3755 1094 3818; x_wconf 87' lang='lat' dir='ltr'>patrem</span> <span class='ocrx_word' id='word_1_292' title='bbox 1119 3749 1167 3804; x_wconf 79' lang='lat' dir='ltr'>dm</span> <span class='ocrx_word' id='word_1_293' title='bbox 1187 3750 1212 3799; x_wconf 72' lang='lat'>(7</span> 
     </span>
     <span class='ocr_line' id='line_1_34' title="bbox 61 3836 1211 3906; baseline -0.001 -15"><span class='ocrx_word' id='word_1_294' title='bbox 61 3838 147 3892; x_wconf 85' lang='lat' dir='ltr'>deum</span> <span class='ocrx_word' id='word_1_295' title='bbox 176 3842 286 3906; x_wconf 84' lang='lat' dir='ltr'>patrem</span> <span class='ocrx_word' id='word_1_296' title='bbox 320 3836 419 3891; x_wconf 72' lang='lat' dir='ltr'>Vm</span> <span class='ocrx_word' id='word_1_297' title='bbox 502 3840 533 3892; x_wconf 84' lang='lat'>19</span> <span class='ocrx_word' id='word_1_298' title='bbox 560 3845 652 3891; x_wconf 80' lang='lat' dir='ltr'>terrae</span> <span class='ocrx_word' id='word_1_299' title='bbox 680 3840 695 3891; x_wconf 74' lang='grc' dir='ltr'><strong>ὃ</strong></span> <span class='ocrx_word' id='word_1_300' title='bbox 723 3839 749 3890; x_wconf 81' lang='grc' dir='ltr'><em>Τ</em></span> <span class='ocrx_word' id='word_1_301' title='bbox 816 3840 851 3892; x_wconf 73' lang='lat'>20</span> <span class='ocrx_word' id='word_1_302' title='bbox 881 3837 956 3891; x_wconf 86' lang='lat' dir='ltr'>diota</span> <span class='ocrx_word' id='word_1_303' title='bbox 984 3843 1047 3890; x_wconf 87' lang='lat' dir='ltr'>sunt</span> <span class='ocrx_word' id='word_1_304' title='bbox 1077 3838 1102 3886; x_wconf 75' lang='grc' dir='ltr'>(ι’</span> <span class='ocrx_word' id='word_1_305' title='bbox 1129 3842 1211 3890; x_wconf 84' lang='lat' dir='ltr'>erunt</span> 
     </span>
     <span class='ocr_line' id='line_1_35' title="bbox 61 3923 1210 3992; baseline -0.003 -12"><span class='ocrx_word' id='word_1_306' title='bbox 61 3925 139 3980; x_wconf 71' lang='lat' dir='ltr'>dieta</span> <span class='ocrx_word' id='word_1_307' title='bbox 158 3925 184 3978; x_wconf 92' lang='lat' dir='ltr'><em>T</em></span> <span class='ocrx_word' id='word_1_308' title='bbox 200 3930 265 3978; x_wconf 87' lang='lat' dir='ltr'>sunt</span> <span class='ocrx_word' id='word_1_309' title='bbox 284 3924 360 3978; x_wconf 84' lang='lat' dir='ltr'>diets</span> <span class='ocrx_word' id='word_1_310' title='bbox 377 3925 441 3980; x_wconf 84' lang='lat' dir='ltr'>RP:</span> <span class='ocrx_word' id='word_1_311' title='bbox 473 3925 498 3977; x_wconf 91' lang='lat' dir='ltr'><em>V</em></span> <span class='ocrx_word' id='word_1_312' title='bbox 520 3927 582 3979; x_wconf 81' lang='lat' dir='ltr'>iaec</span> <span class='ocrx_word' id='word_1_313' title='bbox 605 3926 642 3978; x_wconf 79' lang='lat' dir='ltr'>ita</span> <span class='ocrx_word' id='word_1_314' title='bbox 660 3926 778 3992; x_wconf 79' lang='lat' dir='ltr'>praebet:</span> <span class='ocrx_word' id='word_1_315' title='bbox 805 3924 834 3977; x_wconf 91' lang='lat' dir='ltr'>in</span> <span class='ocrx_word' id='word_1_316' title='bbox 862 3924 1003 3977; x_wconf 79' lang='lat' dir='ltr'>saeculum</span> <span class='ocrx_word' id='word_1_317' title='bbox 1031 3923 1133 3977; x_wconf 85' lang='lat' dir='ltr'>saeculi</span> <span class='ocrx_word' id='word_1_318' title='bbox 1161 3928 1210 3991; x_wconf 85' lang='lat' dir='ltr'>est,</span> 
     </span>
     <span class='ocr_line' id='line_1_36' title="bbox 59 4010 1210 4079; baseline -0.003 -12"><span class='ocrx_word' id='word_1_319' title='bbox 59 4013 143 4068; x_wconf 82' lang='lat' dir='ltr'>euius</span> <span class='ocrx_word' id='word_1_320' title='bbox 171 4013 251 4066; x_wconf 82' lang='lat' dir='ltr'>sedas</span> <span class='ocrx_word' id='word_1_321' title='bbox 278 4012 351 4065; x_wconf 88' lang='lat' dir='ltr'>siout</span> <span class='ocrx_word' id='word_1_322' title='bbox 380 4011 438 4066; x_wconf 86' lang='lat' dir='ltr'>dies</span> <span class='ocrx_word' id='word_1_323' title='bbox 463 4012 533 4067; x_wconf 73' lang='lat' dir='ltr'>caeli</span> <span class='ocrx_word' id='word_1_324' title='bbox 558 4016 607 4079; x_wconf 83' lang='lat' dir='ltr'>est,</span> <span class='ocrx_word' id='word_1_325' title='bbox 627 4012 671 4066; x_wconf 89' lang='lat' dir='ltr'>oui</span> <span class='ocrx_word' id='word_1_326' title='bbox 691 4029 762 4079; x_wconf 81' lang='lat' dir='ltr'>quse</span> <span class='ocrx_word' id='word_1_327' title='bbox 781 4016 845 4065; x_wconf 85' lang='lat' dir='ltr'>sunt</span> <span class='ocrx_word' id='word_1_328' title='bbox 863 4010 946 4079; x_wconf 85' lang='lat' dir='ltr'>diota,</span> <span class='ocrx_word' id='word_1_329' title='bbox 966 4028 1021 4064; x_wconf 90' lang='lat' dir='ltr'>non</span> <span class='ocrx_word' id='word_1_330' title='bbox 1041 4011 1126 4064; x_wconf 84' lang='lat' dir='ltr'>inrita</span> <span class='ocrx_word' id='word_1_331' title='bbox 1145 4016 1210 4065; x_wconf 89' lang='lat' dir='ltr'>suut</span> 
     </span>
    </p>
   </div>
   <div class='ocr_carea' id='block_1_6' title="bbox 53 4098 1212 4339">
    <p class='ocr_par' dir='ltr' id='par_1_6' title="bbox 53 4098 1212 4339">
     <span class='ocr_line' id='line_1_37' title="bbox 58 4098 1212 4181; baseline -0.003 -27"><span class='ocrx_word' id='word_1_332' title='bbox 58 4100 107 4154; x_wconf 82' lang='lat' dir='ltr'>cui</span> <span class='ocrx_word' id='word_1_333' title='bbox 126 4100 213 4154; x_wconf 80' lang='lat' dir='ltr'>semei</span> <span class='ocrx_word' id='word_1_334' title='bbox 232 4099 292 4152; x_wconf 82' lang='lat' dir='ltr'>siue</span> <span class='ocrx_word' id='word_1_335' title='bbox 309 4100 453 4153; x_wconf 74' lang='lat' dir='ltr'>mendacio</span> <span class='ocrx_word' id='word_1_336' title='bbox 472 4100 581 4153; x_wconf 87' lang='lat' dir='ltr'>iuratur</span> <span class='ocrx_word' id='word_1_337' title='bbox 599 4100 628 4152; x_wconf 89' lang='lat' dir='ltr'>iu</span> <span class='ocrx_word' id='word_1_338' title='bbox 646 4104 750 4165; x_wconf 87' lang='lat' dir='ltr'>saneto,</span> <span class='ocrx_word' id='word_1_339' title='bbox 769 4099 846 4152; x_wconf 88' lang='lat' dir='ltr'>euius</span> <span class='ocrx_word' id='word_1_340' title='bbox 862 4098 940 4151; x_wconf 85' lang='lat' dir='ltr'>sedes</span> <span class='ocrx_word' id='word_1_341' title='bbox 959 4098 1032 4151; x_wconf 87' lang='lat' dir='ltr'>sicut</span> <span class='ocrx_word' id='word_1_342' title='bbox 1044 4098 1090 4181; x_wconf 86' lang='lat' dir='ltr'>soi</span> <span class='ocrx_word' id='word_1_343' title='bbox 1104 4098 1132 4152; x_wconf 91' lang='lat' dir='ltr'>iu</span> <span class='ocrx_word' id='word_1_344' title='bbox 1146 4115 1212 4152; x_wconf 86' lang='lat' dir='ltr'>eou-</span> 
     </span>
     <span class='ocr_line' id='line_1_38' title="bbox 55 4179 1212 4257; baseline -0.003 -15"><span class='ocrx_word' id='word_1_345' title='bbox 55 4190 160 4257; x_wconf 74' lang='lat' dir='ltr'>spectu</span> <span class='ocrx_word' id='word_1_346' title='bbox 179 4179 211 4240; x_wconf 79' lang='lat' dir='ltr'>di</span> <span class='ocrx_word' id='word_1_347' title='bbox 229 4191 272 4239; x_wconf 86' lang='lat' dir='ltr'>est</span> <span class='ocrx_word' id='word_1_348' title='bbox 289 4196 334 4239; x_wconf 78' lang='lat' dir='ltr'>cet.</span> <span class='ocrx_word' id='word_1_349' title='bbox 396 4188 428 4240; x_wconf 75' lang='lat'>21</span> <span class='ocrx_word' id='word_1_350' title='bbox 449 4186 521 4240; x_wconf 86' lang='lat' dir='ltr'>sedis</span> <span class='ocrx_word' id='word_1_351' title='bbox 542 4187 567 4236; x_wconf 78' lang='lat' dir='ltr'><em>G</em></span> <span class='ocrx_word' id='word_1_352' title='bbox 629 4189 662 4240; x_wconf 80' lang='lat'>23</span> <span class='ocrx_word' id='word_1_353' title='bbox 689 4186 782 4239; x_wconf 79' lang='lat' dir='ltr'>fructu</span> <span class='ocrx_word' id='word_1_354' title='bbox 803 4182 917 4238; x_wconf 72' lang='lat' dir='ltr'><em>GVI&#39;R&#39;</em></span> <span class='ocrx_word' id='word_1_355' title='bbox 936 4186 1042 4239; x_wconf 87' lang='lat' dir='ltr'>fruotus</span> <span class='ocrx_word' id='word_1_356' title='bbox 1067 4186 1126 4238; x_wconf 59' lang='grc' dir='ltr'>1111ι</span> <span class='ocrx_word' id='word_1_357' title='bbox 1182 4179 1212 4239; x_wconf 83' lang='lat' dir='ltr'>di</span> 
     </span>
     <span class='ocr_line' id='line_1_39' title="bbox 53 4271 939 4339; baseline -0.009 -8"><span class='ocrx_word' id='word_1_358' title='bbox 53 4275 156 4331; x_wconf 80' lang='lat' dir='ltr'>sedem</span> <span class='ocrx_word' id='word_1_359' title='bbox 178 4274 204 4325; x_wconf 82' lang='lat' dir='ltr'><em>G</em></span> <span class='ocrx_word' id='word_1_360' title='bbox 221 4273 315 4327; x_wconf 82' lang='lat' dir='ltr'>sedem</span> <span class='ocrx_word' id='word_1_361' title='bbox 335 4271 413 4338; x_wconf 83' lang='lat' dir='ltr'>(sede</span> <span class='ocrx_word' id='word_1_362' title='bbox 437 4272 472 4339; x_wconf 87' lang='lat' dir='ltr'>V)</span> <span class='ocrx_word' id='word_1_363' title='bbox 493 4273 537 4327; x_wconf 86' lang='lat' dir='ltr'>dei</span> <span class='ocrx_word' id='word_1_364' title='bbox 562 4274 667 4327; x_wconf 79' lang='lat' dir='ltr'><em>VRPT.</em></span> <span class='ocrx_word' id='word_1_365' title='bbox 936 4272 939 4277; x_wconf 75' lang='grc'><strong><em>’</em></strong></span> 
     </span>
    </p>
   </div>
   <div class='ocr_carea' id='block_1_7' title="bbox 0 0 1401 4844">
    <p class='ocr_par' dir='ltr' id='par_1_7' title="bbox 0 0 1401 4844">
     <span class='ocr_line' id='line_1_40' title="bbox 0 0 1401 4844; baseline 0 0"><span class='ocrx_word' id='word_1_366' title='bbox 0 0 1401 4844; x_wconf 95' lang='lat' dir='ltr'> </span> 
     </span>
    </p>
   </div>
  </div>
 </body>
</html>
