2790 4844
150 248 214 312 664
496 249 613 303 sancti
632 249 768 303 Hilarii
786 249 950 318 episcopi

149 437 282 504 tumultu
305 458 350 516 eo,
374 458 434 522 quo
457 458 491 503 se
514 437 690 504 dedendum
725 439 862 520 passioni
892 441 1076 519 praebuerat,
1111 461 1187 505 oum
1219 443 1297 506 idem

150 541 261 607 Petrus
284 561 375 606 seruo
391 541 559 607 sacerdotis
574 541 680 625 gladio
697 563 804 608 aurem
820 543 1012 619 abscidisset
1036 545 1095 608 ait:
1121 547 1296 611 reconde

149 645 329 731 gladium
353 657 460 711 tunm
483 648 521 711 in
545 648 680 712 theca:
715 647 894 725 calicem,
918 669 1034 732 quem
1057 649 1178 714 dedit
1203 650 1295 714 mibi

150 757 273 830 pater,
307 770 383 815 non
418 752 552 817 bibam
585 749 723 817 illum?
767 753 896 833 impium
927 759 958 817 et
990 752 1158 835 profanum
1184 756 1295 820 docens

150 874 226 931 esse,
250 856 275 918 si
299 874 360 919 non
385 855 497 932 omnia,
521 875 591 939 quae
615 877 691 940 erga
714 855 883 922 humanam
906 856 1036 922 salutem
1054 859 1136 937 patri
1152 859 1293 924 uouisset

150 957 295 1039 expleret.
342 958 480 1024 absolute
503 967 610 1025 antem
633 961 664 1025 in
687 981 723 1025 eo
747 961 882 1026 ostendit
897 962 1040 1026 deuotam
1056 962 1218 1041 passionis
1236 982 1294 1027 sna

149 1052 343 1147 religionem,
366 1084 436 1128 cum
459 1062 530 1145 'post
552 1064 628 1129 aceti
656 1064 796 1145 poculum
820 1072 902 1130 esset
932 1065 1074 1145 spiritum
1107 1065 1293 1143 traditurus;

149 1168 295 1248 perfectis
329 1169 413 1232 enim
445 1169 588 1233 omnibns
622 1169 680 1233 ait:
715 1176 1030 1234 consummatum
1067 1177 1138 1247 est
1173 1178 1215 1236 et
1247 1170 1295 1234 in·

149 1271 311 1337 clinans
342 1282 463 1353 capnt
492 1273 669 1338 tradidit
698 1274 902 1353 spiritum.
948 1283 1185 1353 percucurrerat
1215 1275 1292 1339 enim

151 1376 256 1439 omnia
278 1377 464 1441 sacramenti
488 1377 606 1441 officia:
637 1383 669 1442 et
697 1378 750 1442 nbi
780 1378 1043 1442 consummatione
1067 1377 1233 1461 gaudetur,
1255 1379 1292 1443 ibi

150 1481 181 1544 in
205 1481 336 1560 suscepti
361 1480 461 1561 operis
487 1481 678 1561 perfectione
700 1481 805 1546 laetitia
828 1487 884 1546 est
930 1501 1005 1565 ergo
1027 1482 1100 1564 quia
1124 1483 1290 1547 secundnm

151 1581 230 1649 hane
253 1590 412 1667 gestorum
436 1584 631 1651 deustionem
662 1585 705 1650 ita
734 1586 839 1650 omnia
868 1593 936 1651 acta
966 1595 1043 1656 sunt.
1075 1593 1109 1650 ut
1133 1585 1293 1650 uideantur

151 1689 288 1753 studiose
310 1709 366 1769 pro
389 1688 548 1772 religiono,
573 1708 635 1773 qua
658 1689 758 1753 iurata
780 1696 860 1766 sunt,
891 1708 960 1754 esse
983 1687 1130 1769 perfecta
1161 1708 1292 1774 sequens

150 1798 206 1867 est,
228 1798 262 1855 ut
284 1792 431 1869 uideatur,
457 1793 529 1875 qnid
553 1793 600 1869 sit
624 1795 706 1876 qnod
730 1793 829 1857 Dauid
857 1793 915 1858 iste
939 1799 970 1857 et
999 1792 1113 1856 iurauit
1144 1799 1173 1857 et
1203 1793 1291 1858 uouit.

195 1947 224 2010 5.
249 1947 287 2011 Si
323 1948 487 2013 intrabo
511 1950 548 2013 in
573 1948 882 2014 tabernaculum
914 1949 1053 2013 domus
1083 1969 1178 2014 meae
1202 1949 1288 2013 etsi

150 2051 376 2117 ascendero
399 2053 438 2116 in
462 2052 611 2118 lectum
635 2054 758 2118 strati
782 2053 914 2130 meisi
939 2053 1090 2118 dedero
1114 2072 1287 2118 somnum

150 2155 283 2221 oculis
314 2157 413 2221 meis
449 2163 487 2222 et
509 2157 722 2238 palpebris
752 2156 852 2220 meis
883 2156 1220 2222 dormitationem
1254 2165 1286 2219 et

150 2261 332 2343 requiem
357 2261 612 2342 temporibus
637 2261 745 2337 moia,
777 2262 903 2327 donec
932 2261 1141 2325 inueniam
1163 2260 1282 2326 locum

150 2364 321 2444 domino,
356 2363 665 2431 tabernaculum
705 2365 776 2431 deo
815 2364 944 2429 Iacob.
998 2364 1144 2430 humanm
1177 2373 1282 2429 natura

149 2475 222 2533 nota
246 2468 313 2534 haec
336 2490 405 2535 esse
430 2489 491 2533 non
510 2475 649 2554 possunt,
675 2477 705 2534 et
720 2470 862 2535 condicio
878 2467 1062 2534 sacramenti
1078 2468 1280 2534 infirmitatem

151 2579 280 2638 terrenae
312 2574 503 2639 necessitatis
537 2574 665 2639 excedit.
711 2574 888 2639 adeundum
919 2572 1154 2638 tabernaculum
1183 2574 1277 2637 dornns

150 2696 210 2740 non
234 2685 289 2754 est,
314 2683 409 2743 strato
433 2678 502 2744 lecti
534 2678 752 2743 abstinendum
776 2684 830 2754 est,
865 2697 992 2743 somnus
1016 2676 1112 2742 oculis
1136 2683 1167 2741 et
1187 2674 1275 2760 pcipe

88 2864 90 2867 Ι
150 2780 215 2845 bris
245 2782 419 2846 dormitatio
450 2789 480 2846 et
509 2782 632 2865 requies
663 2782 854 2862 temporibus
884 2801 946 2845 non
978 2781 1080 2845 danda
1105 2786 1160 2856 est
1192 2780 1272 2843 donec

150 2906 222 2949 cum
264 2885 439 2950 inueniatur
472 2887 596 2950 domino
631 2885 715 2950 iocus
753 2891 783 2949 et
820 2883 1052 2950 tabernaculum
1092 2887 1150 2949 dec
1187 2879 1270 2948 iacob

194 3093 285 3147 alon.
304 3094 403 3161 xvuu,
424 3097 463 3147 11.
499 3093 591 3149 eron.
611 3095 682 3160 xrx,
702 3097 742 3149 so.

195 3290 260 3341 leo
280 3303 334 3353 qno
354 3287 434 3339 RTE
458 3303 592 3355 meoque
619 3287 691 3370 Vffi'}
719 3303 751 3339 ec
778 3302 832 3353 quo
860 3284 906 3350 (cd
930 3286 957 3337 in
975 3285 1040 3345 rus.)
1061 3285 1087 3338 P
1137 3277 1263 3338 dedendum

157 3391 233 3443 VRE
249 3389 341 3442 danda
360 3391 410 3441 PT
461 3390 536 3444 uait
554 3409 602 3442 om.
623 3391 649 3441 P
697 3390 762 3445 din
781 3389 861 3443 theca
886 3389 933 3442 VT
949 3388 977 3442 in
997 3393 1060 3442 teca
1079 3389 1105 3442 R
1122 3406 1189 3457 supr.
1203 3375 1266 3436 scr-P

150 3478 179 3530 in
206 3477 316 3531 thecam
341 3478 369 3528 Ε
419 3477 527 3546 bpatri
555 3478 676 3530 uouisset
695 3477 800 3530 ntum
824 3475 882 3544 pati
910 3475 985 3540 (cdd.
1004 3494 1036 3528 m.
1055 3475 1088 3541 2)
1116 3474 1235 3529 uoluisset
1250 3459 1267 3513 V

150 3563 313 3618 bostendet
337 3564 361 3614 V
412 3564 539 3618 deuotam
563 3563 641 3616 VRE
665 3563 759 3616 dedita
777 3563 804 3615 P
819 3562 956 3616 debitat
1008 3564 1073 3617 aet
1098 3581 1169 3633 supr.
1192 3547 1267 3612 scr-P

150 3670 198 3703 om.
218 3652 242 3702 'I'
294 3651 417 3718 9capnd
438 3651 463 3703 R
518 3652 549 3704 13
568 3666 622 3718 qna
648 3650 739 3703 iurata
757 3655 822 3702 aunt
839 3665 897 3702 esse
921 3648 1020 3702 Vsum
1037 3649 1103 3716 qnia
1120 3649 1206 3702 iurat·
1220 3640 1267 3694 ,unt

149 3737 218 3791 haec
235 3755 294 3791 esse
312 3738 341 3788 E
392 3754 489 3805 seques
508 3738 590 3790 estl'
642 3739 674 3789 14
693 3740 723 3789 nt
741 3734 918 3789 cdd.m.?V
969 3736 1002 3788 15
1020 3741 1048 3789 et
1066 3735 1090 3788 si
1108 3721 1270 3789 ascenderoiv

149 3823 174 3876 si
191 3824 340 3877 ascendero
351 3824 456 3877 RPTE
507 3826 540 3878 18
557 3823 644 3876 donec
658 3823 797 3875 inueniam
812 3822 925 3876 VRPTe
937 3822 1025 3875 donec
1043 3838 1107 3875 curn
1125 3811 1272 3875 inueniant

149 3911 184 3962 20
201 3909 270 3963 haec
289 3926 349 3963 esse
369 3911 407 3963 Re
425 3911 478 3964 ista
498 3910 571 3974 (cdd.
590 3929 622 3961 m.
641 3908 673 3974 2)
694 3925 752 3962 esse
770 3909 794 3961 V
810 3926 867 3962 esse
887 3909 941 3962 ista
959 3909 1010 3961 PT
1010 3910 1025 3961 b
1078 3911 1109 3962 21
1129 3899 1274 4029 excuedigss

149 4049 184 4100 29
202 4052 289 4101 strato
308 4049 374 4102 lecti
393 4049 586 4103 abstinendum
604 4055 647 4103 est
665 4067 714 4100 orn.
734 4049 759 4101 R
811 4050 846 4102 23
864 4048 951 4102 donec
979 4063 1043 4100 cnm
1062 4047 1128 4100 nPt
1154 4047 1238 4100 donec
1261 4040 1280 4094 T

149 4132 237 4186 donec
255 4152 269 4187 e
286 4136 321 4204 cs.
346 4137 422 4188 Aret.
451 4137 488 4198 ΙΙ,
513 4136 570 4188 cut
641 4138 675 4188 ut
700 4135 811 4187 domino
839 4134 915 4187 locus
935 4134 987 4185 nt·
1003 4130 1058 4187 do'ri
1086 4133 1163 4187 locus
1187 4131 1285 4185 Vdrtto

150 4219 259 4273 locutus
280 4222 309 4273 P.
