2790 4844
224 229 286 292 770
566 227 684 280 sancti
702 226 840 279 Hilarii
858 225 1020 295 episcopi

224 418 456 502 quoniame
487 425 523 482 te
553 417 700 498 prodii.
733 423 771 482 et
805 416 1088 494 crediderunt,
1114 418 1214 500 quia
1247 426 1283 481 tu
1311 438 1349 480 ne

224 522 387 587 misisti.
433 541 505 606 ego
528 542 598 602 pro
622 520 686 585 his
718 540 832 605 rogo;
865 540 942 585 non
976 541 1047 601 pro
1083 520 1238 586 saeculo
1268 542 1349 605 roga

225 628 294 692 sed
316 646 386 706 pro
410 625 482 702 his,
513 645 612 710 quos
643 625 800 690 dedisti
833 624 938 688 mihi.
984 644 1039 705 pro
1063 623 1115 690 his
1142 645 1220 708 ergo
1243 635 1350 700 oratu

225 730 255 794 in
280 730 357 794 libro
381 731 431 795 dei
454 729 637 795 scribantur.
683 729 763 795 etsi
793 729 844 812 qui
876 729 956 794 sorte
979 729 1155 813 ambigmt,
1181 749 1237 795 eur
1258 750 1312 794 nou
1329 728 1348 791 iu

185 860 198 896 s
226 833 303 899 libro
338 835 509 899 uiuentium
543 834 647 914 scripti
682 833 753 911 sint
788 832 864 896 mihi
898 832 1022 897 maioris
1057 833 1225 918 dignitatis
1254 835 1349 898 uidetur

224 958 293 1003 esse
317 939 347 1001 in
371 937 449 1003 libro
473 938 522 1003 dei
554 937 663 1015 scribi;
698 938 771 1021 quia
804 946 983 1017 peccatores
1013 939 1053 1002 de
1085 936 1167 1002 libro
1201 938 1348 1003 uiuentium

225 1041 374 1113 delentur,
409 1042 479 1106 iusti
515 1049 616 1107 autem
650 1041 682 1105 in
716 1040 795 1106 libro
827 1041 876 1105 dei
906 1041 1091 1106 scribuntur.
1138 1044 1225 1126 quod
1255 1049 1347 1106 utrum·

226 1165 286 1228 que
331 1145 388 1209 sub
427 1144 477 1209 his
523 1145 613 1210 dietis
660 1143 866 1228 significatur:
912 1144 1131 1210 deleantur
1177 1148 1223 1212 (lc
1266 1145 1347 1210 libro

225 1249 453 1314 uiuentium
506 1255 544 1313 et
588 1268 672 1313 eum
717 1248 840 1313 iustis
887 1269 962 1314 non
1010 1249 1260 1314 scribantur.
1308 1268 1347 1330 pra

174 1378 198 1414 ιο
225 1353 461 1418 resurrectionis
492 1353 575 1417 enim
607 1353 794 1432 diuersitate,
824 1372 887 1436 qua
916 1352 1005 1418 stella
1027 1353 1066 1417 ab
1090 1351 1185 1419 stella
1214 1352 1310 1419 differt
1327 1353 1347 1415 iu

225 1455 331 1541 gloria
366 1455 470 1537 plures
503 1456 535 1521 in
566 1456 645 1522 libro
676 1457 848 1522 uiuentium
872 1462 969 1522 erunt
1015 1456 1087 1521 iusti
1110 1465 1215 1523 autem
1237 1458 1268 1522 iu
1289 1456 1348 1521 libra

226 1561 278 1626 dei
311 1562 494 1638 scribentur,
529 1561 601 1644 quia
633 1571 809 1642 peccatores
844 1579 907 1625 non
945 1562 1035 1625 modo
1073 1581 1145 1626 curn
1184 1562 1270 1627 iustis
1303 1578 1346 1624 mn

226 1665 408 1744 scribentur,
439 1667 494 1731 sed
525 1686 564 1730 ne
587 1666 618 1729 in
643 1665 720 1730 libro
743 1665 869 1749 quidem
903 1664 1073 1730 uiuentium
1107 1665 1347 1750 derelinquentur.

271 1770 321 1834 37.
345 1769 406 1834 Sed
441 1772 649 1835 contuendum
684 1776 739 1846 est,
772 1770 827 1853 qui
848 1769 1004 1850 profectus
1038 1789 1147 1835 eorum
1182 1770 1229 1847 sit
1263 1768 1345 1853 quiin

70 1871 73 1876 '
177 1897 202 1932 ι9
230 1872 308 1937 libro
343 1874 392 1937 dei
433 1874 614 1939 scribentur.
666 1893 777 1955 nempe
815 1873 888 1938 iste:
928 1873 991 1938 die
1025 1872 1295 1955 replebuntur
1320 1880 1345 1934 et

227 1997 339 2042 nemo
373 1977 411 2042 in
446 1977 519 2043 his.
563 1978 595 2042 in
631 1977 818 2061 quibusdam
851 1977 1009 2042 codicibus
1042 1977 1088 2042 ita
1121 1977 1269 2063 legimus:
1299 1975 1345 2040 dia

228 2082 522 2148 formabuntur.
568 2101 625 2147 nec
659 2081 792 2146 multum
815 2079 918 2146 differt
939 2080 1052 2164 repleri
1075 2087 1107 2147 et
1129 2081 1262 2146 formari
1302 2079 1344 2143 lor·

228 2206 351 2262 mamur
384 2187 477 2262 enim
511 2194 546 2252 ut
579 2186 755 2251 conformes
789 2186 888 2250 simus
921 2184 1030 2270 glorias
1063 2186 1202 2267 corporis
1235 2185 1289 2251 dei.
1325 2190 1345 2246 et

228 2290 357 2370 apostoli
382 2291 584 2356 dictumest:
609 2289 738 2355 filioli
773 2289 858 2365 mei,
882 2309 981 2373 quos
1003 2289 1152 2356 iterum
1177 2287 1344 2373 parturio.

177 2422 202 2459 20
229 2394 356 2460 donec
391 2395 589 2460 formetur
622 2392 813 2459 Christus
846 2394 886 2458 in
915 2392 1040 2460 uobis.
1087 2393 1244 2475 replemur
1264 2398 1343 2456 auten

227 2499 395 2564 secundum
431 2499 549 2564 dictum
586 2497 761 2581 prophete:
800 2496 1055 2578 replebimur
1093 2499 1139 2563 ab
1179 2499 1343 2563 ubertate

227 2605 365 2667 domus
389 2609 473 2667 tuae.
520 2603 585 2667 die
607 2603 711 2685 itaque
733 2601 1014 2683 replebuntur,
1037 2601 1069 2666 id
1094 2608 1141 2667 est
1163 2621 1236 2667 uero
1253 2599 1342 2664 lumine

226 2744 269 2752 -
304 2707 353 2771 lux
392 2707 472 2771 enim
513 2704 655 2771 Christus
695 2712 757 2770 est:
796 2711 884 2770 erat
920 2705 1004 2771 enim
1042 2704 1108 2769 lux
1144 2726 1246 2782 uera
1279 2720 1342 2786 qur

227 2810 419 2875 lucificat
457 2829 612 2874 omnem
656 2809 858 2875 hominem
901 2810 1138 2875 uenientem
1182 2810 1220 2874 in
1260 2807 1341 2871 hun

228 2916 412 2979 mundum
452 2950 492 2959 —
531 2933 590 2978 non
636 2914 698 2978 iam
743 2913 925 2998 ignorantia
969 2919 1060 2978 nocte
1105 2914 1220 2980 detenti
1265 2925 1339 2990 nequ?

227 3019 362 3084 tenebris
396 3018 488 3084 huius
522 3018 626 3083 saeculi
660 3018 742 3093 oaeoi,
775 3020 831 3083 sed
865 3017 1005 3083 ueritatis
1038 3016 1108 3082 luce
1141 3013 1299 3082 inluminati
1319 3019 1337 3072 et

227 3123 277 3187 die
311 3122 429 3204 repleti.
475 3125 559 3206 quod
593 3129 694 3187 autem
725 3122 877 3202 repletum
911 3130 966 3197 est,
999 3121 1077 3186 nihil
1111 3133 1222 3202 praeter
1251 3121 1284 3185 il.
1312 3130 1337 3177 01

228 3247 288 3311 quo
320 3227 442 3308 plenum
478 3235 533 3303 est,
568 3225 686 3306 recipit.
731 3246 791 3290 nox
821 3225 959 3291 enimin
983 3245 1062 3302 eum,
1086 3220 1337 3310 quidierepletas

227 3338 283 3410 est,
327 3351 389 3396 nou
434 3339 574 3412 penetrat
618 3333 786 3395 secundum
830 3329 906 3395 illud
944 3329 1090 3410 apostoli:
1137 3351 1220 3415 quae
1260 3323 1335 3391 enim

270 3457 287 3508 a
305 3454 346 3507 99.
365 3453 489 3519 axum,
507 3456 549 3506 99.
588 3455 619 3505 m
636 3452 723 3505 icor.
740 3452 779 3519 15,
791 3455 834 3506 41.
872 3454 904 3505 99
922 3451 981 3506 uu.
993 3451 1039 3518 m,
1054 3454 1094 3505 m.
1131 3453 1163 3506 21
1183 3441 1336 3508 anania-

227 3542 262 3595 99
280 3540 336 3594 roa.
356 3540 376 3608 1,
394 3544 419 3593 9.
454 3542 489 3594 99
508 3539 534 3593 11
554 3539 615 3592 sor.
634 3541 658 3604 9,
680 3541 718 3592 14.

272 3644 470 3713 lprodierunt
488 3645 532 3696 ltu
585 3643 764 3711 tambigent
783 3642 835 3696 GR
852 3639 996 3711 ambigunt
1010 3642 1037 3694 E
1087 3658 1142 3709 qur
1160 3643 1186 3696 R
1237 3628 1340 3695 essnbti

227 3731 284 3784 sint
304 3732 328 3784 G
347 3731 444 3799 scripti
472 3736 538 3783 sunt
556 3732 581 3783 R
609 3730 649 3793 (in
668 3730 694 3783 R
711 3748 744 3782 m.
763 3728 839 3782 3199
865 3729 950 3782 uerbis
968 3731 995 3781 in
1013 3746 1096 3798 mory.
1124 3731 1186 3782 haec
1204 3727 1305 3781 audium
1319 3717 1341 3771 lt

229 3818 306 3871 libris
334 3818 459 3871 uiuentib
487 3817 510 3869 ἀ
537 3814 655 3883 iustoril)
710 3820 744 3871 10
770 3832 825 3884 qus
853 3816 906 3869 GR
932 3815 997 3883 quia
1024 3815 1053 3867 E
1104 3815 1140 3869 ab
1170 3819 1196 3869 G
1223 3832 1240 3869 s
1264 3814 1286 3869 R
1323 3806 1345 3859 ll

227 3896 345 3971 gloriam
367 3907 391 3956 G
446 3907 478 3957 13
497 3904 544 3956 sed
563 3921 597 3957 ns
610 3904 664 3956 GE
679 3904 727 3956 sed
745 3920 795 3957 nec
815 3904 840 3955 R
894 3902 1162 3969 derelinquenturG
1179 3902 1349 3970 relinquentur
1383 3960 1385 3965 Ι

227 3991 282 4043 RE
337 3993 366 4044 15
384 3992 436 4044 iste
457 3992 495 4044 Ge
513 3990 561 4044 isti
580 4009 610 4044 ex
627 4008 693 4043 corr.
706 3988 775 4055 Ro)
830 3992 863 4043 19
876 3988 955 4042 filioli
966 3988 1021 4041 mei
1033 3989 1086 4042 GR
1094 3987 1218 4043 filioliE
1266 3990 1297 4042 ab
1311 3985 1352 4038 lor

227 4083 319 4130 metur
335 4074 386 4144 fps
399 4078 424 4130 G
434 4077 559 4130 Christus
576 4077 746 4131 formeturR
797 4079 829 4130 21
842 4075 949 4145 profete
961 4075 986 4127 G
1038 4076 1074 4129 24
1083 4092 1196 4130 omnem
1208 4077 1242 4143 G,
1253 4079 1280 4129 in
1292 4090 1357 4141 muru-

228 4181 409 4234 add.m.1R
461 4183 495 4234 25
514 4187 595 4235 nocte
614 4181 720 4234 detenti
739 4182 794 4234 RE
809 4162 921 4261 noctem
942 4179 967 4232 G
1019 4179 1054 4233 28
1072 4179 1102 4232 in
1121 4197 1187 4234 eum
1207 4200 1256 4236 om.
1277 4183 1307 4237 G.
