2790 4844
151 258 214 322 830
496 257 612 310 sancti
631 257 767 310 Hilarii
786 258 946 326 episcopi

153 448 330 513 enimcum
355 446 498 516 maniano,
529 462 678 530 quantum
703 448 733 511 in
758 448 847 512 nobis
878 455 932 521 est,
957 448 1123 512 admirari:
1154 449 1280 532 cognosci

153 560 257 617 autem
281 571 299 614 a
322 550 419 628 nobis,
444 557 579 633 quantus
602 550 668 631 ipse
692 558 748 630 eat,
772 571 833 616 non
857 560 964 632 potest.

196 691 226 759 3.
247 689 363 755 Verum
398 710 467 754 cnm
502 690 533 753 in
567 690 651 753 omni
685 690 806 772 psalmo
844 690 974 771 simplex
1006 691 1058 755 dei
1096 698 1128 755 θῖ
1161 691 1281 755 absoluta

153 792 286 858 laudatio
311 801 366 869 est,
392 794 569 859 meminisse
600 794 749 860 debemus
780 805 899 876 patrem
929 796 959 859 in
990 795 1055 859 filio
1087 805 1120 860 et
1147 795 1236 859 filium
1258 795 1281 857 in

112 925 124 961 s
154 910 240 979 patre
263 898 382 963 laudari
405 905 442 975 et,
476 919 547 963 cum
571 920 608 963 ex
631 900 810 964 substantie
827 899 1028 965 similitudine
1052 919 1089 964 ac
1114 900 1281 980 proprietate

153 1017 268 1067 naturae
304 1002 380 1067 alter
413 1002 445 1066 in
479 1002 573 1067 altero
605 1004 644 1068 sit
673 1012 704 1068 et
735 1004 825 1068 ambo
855 1024 950 1068 unum
973 1007 1037 1068 sint
1066 1012 1106 1080 et,
1139 1004 1190 1087 qni
1214 1003 1281 1066 nidel

155 1113 281 1187 patrem,
313 1107 416 1171 uideat
446 1113 477 1171 at
505 1107 611 1182 lilium,
642 1128 701 1172 non
727 1106 859 1185 differre,
884 1108 952 1192 quis
975 1129 1012 1172 ex
1037 1109 1159 1173 duobos
1182 1108 1280 1171 landari

153 1211 351 1287 existimetur,
375 1231 444 1275 cnm
468 1218 633 1294 utrumque
649 1212 708 1276 sibi
724 1212 858 1277 inuicem
873 1225 903 1276 et
917 1212 1040 1277 uirtutis
1056 1218 1153 1294 atque
1168 1232 1279 1292 opernm

152 1314 320 1379 similitudo
351 1322 381 1380 et
409 1315 613 1380 indifferentis
643 1323 761 1380 naturae
792 1337 830 1380 ex
859 1324 947 1395 patre
970 1317 1028 1380 deo
1052 1317 1160 1399 genita
1181 1315 1280 1379 attilio

100 1441 125 1476 10
153 1418 210 1482 deo
233 1426 306 1483 nata
329 1419 475 1484 diuinitas
497 1440 590 1483 unum
613 1440 667 1485 eos
689 1440 758 1485 esse
782 1427 919 1485 testetur.

195 1558 224 1620 4.
249 1556 375 1638 Ooeptns
391 1577 466 1641 ergo
483 1558 524 1621 ita
540 1557 676 1638 psalmus
696 1565 758 1624 est:
783 1559 972 1624 exaltabo
994 1567 1039 1632 te,
1064 1559 1164 1623 dens
1185 1577 1279 1622 mens

151 1669 404 1736 etrexmens‚
422 1671 459 1726 et
482 1662 720 1727 benedicam
747 1683 885 1728 nomen
909 1670 1018 1728 tunm
1042 1663 1081 1726 in
1105 1660 1277 1727 seculum

152 1774 189 1829 et
210 1767 248 1829 in
274 1767 461 1830 saecolum
486 1766 634 1830 saeculi.
658 1766 1036 1852 persingulosdies
1054 1766 1276 1830 benedicam

151 1877 188 1934 ῖθ
212 1876 249 1934 θῖ
270 1869 445 1934 landabo
467 1890 609 1935 nomen
633 1880 739 1935 tuum
764 1871 801 1935 in
826 1870 1016 1936 saoulum
1047 1877 1083 1935 et
1113 1870 1152 1934 in
1175 1889 1277 1934 saon-

100 1994 124 2029 1⁶
152 1974 229 2038 lum
261 1975 408 2039 saculi.
454 1976 530 2038 ratio
554 1980 584 2039 et
607 1976 703 2040 uirtus
727 1975 914 2055 prophetica
938 1974 1212 2058 magniloquentia
1232 1991 1277 2055 per

150 2079 298 2143 intentam
323 2079 466 2143 audiendi
490 2078 682 2162 diligentiam
706 2081 861 2144 noscenda
883 2087 937 2142 est.
982 2079 1025 2143 ait
1056 2079 1155 2143 enim:
1189 2075 1274 2142 exal·

150 2182 242 2247 tabo
277 2191 322 2255 te,
358 2184 456 2248 deus
480 2202 588 2247 meus
619 2190 656 2248 et
684 2203 752 2248 rex
776 2203 894 2248 meus.
940 2182 1029 2247 multi
1054 2182 1274 2262 donmperea.

151 2308 220 2371 qum
243 2286 274 2350 in
298 2288 443 2367 operibus
465 2287 573 2351 mnndi
598 2287 636 2351 ab
660 2308 695 2351 eo
718 2287 848 2351 instituti
878 2286 1045 2364 cognitioni
1076 2296 1185 2351 nostra
1216 2295 1274 2349 sont

150 2391 296 2464 subiecta,
320 2390 536 2475 magnificant;
567 2392 623 2454 sed
645 2391 734 2471 pauci
758 2399 837 2469 sunt,
861 2391 913 2473 qui
937 2410 1048 2474 regem
1071 2391 1131 2455 sibi
1154 2391 1270 2453 fntnmn

99 2527 124 2565 ao
151 2495 255 2558 nolunt
278 2497 412 2573 credere,
447 2496 520 2559 dnm
555 2502 607 2560 ant
641 2514 747 2559 curam
781 2501 896 2578 negant
926 2494 1132 2558 humanorum
1163 2509 1270 2573 opernm

150 2601 207 2662 deo
241 2619 309 2664 esse
343 2606 395 2663 aut
428 2599 466 2662 ad
501 2598 721 2663 consolandam
756 2619 869 2674 corum,
914 2619 984 2681 quae
1021 2599 1117 2680 impie
1151 2604 1269 2680 egerunt.

150 2703 369 2768 conscientiam
404 2711 592 2783 praesumpto
626 2702 737 2766 animan
768 2710 799 2768 et
829 2703 964 2783 corporis
995 2701 1156 2767 abolitione
1179 2698 1267 2763 nolunt

150 2807 289 2872 diuinum
320 2808 350 2871 in
381 2808 478 2872 bonos
508 2815 537 2872 et
567 2806 666 2871 malos
700 2807 895 2872 constitutum
931 2826 1001 2871 esse
1031 2806 1184 2871 iudicium.
1225 2799 1267 2864 sed

150 2911 300 2992 propbeta
323 2910 397 2976 hinc
419 2911 609 2991 praedicandi
640 2911 690 2975 dei
713 2911 807 2975 sumit
836 2910 1005 2984 exordium,
1036 2912 1118 2993 quod
1148 2908 1201 2973 sibi
1226 2922 1266 2968 rex

98 3044 123 3081 aa
150 3016 198 3079 sit.
243 3017 298 3081 sed
322 3023 351 3080 et
374 3035 455 3079 nunc
479 3015 604 3098 quidem
630 3035 740 3079 nomen
765 3014 841 3094 eiua,
865 3014 917 3097 qni
941 3014 999 3079 eibi
1023 3033 1076 3077 rex
1099 3021 1186 3096 atque
1206 3010 1265 3072 dens

150 3120 196 3190 sit,
220 3121 258 3183 ob
283 3119 526 3200 expectationem
549 3120 636 3202 regni
660 3118 823 3195 benedicit,
857 3138 926 3182 com
957 3118 1014 3182 ait:
1051 3115 1263 3182 benedicam

148 3244 288 3287 nomen
314 3229 422 3288 tuum
452 3224 488 3286 in
521 3222 719 3287 saeculum.
765 3224 820 3286 sed
844 3222 917 3304 qnia
940 3221 998 3285 seit
1020 3242 1054 3287 se
1078 3215 1263 3305 gratando

150 3335 240 3410 atque
264 3328 331 3410 regi
354 3348 408 3390 sua)
432 3327 524 3392 etiam
548 3340 621 3401 tum,
645 3346 712 3390 enni
736 3326 768 3389 in
791 3345 889 3409 regno
912 3326 977 3389 eins
1008 3332 1139 3397 maneat,
1162 3321 1261 3387 debere.

150 3433 222 3515 quia
245 3432 402 3496 demutata
425 3431 531 3495 caduci
556 3430 692 3510 corporis
726 3431 772 3494 sui
806 3428 983 3494 infirmitate
1014 3427 1195 3511 depulsoque
1218 3419 1261 3485 ini·

96 3573 121 3610 ao
150 3536 237 3600 mica
261 3536 369 3600 mortis
392 3536 521 3615 imperio
545 3535 610 3618 regi
635 3554 689 3599 sno
712 3533 882 3599 conformis
904 3541 935 3597 et
957 3540 1128 3598 ooaeternns
1147 3528 1260 3595 adsistat.

148 3641 273 3705 adiecit:
305 3640 401 3705 etin
438 3638 626 3703 sacculum
660 3637 808 3711 saeculi,
831 3638 862 3701 id
886 3638 984 3701 estin
1008 3633 1260 3710 monendoque

148 3744 253 3809 habitu
277 3743 382 3808 saeculi
406 3743 496 3807 buius
520 3750 658 3823 exempto
682 3743 743 3806 iam
767 3751 799 3806 nt
821 3739 966 3806 saecnlum
988 3739 1093 3805 saeculi
1109 3729 1258 3803 aternitatis

149 3849 342 3913 successione
365 3847 570 3912 renouabitur.

191 4059 332 4122 dquantd
351 4058 375 4109 ll
427 4055 704 4127 bpostsubstantiae
723 4053 861 4106 2-31ae.
881 4072 946 4106 eroa
965 4054 991 4105 R
1044 4052 1134 4120 tiqui
1151 4049 1215 4102 uidet
1231 4040 1258 4092 lle

149 4143 196 4210 qui
213 4143 311 4194 niditb
365 4143 488 4196 7uideat
501 4147 529 4195 et
546 4142 697 4193 Euidelle
750 4140 854 4193 differri
868 4141 912 4192 Ra
965 4123 1262 4193 annotantliuelinld
1303 4180 1309 4207 ·

148 4230 558 4299 aonunoopr.scr.m.11t
610 4230 644 4281 27
666 4227 728 4295 quia
748 4245 796 4280 ona
816 4227 841 4279 Il
893 4229 927 4280 89
951 4227 1005 4278 iam
1031 4231 1061 4279 nt
1080 4226 1120 4278 Ro
1142 4225 1191 4276 iam
1207 4219 1259 4271 inl·
