2790 4844
200 243 262 309 676
542 244 658 298 nancti
678 242 813 297 Hilarii
833 244 993 312 episcopi

201 439 289 516 copta
311 453 329 496 a
355 431 532 516 Babyloniis
555 440 586 498 et
609 453 719 498 euersa
741 434 830 517 regni
847 433 1028 517 dignitatem
1047 435 1108 498 sub
1125 436 1351 501 dominantium

201 537 266 602 iure
298 557 357 601 uon
390 537 499 602 tenuit:
535 544 604 622 post
636 537 768 603 etimne
793 537 939 602 Romanis
969 544 1057 618 capta
1080 545 1115 603 et
1139 539 1278 606 incensa
1299 542 1353 607 iau

203 641 285 706 nulla
308 647 362 706 est.
407 649 437 707 et
460 642 511 706 ubi
541 643 589 706 dei
620 642 743 725 requies
766 642 797 706 iu
821 651 970 707 aeteruum
993 640 1064 706 est?
1112 644 1167 709 ubi
1194 665 1236 710 er
1260 646 1351 711 fructu

203 746 318 810 uentris
349 745 415 810 eius
446 745 476 808 iu
508 746 582 811 sede
613 746 661 810 dei
694 766 783 829 reges
818 744 912 810 aurit?
956 745 1097 811 seruiunt
1130 749 1221 813 euim
1268 749 1351 815 bodie

164 879 176 913 θ
203 848 316 921 exules,
340 850 437 930 patria
460 858 611 923 carentes,
635 859 695 915 toto
718 850 749 913 in
774 849 848 914 orbe
872 850 1010 930 dispersi.
1057 856 1088 914 et
1112 852 1167 915 ubi
1203 853 1267 930 illa
1290 875 1350 937 qua

202 955 301 1019 iurata
324 964 379 1025 est,
414 951 552 1018 ueritas?
597 954 649 1018 ubi
674 953 757 1030 illud,
782 956 865 1037 quod
888 973 949 1018 uon
972 954 1176 1020 frustrandus
1204 966 1256 1023 est
1278 959 1349 1023 ueri·

204 1058 287 1124 tate?
325 1067 354 1122 et
376 1059 428 1123 ubi
451 1057 524 1121 fillis
551 1056 648 1121 Dauid
672 1057 760 1138 regni
784 1057 892 1122 aeterni
914 1059 1004 1122 sedes
1026 1060 1252 1139 sempiterna?
1291 1081 1349 1145 qua

205 1161 302 1228 electa
324 1162 398 1225 Sion
421 1162 538 1234 dieitur,
561 1160 666 1225 horret
688 1161 792 1238 ruinis,
815 1182 912 1226 uacua
934 1162 1041 1227 incolis
1057 1171 1120 1227 est:
1147 1173 1180 1229 et
1199 1167 1348 1248 quomodo

205 1267 254 1331 dei
278 1265 400 1350 requies
424 1274 472 1330 est
503 1266 539 1328 in
570 1264 717 1330 saeeula
751 1265 1005 1331 saeculorum?
1050 1276 1183 1332 currunt
1208 1278 1349 1349 tempora

153 1396 178 1435 ιο
206 1379 236 1435 et
259 1369 317 1434 hoe
341 1370 410 1434 uitae
434 1376 544 1435 nostrie
561 1370 705 1433 saeculum
723 1376 845 1435 manet:
870 1371 945 1437 deus
969 1391 1043 1454 ergo
1067 1373 1137 1436 siue
1158 1375 1271 1456 requie
1287 1371 1347 1438 est?

251 1476 301 1540 19.
327 1475 390 1538 Sed
429 1474 478 1557 qui
518 1474 585 1538 liae
626 1473 757 1538 infelicis
796 1475 908 1539 erroris
945 1475 1087 1555 opinione
1127 1477 1173 1541 sic
1215 1480 1348 1551 creduut,

206 1580 337 1650 audiant,
363 1579 410 1642 eui
432 1579 529 1642 llamd
552 1579 683 1642 iuratum
707 1579 754 1642 sit.
800 1577 842 1641 illi
866 1598 985 1661 nempe,
1009 1579 1047 1643 de
1071 1598 1134 1662 quo
1154 1581 1347 1647 dictumest:

207 1683 321 1765 posui
359 1682 605 1747 adiutorium
645 1702 764 1762 super
805 1689 1029 1763 potentem,
1075 1686 1264 1750 exaltaui
1307 1689 1346 1750 de

206 1785 326 1866 plebe
350 1807 432 1850 mea
462 1784 646 1851 electum.
700 1786 838 1850 iuueni
871 1787 998 1851 Dauid
1029 1807 1192 1852 seruum
1228 1809 1346 1856 meum

155 1913 179 1951 a
207 1900 245 1955 et
278 1890 316 1954 iu
355 1890 445 1954 oleo
479 1898 618 1955 sancto
657 1890 776 1955 liuiui
812 1910 907 1955 eum.
955 1910 1090 1955 manus
1127 1894 1237 1958 euim
1272 1914 1347 1958 mea

207 1995 482 2059 auxiliabitur
516 1994 589 2067 illi,
620 2002 657 2058 et
692 1994 900 2059 brachium
935 2015 1060 2060 meum
1094 1996 1347 2063 confortabit

207 2119 301 2165 eum.
347 2097 451 2162 nihil
483 2098 680 2182 proficiet
710 2098 900 2163 iuimicus
929 2100 967 2163 in
1001 2121 1051 2175 eo,
1076 2108 1113 2164 et
1137 2100 1346 2167 filiusini·

208 2203 384 2286 quitatis
408 2223 480 2266 nou
505 2202 659 2267 adiciet
683 2223 828 2267 nocere
852 2223 947 2268 eum.
987 2212 1025 2269 et
1047 2205 1258 2271 concidam
1282 2207 1346 2270 ini·

208 2308 333 2372 micos
357 2307 601 2373 eiusal'acie
625 2307 755 2388 ipsius
778 2309 1019 2373 etodientes
1043 2329 1129 2373 eum
1154 2310 1193 2375 in
1220 2312 1345 2394 fugam

208 2423 452 2477 conuertam.
498 2419 536 2477 et
565 2412 721 2475 ueritas
753 2432 835 2477 mea
870 2422 907 2476 et
941 2412 1237 2479 misericordia
1271 2434 1345 2479 mea

208 2537 294 2581 cum
319 2516 414 2598 ipso,
451 2521 489 2579 et
522 2517 558 2579 in
594 2516 752 2580 nomine
783 2536 865 2581 meo
901 2516 1155 2582 exaltabitur
1190 2537 1344 2583 cornum

209 2621 303 2684 eius.
348 2628 385 2684 et
409 2640 550 2700 ponam
574 2619 611 2682 in
636 2620 734 2683 mori
760 2640 914 2684 mianum
938 2621 1032 2689 eius.
1058 2631 1094 2687 et
1119 2622 1156 2686 iu
1175 2622 1342 2687 flumini·

211 2724 281 2788 bus
305 2725 512 2788 dextoram
536 2725 631 2788 eius.
666 2725 755 2803 ipse
779 2725 1079 2790 inuocabitme:
1105 2738 1222 2806 pater
1246 2745 1342 2790 ineos

208 2828 1178 2909 estu.deusmeos,etsusceptor,salulis1neae.
1218 2837 1255 2896 et-
1276 2849 1340 2912 ego

210 2932 527 3016 primogenitum
558 2951 698 3014 ponam
731 2931 856 3009 illum,
888 2932 1091 2998 excelsum
1123 2956 1201 3014 prae
1233 2951 1340 3017 reges

254 3059 285 3109 13
304 3055 347 3108 Ps.
367 3055 540 3120 LXXXVIII,
559 3056 592 3106 20
611 3072 670 3122 sqq.

253 3163 265 3213 l
286 3159 451 3225 dignitatem
462 3159 566 3212 RPTE
582 3159 712 3226 dignitati
729 3160 752 3212 V
802 3161 854 3213 sub
864 3160 1113 3214 RPTEaibiinV
1162 3163 1338 3216 3iuacteruo

208 3250 250 3300 eet
269 3246 294 3298 P
343 3245 504 3300 ineruiunt
525 3245 628 3297 calu·
645 3246 768 3299 ceruiant
792 3247 816 3298 V
866 3247 968 3301 derbe
986 3265 1017 3299 ex
1034 3263 1083 3301 ore
1101 3267 1134 3302 m.
1154 3248 1174 3301 2
1198 3248 1222 3300 V
1237 3244 1337 3302 urch

208 3333 466 3386 illaGVPl'orn.li
513 3332 699 3385 birnstandus
715 3333 764 3386 VP
805 3333 990 3386 ueritatem?
1042 3335 1337 3389 lbr'rmanetrimanat

208 3421 280 3489 Lipn.
299 3423 345 3472 aed
361 3418 394 3483 qs.
410 3419 506 3473 Beoed.
562 3423 592 3474 ll
612 3419 769 3487 opinionem
782 3420 808 3472 P
861 3422 893 3475 ld
910 3420 1079 3474 adiutorium
1094 3421 1171 3474 GVI'
1182 3421 1336 3475 adiutorium

208 3525 300 3561 meum
325 3507 373 3559 VR
390 3505 423 3569 qs.
442 3507 505 3558 Abla.
526 3505 576 3570 IV,
595 3504 631 3559 84
684 3513 712 3559 et
736 3507 857 3560 exalteui
876 3508 931 3560 RE
981 3508 1015 3561 de
1040 3507 1122 3576 plebe
1148 3526 1208 3562 mee
1231 3509 1337 3562 electum

211 3594 266 3647 GV
282 3594 401 3646 electum
429 3594 462 3646 de
489 3592 570 3661 plebe
597 3609 658 3646 mea
677 3594 781 3646 RPTE
851 3597 883 3649 15
910 3599 938 3648 ct
965 3594 994 3647 iu
1021 3594 1084 3648 cleo
1114 3596 1139 3648 G
1166 3597 1195 3650 in
1220 3589 1338 3650 01th

208 3681 269 3734 oleo
290 3680 366 3732 PTE
417 3684 512 3733 sancto
533 3679 663 3732 GVRPT
680 3687 774 3734 sancto
801 3698 863 3735 meo
887 3682 916 3734 Ε
982 3681 1053 3735 linui
1080 3679 1115 3748 (2)
1146 3683 1174 3737 G
1199 3676 1340 3736 linizil‘

210 3770 242 3821 16
269 3767 411 3835 praecium
438 3768 462 3818 G
486 3767 627 3821 broceium
652 3767 675 3820 V
744 3768 913 3823 confortabit
933 3769 958 3820 G
965 3769 1013 3822 VT
1038 3765 1341 3834 confortandum

208 3855 236 3908 in
262 3852 288 3906 R
314 3855 328 3904 b
355 3871 385 3906 ex
411 3871 430 3907 u
457 3872 523 3906 corr.
551 3873 583 3906 m.
613 3854 641 3919 1)
714 3858 746 3909 17
765 3855 793 3908 in
821 3855 947 3908 inimicos
969 3855 994 3907 G
1066 3854 1100 3909 ed
1128 3840 1216 3912 exeo
1235 3876 1266 3910 m.
1288 3852 1342 3911 3ss

208 3942 243 3994 20
279 3945 306 3993 et
342 3941 533 3995 misericordia
563 3958 623 3994 mee
652 3942 704 3994 GR
739 3949 767 3996 et
802 3941 992 3996 misericordia
1020 3943 1070 3995 PT
1104 3944 1296 4000 misericordia
1324 3939 1343 3994 V

209 4029 239 4080 21
262 4043 377 4081 cornum
397 4029 449 4081 GR
467 4029 515 4095 (cf.
532 4047 559 4098 p.
579 4027 645 4096 682,
664 4027 703 4082 20
721 4040 744 4082 et
765 4029 878 4098 Georpes
913 4028 1004 4093 Worts.
1027 4048 1057 4101 p.
1086 4031 1155 4097 171)
1175 4049 1263 4088 cornu
1285 4026 1346 4086 l’l’l

209 4132 244 4185 22
255 4148 368 4185 monum
380 4132 484 4187 GVPT
500 4150 597 4186 manue
615 4133 641 4186 R
693 4134 728 4188 23
745 4125 884 4187 deuteram
901 4133 926 4185 G
944 4135 1071 4187 dextrum
1093 4135 1119 4189 V
1171 4137 1312 4194 inuocauit
1329 4133 1349 4189 G

210 4218 244 4271 25
262 4216 401 4271 excelsum
420 4236 486 4286 pree
512 4219 584 4271 VPT
601 4224 629 4272 et
647 4221 787 4275 excelsum
804 4237 871 4288 prae
892 4221 917 4273 G
935 4219 1075 4275 excelsum
1095 4239 1182 4292 cuper
1201 4226 1263 4281 RE.
