2790 4844
569 241 762 297 Praefatio.
1191 250 1235 314 IX

76 435 174 500 obelo
207 433 329 498 notatis.
358 433 411 497 ubi
441 431 519 496 nihil
550 432 689 498 utilitatis
713 437 751 500 ad
775 456 842 500 rem
866 438 1002 502 criticam
1035 440 1233 505 factitandum

79 538 281 613 adserebant,
304 537 534 601 adnotationem
559 557 619 600 non
644 540 821 605 unerauisse
851 541 903 604 uix
933 548 980 606 est
1011 547 1092 625 quod
1116 544 1233 611 dicum:

79 646 181 708 immo
212 640 373 722 complura
403 642 493 705 istius
525 643 621 722 modi,
653 662 721 726 quae
751 643 837 709 initio
860 646 1096 727 adscripseram,
1128 656 1234 727 postea

79 757 114 812 ut
140 746 259 811 inutilia
281 745 416 810 delenda
438 756 535 810 erant.
581 745 784 812 nihilominus
815 748 865 813 hic
895 749 974 813 liber
1003 753 1233 817 uetustissimus

81 853 122 916 ab
147 851 246 916 altera
270 870 364 915 manu
387 857 544 915 correctus
568 850 605 915 iis
629 849 712 923 locis,
736 852 789 916 ubi
813 873 873 917 non
898 855 1074 918 decurtatus
1097 862 1144 920 est
1159 864 1190 920 ct
1205 858 1228 919 i·

81 978 141 1021 uos
165 955 311 1032 destituit
335 955 375 1018 ad
400 955 545 1037 antiquas
568 953 716 1019 lectiones
739 956 954 1022 diiudicandae
979 957 1060 1022 haud
1084 962 1169 1039 parui
1186 968 1234 1025 est

80 1061 252 1135 momenti;
286 1065 379 1142 atque
415 1060 446 1122 in
481 1058 573 1123 rebus
608 1059 888 1142 orthographicis¹)
920 1067 949 1125 et
972 1062 1004 1125 in
1027 1082 1050 1127 s.
1074 1063 1231 1142 scriptura.

80 1166 158 1230 loeis
199 1167 368 1229 secundum
409 1163 552 1246 antiquas
591 1163 751 1228 uersiones
792 1165 913 1229 traditis
952 1166 1090 1244 proxime
1127 1171 1164 1233 ad
1204 1169 1229 1231 G

78 1269 242 1347 aceedit.²‘)

126 1372 215 1437 Ood.
239 1371 466 1435 Vaticanus
490 1370 628 1455 Regin.
652 1372 693 1435 95
717 1392 790 1436 saec.
812 1371 879 1450 X³)‚
910 1375 996 1438 cuius
1028 1375 1127 1453 prima
1158 1375 1275 1442 lolialt

79 1477 176 1542 simili
204 1479 296 1541 modo
318 1485 353 1539 ut
376 1476 406 1538 in
429 1475 456 1536 V
481 1470 666 1555 temporum
684 1476 794 1539 iniuria
824 1477 956 1541 iacturas
990 1478 1134 1556 fecerunt,
1159 1480 1231 1544 sub-

77 1582 239 1646 ministrat
263 1580 362 1648 nobis.
387 1579 486 1662 qualis
510 1599 591 1644 nnnc
614 1586 668 1657 est,
695 1586 799 1659 partes
823 1580 940 1660 prologi
957 1581 1006 1646 uel
1022 1582 1231 1647 instructionis

77 1685 199 1757 Ι1--5ς
223 1684 265 1748 22
290 1685 371 1747 med.
395 1703 493 1766 usque
518 1682 557 1746 ad
581 1682 697 1761 linem),
722 1684 771 1748 Ps.
793 1683 891 1760 l—ll‚
915 1687 1084 1749 secundam
1109 1694 1229 1767 partem

78 1791 129 1854 l’s.
167 1788 248 1853 Xlll
284 1787 406 1866 (3—611.
442 1787 491 1850 Ps.
527 1785 632 1863 XlllL
671 1786 868 1863 LI-Llllll,
906 1787 1229 1863 cursil-cxxxi,

75 1891 234 1969 thXXV,
270 1891 285 1954 1
311 1891 363 1954 fin.
388 1928 428 1938 -
454 1889 515 1967 CL,
546 1892 601 1955 aed
625 1892 656 1955 in
679 1890 742 1955 fine
767 1891 800 1970 (f.
825 1892 888 1955 228
913 1902 943 1957 et
966 1891 1042 1970 2297
1068 1895 1229 1974 permultae

75 2001 192 2063 litterae
224 2015 350 2076 prorsus
383 2006 576 2060 euanuerunt
610 2003 703 2079 atque
733 1995 840 2060 ultima
871 1997 919 2061 Ps.
951 1995 1002 2061 GL
1033 1997 1132 2079 capita
1161 1999 1229 2063 sine

120 2226 140 2285 ¹)
163 2224 330 2291 plerumque
351 2203 451 2274 GVin
471 2221 524 2275 bac
543 2222 657 2290 regione
676 2223 864 2275 consentiunt.
892 2223 939 2275 ubi
965 2240 1073 2292 semper
1097 2224 1154 2278 lere
1173 2225 1228 2278 dis·

69 2312 246 2375 sentiebant,
275 2308 398 2362 codicem
420 2308 445 2361 G
470 2312 569 2376 utpote
597 2310 812 2363 emendatiorem
839 2310 1051 2377 praeferendum
1078 2313 1175 2379 putaui
1200 2318 1228 2366 et

68 2421 93 2455 e.
114 2419 144 2468 g.
166 2402 329 2452 constanter
355 2413 419 2450 cum
447 2413 479 2449 eo
507 2398 601 2466 impias
628 2396 734 2464 scripsi,
763 2414 844 2463 quam
872 2397 990 2450 sormam
1017 2399 1101 2451 etiam
1126 2399 1227 2453 totiens

68 2486 194 2558 optimis
213 2483 244 2537 T.
264 2483 327 2536 Liui
345 2483 424 2536 libris
443 2480 636 2536 confirmatam
661 2482 830 2550 inuenerem,
857 2501 912 2537 non
931 2486 1017 2554 inpios
1041 2502 1103 2537 cum
1128 2486 1163 2550 l'3
1182 2487 1226 2539 uel

66 2575 259 2642 receperimus.
284 2573 471 2638 rioriopesr'mus,
492 2586 559 2636 quas
587 2570 688 2622 forinas
716 2569 879 2637 plerumque
901 2572 952 2623 (tlt
976 2572 1153 2639 praebebant,
1172 2590 1226 2625 non

66 2663 286 2730 sesagsenar‘mur:
305 2658 352 2712 ubi
371 2658 423 2726 ipsi
436 2660 462 2710 G
468 2657 516 2710 Vll
533 2658 563 2710 in
581 2657 699 2725 singulis
711 2658 854 2710 uocabulis
867 2658 1020 2711 scribendis
1039 2676 1094 2710 non
1112 2659 1227 2711 eandem

66 2764 187 2817 semper
216 2746 352 2799 rationem
383 2744 541 2809 seruabant,
571 2743 649 2797 uelut
676 2754 776 2814 expecto
803 2751 831 2797 et
858 2756 980 2810 requei-to,
1008 2747 1172 2815 obprobrium
1199 2751 1227 2798 et

66 2835 244 2907 opprobrium
264 2833 324 2884 sim.
344 2833 371 2884 in
391 2832 519 2884 omnibus
539 2830 695 2898 promiscue
715 2831 854 2883 interdum
873 2831 1013 2899 leguntur,
1034 2839 1110 2884 certe
1129 2833 1157 2884 in
1176 2833 1226 2885 tali

67 2938 188 2991 quemue
207 2920 331 2973 editione
349 2937 365 2971 a
384 2936 490 2972 sumnia
519 2919 676 2971 constantia
695 2919 852 2985 quaerenda
871 2918 1064 2972 abstinendum
1083 2937 1114 2973 ac
1133 2921 1226 2988 potius

66 3007 331 3063 uetustissimorum
360 3006 487 3059 codicum
515 3005 607 3073 imago
636 3005 816 3072 exprimenda
846 3005 1000 3059 uidebatur.
1037 3007 1084 3060 sed
1116 3007 1226 3075 singula

66 3095 197 3163 uestigia
225 3093 376 3146 formarum
405 3092 516 3145 illarum
541 3091 712 3160 pronominis
730 3093 777 3157 liic,
796 3109 864 3159 quas
883 3084 1035 3145 Buecheler
1054 3093 1130 3146 llecl.
1149 3111 1174 3160 p.
1191 3096 1226 3146 42

69 3177 284 3236 ,incorrectas“
303 3187 393 3244 uocat,
412 3179 587 3231 adnotationi
605 3178 796 3230 tantummodo
824 3179 940 3243 inserui3
967 3181 1085 3232 formam
1104 3180 1225 3248 genetiui

68 3269 238 3333 stimantes,
266 3266 300 3319 de
328 3282 382 3333 qua
402 3266 485 3318 dead·
507 3283 532 3333 p.
553 3268 587 3318 28
606 3264 672 3330 dixi,
691 3264 729 3318 ibi
749 3268 856 3317 tantum
877 3266 903 3317 in
924 3269 1031 3319 textum
1051 3283 1160 3335 quoque
1178 3266 1225 3318 ad·

65 3357 147 3421 misi,
167 3355 217 3409 ubi
235 3353 280 3407 rrel
299 3354 357 3422 ipse
372 3358 396 3402 (ι’
419 3354 462 3406 uel
480 3352 567 3405 Velio
587 3353 700 3421 insuper
727 3353 823 3406 codice
841 3352 1019 3407 confirmatus
1038 3371 1098 3407 eam
1115 3370 1226 3421 reprae-

67 3443 214 3498 sentabat.
228 3440 330 3493 similia
342 3441 438 3493 ualent
451 3440 485 3493 de
499 3439 590 3492 forma
603 3439 682 3493 uerbi
694 3440 842 3508 desertionis
854 3445 882 3493 et
895 3441 1037 3510 dffetipere
1049 3441 1094 3503 (cl.
1105 3441 1225 3507 Georges

67 3530 177 3583 ts'orrf.
200 3532 270 3591 tat),
288 3528 317 3580 in
336 3544 390 3595 qua
408 3545 437 3580 re
457 3527 512 3595 ipsi
531 3526 713 3579 uetustissimi
733 3526 872 3579 interdum
882 3544 984 3595 magno
996 3545 1078 3594 opere
1089 3526 1223 3579 fluctuant

70 3620 111 3672 ‘es
139 3633 164 3667 e.
183 3635 210 3682 g.
229 3632 256 3683 p.
278 3617 334 3680 150,
355 3615 406 3674 14).
461 3611 483 3677 ³]
504 3613 539 3666 cs.
558 3630 628 3682 quae
647 3613 680 3666 de
700 3614 802 3666 codicis
819 3614 1015 3666 l'auctoritate
1034 3614 1062 3665 in
1081 3613 1124 3665 his
1144 3615 1225 3666 rebus

68 3706 163 3758 fusius
192 3702 307 3770 exposui
328 3701 397 3754 auh.
417 3699 463 3764 IV,
483 3703 516 3755 te
535 3718 603 3767 sqq,
632 3700 679 3754 ubi
698 3701 798 3766 omnia,
818 3717 887 3767 quae
906 3700 940 3753 ad
958 3699 1011 3752 boc
1029 3704 1225 3768 argumentum

68 3794 96 3844 iu
119 3796 219 3843 nostro
239 3788 311 3841 libro
329 3787 479 3855 pertinent,
498 3787 639 3855 explicata
657 3792 730 3839 sunt.
748 3792 845 3854 repeto
857 3787 885 3839 id
899 3786 950 3839 boc
966 3787 1035 3853 loco,
1054 3805 1089 3839 ne
1107 3787 1224 3839 mireris,

67 3882 90 3932 si
112 3877 235 3931 forsitan
264 3874 403 3928 interdurn
432 3875 460 3927 in
485 3874 547 3942 ipso
573 3879 652 3925 textu
671 3871 815 3926 Hilariano
833 3873 980 3926 lectionem
1000 3874 1033 3937 lt,
1052 3874 1079 3925 in
1100 3892 1119 3924 s.
1139 3875 1226 3939 scrip.

67 3982 153 4020 turae
183 3963 253 4016 locis
281 3961 429 4014 lectionem
455 3961 480 4013 V
504 3960 658 4029 praelatam
686 3959 794 4024 uideas3
822 3977 866 4011 res
894 3967 958 4012 sunt
985 3960 1065 4012 ualde¹
1090 3960 1225 4015 diuersae.

68 4071 84 4104 a
103 4052 127 4103 1·
145 4049 192 4103 uel
215 4049 241 4100 G
258 4048 288 4100 iu
307 4046 409 4100 talibus
427 4045 467 4099 ibi
487 4052 596 4100 tantum
615 4046 755 4099 rarissime
774 4046 898 4108 discessi,
918 4046 963 4098 ubi
984 4053 1096 4113 apertae
1114 4049 1224 4100 aberra-

68 4141 163 4191 tiones
191 4135 311 4188 ederant
337 4133 382 4187 (cl.
402 4134 472 4187 Abu.
493 4133 537 4200 lV,
556 4131 602 4199 dd)
629 4131 674 4186 nel
693 4132 752 4199 ipse
771 4132 842 4184 liber
860 4133 889 4184 in
907 4132 1084 4200 sequentibus
1104 4133 1224 4200 priorem

70 4225 225 4278 les-tionem
245 4230 275 4274 ut
296 4219 454 4273 mendosam
473 4220 639 4288 corrigebat.
694 4215 716 4283 ³)
735 4219 769 4271 cl.
791 4218 875 4272 Acad.
894 4237 919 4286 p.
938 4221 970 4272 el
991 4236 1050 4287 sqq.
