2790 4844
400 266 581 316 trnotntus
605 264 640 316 in
664 263 836 331 psalmum
861 263 942 316 LXV.
1184 261 1247 327 265

128 453 238 519 reddent
260 456 319 520 deo
342 473 411 537 quae
434 452 527 517 loonti
551 459 623 518 sunt
645 459 725 530 uota,
748 453 806 533 ipsi
830 453 957 537 quidem
981 473 1015 518 se
1039 454 1170 533 primum
1188 455 1246 519 deo

129 566 251 624 uouentes
263 564 342 623 etse
355 558 438 638 ipsos
454 554 632 622 holocausto
647 556 831 636 praebentes,
848 557 919 640 quio
941 557 972 621 in
989 556 1038 622 his
1055 559 1180 622 domum
1197 558 1246 623 dei

128 658 272 728 introibunt
287 664 319 727 in
335 662 515 744 passionum
531 680 655 726 suarum
667 661 913 726 tribulationibus
927 661 1012 726 Pauli
1025 681 1100 727 uoce
1112 661 1246 727 olemun-

130 771 179 828 tes:
198 768 280 850 quis
297 766 828 846 nosseparabitoooritote
845 767 932 831 dei?
955 765 1174 831 tribulatio
1198 787 1244 831 on

129 869 966 953 angustinumperseeutioautfomesant
989 870 1244 947 nuditasaut
1284 899 1296 937 s

129 973 356 1047 perieulum?
391 982 436 1039 et:
468 973 643 1050 confido,
674 974 776 1057 quod
810 992 940 1056 neque
972 994 1085 1050 mors,
1115 993 1244 1057 neque

131 1076 1245 1164 nitnnequepraesentia‚nequefuturumqueereatura

130 1176 191 1243 elin
215 1184 370 1264 poterit
399 1203 470 1247 nos
501 1201 698 1261 seperare
722 1181 941 1247 ecaritate
972 1181 1045 1258 dei,
1075 1202 1159 1266 quae
1183 1188 1245 1246 est

132 1279 161 1344 in
178 1283 219 1350 th
230 1288 331 1352 risto
355 1286 456 1351 lesu.
504 1284 571 1351 baeo
587 1305 662 1369 ergo
678 1287 709 1349 in
726 1285 921 1351 tribulatione
936 1287 1068 1366 primum
1084 1287 1244 1351 beatorum

132 1395 273 1472 butyrum
302 1397 374 1456 uota
404 1396 483 1467 suut,
514 1409 582 1472 quae
612 1390 643 1452 in
676 1388 922 1454 tribulationibus
953 1390 1015 1454 suis
1046 1388 1185 1454 locuntur
1214 1396 1245 1454 et
1272 1418 1296 1454 lo

133 1494 271 1573 spondent;
296 1501 359 1559 turn
384 1495 506 1570 deinde,
530 1501 562 1558 ut
585 1515 623 1559 ex
646 1494 734 1558 nobis
765 1492 943 1559 holocauste
977 1492 1143 1559 medullata
1173 1512 1244 1558 oon·

133 1607 266 1662 sunnone.
312 1597 537 1664 medullato
569 1598 608 1662 ob
643 1599 683 1669 id.
719 1597 790 1680 quie
823 1596 902 1661 fides
936 1597 1046 1660 animae
1081 1603 1112 1661 et
1142 1595 1243 1661 cordis

133 1694 239 1766 olfioinrn
263 1710 312 1768 est
326 1722 439 1786 resque
456 1701 523 1767 baeo
538 1700 703 1766 uoluntatis
718 1701 848 1766 internae
865 1706 920 1765 est.
966 1720 1050 1765 curn
1074 1701 1243 1765 incenso

133 1813 226 1885 illoque
247 1808 360 1872 arietes
383 1805 560 1872 offeruntur.
605 1806 680 1889 quid
710 1812 814 1870 onum
845 1806 885 1869 sit
916 1806 1084 1881 incensum,
1118 1805 1161 1868 ito
1184 1804 1243 1870 boe

133 1903 214 1972 euleu
234 1910 423 1994 psalmorum
457 1909 536 1974 libro
560 1911 721 1975 doeemur:
756 1908 833 1973 fiat
866 1909 997 1974 oratio
1032 1929 1117 1974 mea
1150 1915 1242 1972 tarn·
1270 1937 1295 1973 ιε

133 2019 219 2081 tuen
241 2016 451 2080 incensum
475 2014 513 2078 in
537 2021 761 2095 eonspeetu
791 2019 862 2087 tuo,
885 2014 917 2077 in
940 2014 1066 2078 incenso
1089 2013 1242 2079 orationes

134 2102 329 2202 intellegendos
354 2138 422 2184 esse
445 2117 635 2202 significuus.
681 2118 734 2200 qui
765 2137 838 2181 uero
868 2117 925 2181 sub
955 2117 1086 2182 arietum
1118 2117 1242 2182 nomine

134 2216 315 2299 ostendentur,
337 2223 473 2287 anterior
496 2220 632 2302 psalmus
655 2221 798 2298 ostendit,
821 2240 892 2286 curn
915 2221 972 2284 nit:
995 2219 1129 2285 induti
1153 2229 1243 2285 sunt

133 2316 258 2391 8rietes
273 2326 421 2404 ouium;
444 2326 476 2389 in
497 2325 546 2390 his
562 2327 655 2401 enirn,
671 2330 829 2408 tamquam
845 2325 876 2388 iu
896 2324 1086 2406 principibus
1099 2343 1241 2409 gregum,

132 2413 257 2500 signifieat
289 2429 475 2507 secerdotes,
509 2449 586 2513 quos
620 2428 767 2494 doetrinae
802 2428 975 2509 apostolieae
1006 2429 1136 2493 eruditio
1170 2448 1241 2493 oum
1269 2454 1293 2492 n

133 2528 272 2598 orationum
311 2534 405 2599 odore
434 2569 478 2580 -
508 2534 633 2598 bonus
679 2532 780 2598 enirn
827 2534 996 2598 seeundum
1034 2532 1165 2598 Paulum
1202 2533 1240 2597 in

130 2618 266 2702 Christo
289 2638 386 2702 odor
409 2657 543 2702 sumus
568 2675 608 2683 -
632 2638 671 2700 ed
695 2637 833 2720 martyrii
864 2637 1000 2701 studium
1035 2636 1240 2720 prosequitur.

130 2746 175 2798 n011
193 2740 284 2807 solum
319 2747 422 2808 autem
456 2742 569 2807 arietes
603 2759 674 2806 curn
708 2740 835 2806 incenso
858 2739 1033 2819 offerentur,
1068 2741 1238 2805 sedebam

126 2833 200 2908 bones
220 2845 400 2923 offerentur;
423 2847 455 2910 id
478 2853 526 2912 est
548 2845 738 2910 contumacis
761 2851 877 2909 neturae
901 2866 1011 2926 pecora
1034 2846 1065 2910 in
1089 2844 1240 2911 culturam

153 2983 255 3122 lulloni.
275 2985 348 3052 Vlll,
367 2987 409 3040 35.
445 2985 549 3039 olbid.
568 2987 602 3038 38
621 3003 659 3052 sq·
698 2986 730 3038 15
749 2984 791 3037 Pu.
812 2984 890 3052 CXL,
909 2987 933 3038 2.
971 2988 1004 3040 18
1022 2986 1064 3039 Pu.
1083 2986 1179 3053 LXIV,
1200 2990 1239 3042 14.

114 3067 140 3121 21
200 3070 258 3124 Cor.
276 3072 301 3138 2,
321 3074 362 3125 15.

149 3191 553 3247 lreddentheddnntWE
603 3193 876 3248 belomontesl'l'ln'
892 3194 1111 3248 clamantibusll
1157 3197 1240 3248 baut

103 3281 255 3348 persecutio
273 3286 320 3334 out
335 3281 354 3334 f.
372 3287 421 3334 unt
439 3299 466 3333 n.
484 3285 532 3334 eut
550 3298 576 3349 p.
597 3281 672 3343 Tcs.
685 3282 804 3334 Sobotier
817 3280 870 3343 III,
889 3279 949 3335 626
967 3292 990 3335 et
1007 3300 1079 3352 supr.
1093 3301 1122 3353 p.
1136 3280 1201 3348 209,
1221 3283 1240 3335 2

99 3374 147 3420 snt
165 3368 319 3434 persecutio
331 3372 379 3421 ant
392 3367 410 3420 f.
423 3385 458 3420 nn
471 3385 497 3420 n.
510 3384 545 3420 an
564 3385 590 3436 p.
609 3368 635 3420 R
652 3385 687 3420 an
705 3369 861 3436 persecutio
874 3376 922 3422 ant
940 3368 958 3421 f.
977 3373 1025 3423 ant
1044 3387 1069 3422 n.
1088 3375 1144 3423 snt.
1163 3388 1188 3439 p.
1203 3370 1240 3423 Pe

97 3457 113 3507 7
131 3469 222 3521 neque
240 3460 367 3507 creatura
379 3454 490 3507 alinum.
503 3454 553 3507 PT
604 3457 621 3507 9
638 3453 707 3507 bueo
720 3471 787 3524 ergo
799 3455 829 3507 in
839 3455 943 3508 RPTE
955 3455 1007 3509 heo
1022 3474 1088 3525 ergo
1098 3463 1161 3510 sunt
1171 3457 1200 3509 in
1218 3458 1243 3510 V

95 3541 219 3611 primum
231 3541 329 3594 VRW
328 3541 463 3610 obprimes
472 3542 602 3595 ed.Baril.
611 3540 838 3595 intererunt?
866 3542 1065 3597 beatorumom.
1078 3544 1103 3596 V
1131 3547 1164 3599 10
1175 3552 1239 3597 uota

92 3633 161 3683 sunt
170 3627 248 3680 ΜΤ
249 3628 276 3679 Ε
292 3635 356 3681 uota
371 3628 397 3682 V
446 3627 789 3696 loonntnrliloqunturoe
807 3628 960 3696 loquuntur
970 3631 1019 3682 PT
1019 3649 1031 3680 ε
1086 3633 1115 3684 ll
1135 3638 1202 3684 tuuc
1218 3632 1243 3682 V

89 3766 278 3822 olocaustaV
309 3774 502 3821 eonsumment
519 3725 821 3849 l'VFEconsnmgntR
859 3771 890 3823 le
906 3786 1037 3837 res-quae
1048 3770 1074 3821 1’
1109 3773 1139 3823 17
1153 3770 1238 3838 signi·

89 3873 181 3927 fimus
193 3869 420 3956 RTEsignificat
438 3870 464 3935 (t
476 3873 503 3924 in
515 3871 582 3938 ros.)
604 3873 628 3924 Ρ
681 3874 712 3927 19
730 3873 759 3924 in
777 3872 820 3925 bis
839 3873 913 3925 enim
933 3874 1010 3926 PTE
1025 3874 1054 3926 in
1072 3873 1115 3927 his
1134 3890 1200 3942 ergo
1214 3874 1239 3926 R

85 3992 214 4047 gregum
232 3992 263 4027 ex
279 3991 392 4043 grecum
413 3976 438 4027 P
487 3978 522 4030 20
541 3992 608 4044 quos
627 3996 674 4029 om.
694 3978 719 4029 n
771 3977 937 4044 nruostolicae
959 3997 1030 4047 supr.
1057 3997 1106 4031 scr.
1126 3997 1157 4031 ur.
1179 3979 1194 4030 I
1213 3979 1238 4031 R

83 4066 119 4118 21
143 4060 264 4114 Paulum
292 4061 356 4114 nne
383 4064 538 4130 apostolum
566 4063 605 4116 Pb
663 4065 698 4116 23
716 4061 867 4116 offerentur
899 4064 948 4116 VR
977 4063 1132 4117 offeruntur
1162 4065 1212 4117 ΡΓ
1214 4067 1240 4117 Ε

83 4154 121 4206 24
142 4146 298 4201 offerentur
322 4147 514 4203 Voffernntnr
538 4150 643 4202 RP'I'E
690 4160 750 4219 port
768 4149 919 4204 offerentur
938 4152 997 4203 odd.
1017 4167 1080 4205 oum
1107 4151 1193 4205 hircis
1218 4153 1240 4206 V
1270 4152 1275 4180 ¹

83 4239 122 4291 nd
144 4235 287 4289 culturam
305 4228 335 4288 dl
354 4236 501 4289 domantur
526 4236 555 4290 V.
