2790 4844
546 244 743 313 Appendix.
1154 240 1216 306 877

70 435 233 499 descendit
256 434 287 497 in
311 433 449 498 barbam.
495 433 657 498 descendit
679 439 780 498 eutem
805 415 897 498 etism
914 433 944 496 in
960 453 1014 497 ore
1028 433 1217 498 uestimenti.

69 558 125 601 orn
158 544 259 603 autem
292 538 473 603 uestimenti
507 557 544 602 ee
578 543 657 617 sunt,
691 557 760 621 quae
794 537 833 602 ed
868 538 965 620 pc'des
989 536 1137 615 defluunt,
1160 557 1215 618 per

71 644 156 726 quod
187 662 295 723 corpus
327 641 386 706 hoc
415 642 565 726 unguenti
589 662 607 705 a
630 641 729 721 capite
759 641 791 705 in
821 642 950 706 barbam
980 647 1011 706 et
1040 640 1154 706 deinde
1177 642 1217 705 ed

69 747 249 811 uestimenti
273 767 327 810 ore
357 745 526 811 descendit.
572 766 645 810 nam
678 746 752 811 dum
783 766 836 810 ors
864 746 1044 811 uestimenti
1067 751 1098 810 et
1120 745 1218 809 barbo

70 856 270 927 memoretur,
301 867 393 946 omne
422 849 526 915 iubis
558 869 668 931 corpus
698 851 877 916 ostenditur.
923 850 1047 914 additur
1069 850 1162 914 etiam
1186 855 1217 914 et
1258 887 1270 921 ⁶

71 954 199 1020 alterius
223 955 461 1034 comparationis
485 954 664 1032 similitudo,
689 974 758 1019 cnm
782 955 906 1020 dicitnr:
943 958 982 1019 et
1015 954 1124 1019 sicut
1153 974 1217 1018 ros

73 1059 247 1124 Hermon
272 1059 494 1124 descendit
525 1059 562 1123 in
594 1065 768 1124 montem
791 1058 914 1124 Sion·
942 1077 992 1123 ros
1015 1059 1054 1123 eb
1078 1056 1217 1123 Hermon

71 1163 242 1240 descendit,
267 1163 297 1227 in
322 1170 458 1228 montem
482 1162 557 1228 Sion
581 1164 731 1228 escendit.
776 1161 871 1227 multo
903 1162 985 1227 enim
1016 1160 1176 1227 interuallo
1200 1182 1217 1226 a

70 1288 105 1333 se
128 1266 161 1331 hi
186 1269 244 1331 duo
268 1273 389 1332 montes
412 1267 503 1332 diuisi
527 1277 605 1332 sunt.
653 1287 754 1351 neque
776 1287 852 1332 sane
876 1272 984 1330 nature
1007 1265 1066 1332 boo
1090 1265 1158 1342 fert,
1182 1271 1217 1330 ut

72 1392 122 1436 ros
146 1391 165 1435 e
187 1369 253 1436 loco
284 1371 315 1435 in
346 1369 447 1436 locum
481 1371 670 1436 descendere
704 1391 795 1451 posse
828 1371 977 1435 uideatur.
1024 1369 1097 1435 Sion
1133 1370 1216 1435 enim
1245 1403 1270 1439 ιο

69 1476 243 1541 secundum
278 1475 451 1540 doctrinam
486 1474 639 1540 caelestem
676 1475 838 1541 ecclesiam
875 1475 1051 1556 ner-ipimus,
1076 1472 1124 1539 uel
1147 1493 1217 1557 quae

71 1598 153 1644 nnno
177 1585 233 1657 est,
257 1578 306 1643 uel
324 1599 392 1662 quae
409 1579 465 1644 erit
482 1584 659 1644 sanctorum
675 1585 755 1645 coetu
770 1579 944 1645 secundum
960 1578 1217 1643 resurrectionem

67 1683 275 1767 frequentate.
322 1682 461 1747 Hermon
485 1689 588 1748 autem
611 1703 700 1748 mons
724 1689 772 1748 est
792 1684 824 1747 in
841 1682 998 1759 Phoenice,
1022 1682 1107 1747 cuins
1123 1682 1217 1747 inter-

68 1787 202 1868 pretatio
227 1786 368 1851 hebreice
391 1785 560 1852 anathemo
582 1787 696 1852 dicitur
725 1795 895 1868 propterea,
927 1787 1011 1871 quod
1042 1786 1153 1871 angeli,
1185 1792 1218 1851 ut

67 1893 176 1965 fertur,
194 1889 448 1970 concupiscentes
465 1889 545 1955 filies
561 1889 732 1968 hominum,
750 1910 821 1956 cum
837 1893 876 1957 de
893 1890 968 1956 caelo
984 1891 1217 1968 descenderent,
1245 1921 1269 1957 ιε

65 1997 97 2060 in
137 1995 219 2059 bunc
252 2000 391 2059 montem
427 1994 580 2060 excelsum
604 2002 817 2060 conuenerunt
851 2001 882 2060 et
912 1994 974 2060 illic
1004 1996 1043 2060 de
1073 1993 1217 2074 concupi-

65 2099 197 2165 scentiee
217 2119 279 2163 sum
296 2099 460 2164 desideriis
477 2099 702 2180 disposuerunt.
749 2100 793 2164 sic
809 2099 903 2165 etiam
918 2099 1023 2163 nescio
1039 2098 1124 2164 cuius
1139 2097 1218 2163 liber

66 2209 170 2280 extnt;
194 2205 249 2268 sed
273 2203 331 2269 hoc
355 2223 411 2268 nec
436 2223 527 2269 nosse
550 2203 700 2269 debemus
724 2224 769 2280 eo,
794 2205 875 2287 quod
898 2203 929 2268 in
953 2202 1030 2268 libro
1055 2202 1133 2286 legis
1156 2222 1217 2267 non

66 2309 259 2386 continetur,
283 2313 526 2373 commemorate
540 2315 643 2373 autem
660 2307 699 2371 ob
715 2309 747 2373 id
764 2313 882 2373 tantum
900 2313 979 2385 sunt,
999 2315 1217 2391 propterquam

68 2412 163 2476 hodie
187 2423 297 2495 gentes
332 2418 468 2476 montem
492 2411 574 2476 bunc
599 2411 726 2492 prosena
750 2411 900 2496 religione
924 2399 1118 2477 uenerantur.
1163 2431 1215 2477 ros
1244 2437 1269 2475 eo

67 2537 142 2583 uero
168 2517 206 2580 de
229 2515 313 2580 cerlis
336 2523 384 2580 est
406 2521 437 2580 ct
459 2515 541 2581 inter
570 2516 820 2581 benedictionum
852 2535 980 2581 munero
1010 2516 1109 2596 optari
1144 2536 1216 2580 eum

70 2621 280 2686 meminimus
325 2639 399 2703 ergo
438 2621 509 2703 quio
548 2640 678 2685 munero
716 2627 747 2685 et
779 2620 1011 2686 benedictiones
1049 2620 1108 2696 dei,
1146 2638 1216 2685 cum

71 2725 207 2805 primum
239 2730 419 2789 consecrate
449 2730 618 2788 esseut-
642 2725 745 2788 omnin
775 2725 859 2789 enim
883 2724 1042 2789 benedixit
1065 2726 1141 2789 dens
1166 2760 1217 2800 ,-,

71 2834 177 2908 posteo
199 2848 272 2892 nero
296 2834 423 2911 peccota
446 2828 656 2904 constiterunt,
691 2834 813 2912 gratum
850 2829 908 2894 deo
938 2834 992 2904 est,
1026 2848 1063 2892 ee
1087 2846 1217 2892 munero

70 2953 192 2997 rursum
217 2932 248 2995 in
272 2933 379 2996 sedem
403 2932 514 2996 redire.
560 2931 739 2997 benedictus
763 2933 847 2997 enim
871 2931 963 2996 homo
980 2932 1051 3010 suit;
1076 2933 1131 2997 scd
1147 2938 1216 3012 post
1243 2956 1268 2994 rr

69 3036 318 3101 benedictionem
342 3036 432 3100 istum
464 3037 613 3115 pecc-enit.
659 3041 690 3100 et
713 3036 766 3119 qui
789 3035 905 3100 mauult
927 3036 1097 3119 peccatoris
1120 3035 1215 3116 paeni-

70 3141 199 3204 tentiam
224 3159 318 3222 quom
340 3145 481 3217 mortem,
504 3138 569 3203 uult
586 3138 808 3205 benedictionis
824 3160 886 3204 susc
903 3160 1005 3205 rorem
1021 3141 1059 3205 ob
1077 3138 1215 3204 Hermon

71 3250 175 3309 monte
199 3243 229 3306 in
255 3243 328 3307 Sion
352 3243 548 3320 descendere,
572 3243 603 3308 id
627 3250 674 3308 est
697 3263 734 3309 ex
756 3243 925 3325 impietatis
951 3245 1026 3309 sede
1048 3244 1079 3308 in
1104 3243 1217 3308 sencti-

72 3347 222 3412 ficationis
262 3346 362 3411 locum
398 3348 538 3412 transire.
584 3347 615 3411 in
651 3367 719 3412 rore
756 3348 838 3412 enim
876 3348 979 3412 omnio
1016 3348 1216 3424 reuirescunt,

70 3451 199 3528 aluntur,
230 3457 392 3534 nugentur,
423 3452 551 3534 spirant,
584 3459 771 3516 excrescunt.
817 3459 865 3516 est
887 3472 962 3537 ergo
985 3453 1100 3518 bonum
1123 3459 1215 3535 etque
1244 3475 1269 3511 eo

71 3555 247 3631 iucundum,
273 3560 306 3618 ut
328 3575 345 3618 u
368 3554 476 3637 gentili
494 3576 607 3633 errore,
641 3556 674 3620 id
690 3565 738 3620 est
752 3576 771 3620 e
787 3555 915 3635 prosena
930 3555 1070 3621 Hermon
1086 3575 1215 3621 uenera-

70 3661 161 3735 tione,
187 3659 379 3723 descendens
395 3660 435 3723 ed
452 3659 534 3736 Sion,
558 3659 589 3724 id
608 3664 655 3724 est
670 3659 708 3723 ad
724 3664 848 3725 aeternae
864 3660 1063 3725 beatitudinis
1079 3660 1214 3738 domum,

71 3770 221 3828 transeut:
252 3763 442 3845 quoniam
466 3763 557 3829 illic
580 3765 795 3828 mandauit
818 3765 1004 3829 dominus
1027 3764 1215 3829 benedic·

70 3868 220 3932 tionem
246 3867 432 3932 etuitom
455 3869 643 3951 usquein
667 3868 858 3933 saeculum
881 3867 1130 3934 serculorum.

112 3993 249 4058 Scorpus
264 3988 378 4043 bocboc
392 3991 527 4057 unguenti
575 3993 865 4060 'lsyonctsr'crcmper
912 3989 987 4045 9hii
1036 3993 1066 4044 ll
1086 3991 1216 4044 celestem

70 4077 233 4131 aecclesiam
290 4079 321 4130 13
332 4076 448 4144 phenice
505 4079 537 4130 14
552 4077 698 4131 hebreicae
751 4083 900 4146 propterea
915 4078 1047 4146 utsngeli
1100 4080 1135 4132 20
1152 4093 1216 4146 pro·

69 4165 161 4232 phane
227 4179 281 4216 uox
312 4181 377 4216 uero
443 4166 475 4217 21
502 4165 725 4218 benedictionem
790 4169 886 4233 optare
950 4167 985 4218 24
1012 4165 1216 4219 constituerunt

68 4253 102 4306 26
121 4250 305 4319 penitentiam
360 4253 391 4303 31
412 4251 561 4304 iocundum
616 4252 758 4320 prophane
811 4251 935 4321 Explicit
952 4269 993 4320 ps.
1013 4251 1146 4306 CXXXII.
