2790 4844
400 291 581 339 tractatus
605 285 640 337 in
664 285 836 353 psalmum
864 282 984 339 CXVIII.
1203 284 1266 350 539

120 476 262 558 sequitur
285 477 383 541 enim:
415 495 489 556 pax
520 474 646 539 multa
680 474 959 559 diligentibus
982 494 1124 540 nomen
1149 487 1264 546 tuum,

121 594 161 644 et
185 600 259 643 non
283 589 346 644 est
369 578 458 644 illis
481 578 728 643 scandulum.
773 578 927 660 apostolus
950 599 1010 643 non
1030 590 1266 662 quaesuasunt,

120 685 177 746 sed
201 702 269 766 quae
293 683 424 748 aliorum
447 683 588 767 cogitans
619 702 712 749 earne
742 704 776 749 se
799 683 1012 748 abstenturum
1046 680 1079 747 iu
1110 683 1266 755 sacillum,

122 808 162 851 ne
187 786 317 852 fratrem
341 786 535 864 scandalizet,
558 786 715 868 professus
740 795 795 852 est.
842 788 920 852 adeo
951 788 1094 867 perfecte
1129 788 1267 852 caritatis

112 897 154 965 ,et
177 892 264 971 pacis
288 893 385 955 tenuit
408 891 572 968 adfectum,
596 901 628 955 ut
651 892 689 954 ai)
714 892 780 971 ipso
803 892 873 955 uita
897 892 1070 956 eommunis
1087 912 1154 967 usu,
1179 893 1267 955 dum·

123 996 214 1057 modo
249 1015 374 1059 eausam
409 994 585 1060 offensionis
623 995 806 1071 abscideret,
844 1002 1040 1075 temperaret.
1097 1014 1155 1075 pur
1194 1015 1268 1079 ergo

123 1100 285 1163 retinenda
315 1112 372 1175 est,
403 1107 433 1164 et
463 1119 523 1162 non
547 1100 628 1182 quod
664 1100 837 1182 unicuique,
873 1101 928 1164 sed
963 1100 1044 1183 quod
1078 1101 1268 1165 uniuersitati

124 1216 282 1287 eerxrgmat,
314 1204 522 1283 expetendum
546 1211 602 1278 est,
637 1204 709 1286 quie
739 1205 908 1268 seeundum
939 1203 1135 1288 euangelium
1165 1204 1269 1268 utilius

125 1306 165 1369 sit
188 1307 218 1369 in
238 1306 339 1371 'uitem
366 1327 426 1370 non
458 1308 581 1372 uenisse
613 1328 703 1390 quam
737 1306 918 1373 scandalum
950 1308 1087 1372 minimis
1121 1307 1269 1373 intulisse.

170 1411 196 1473 ῖ.
223 1410 257 1474 In
275 1409 324 1474 his
340 1410 444 1492 itaque
460 1411 546 1490 pacis
562 1411 761 1493 caritatisque
780 1412 942 1491 praeoeptis
966 1415 1095 1477 manens
1118 1410 1270 1491 propheta
1297 1436 1304 1471 r

127 1513 313 1597 euangelioae
348 1516 415 1594 spei
438 1514 592 1579 desiderio
616 1514 760 1579 detentus
784 1523 840 1579 est.
885 1516 943 1579 soit
966 1515 1058 1591 enim,
1082 1515 1113 1578 in
1136 1535 1197 1598 quo
1220 1515 1269 1580 uei

130 1619 196 1696 quis
209 1617 280 1681 finis
293 1617 434 1701 sitlegis
447 1638 517 1682 eum
530 1619 587 1682 ait:
612 1618 898 1697 exspectabam
915 1618 1137 1683 salutarem
1154 1628 1269 1697 tuum,

132 1718 296 1798 domine,
327 1729 365 1786 et
395 1722 785 1786 mandabatuafeei.
832 1721 1164 1787 salutarislesueest.
1212 1722 1270 1787 hoo

134 1825 295 1889 enuntiatio
329 1845 367 1890 ex
402 1824 526 1890 hebraeo
562 1826 704 1901 nomime,
741 1825 798 1889 boo
830 1827 871 1890 ad
904 1825 1016 1906 Ioseph
1055 1824 1185 1910 augelus
1223 1834 1271 1891 est

135 1920 253 2006 loeutus,
278 1928 337 1994 hoe
360 1929 483 1994 Simeon
508 1930 618 1994 exinde
642 1931 672 1993 in
697 1950 772 2009 paee
807 1931 1009 1994 remittendus
1042 1932 1177 2013 agnouit,
1211 1930 1270 1995 boo
1298 1954 1304 1989 1

135 2032 250 2096 reddita
274 2033 362 2097 nobis
386 2053 440 2116 per
464 2054 534 2098 eum
558 2031 641 2097 salus
664 2035 781 2098 edocet
827 2035 858 2098 in
875 2054 911 2099 eo
927 2041 1028 2098 autern
1054 2034 1200 2098 mandata
1222 2034 1269 2099 dei

131 2146 161 2194 se
186 2136 345 2216 profitetur·
367 2136 488 2214 secisse,
513 2139 594 2220 qnod
618 2136 750 2201 salutare
774 2138 889 2201 domini
913 2144 1078 2218 exspectet,
1109 2137 1271 2202 declarans¹

125 2239 233 2303 bunnia
256 2239 336 2323 Iegis
359 2244 508 2306 mandata
531 2242 664 2305 aduentu
688 2241 736 2306 dei
761 2242 911 2325 unigeniti
935 2242 1093 2306 contineri.

170 2362 202 2424 11.
225 2361 414 2426 Testimonia
447 2382 570 2446 quoque
604 2363 653 2427 dei
688 2364 850 2427 custodiuit
879 2362 1143 2446 uehementerque
1166 2362 1272 2427 dilexit

106 2453 252 2531 dicens:
296 2467 524 2530 custodiuit
560 2468 692 2530 anima
729 2487 814 2531 mea
853 2468 1094 2531 testimonio
1132 2472 1196 2531 tua
1234 2477 1304 2530 eta

98 2555 151 2624 Vi
174 2566 258 2634 Iexi
283 2590 325 2634 ee
348 2569 624 2635 uehementer.
672 2571 879 2635 eustodiui
914 2573 1104 2635 mandata
1138 2576 1205 2635 tua
1235 2579 1272 2634 et¹

95 2672 142 2726 ¹e
166 2674 370 2738 stimonie
393 2680 466 2751 tua,
497 2675 592 2757 quia
614 2695 751 2739 omnes
775 2675 846 2739 uiae
871 2696 963 2740 meae
986 2675 1024 2738 in
1049 2683 1271 2754 conspeetu

93 2773 153 2829 Iu
174 2797 208 2839 o.
250 2799 348 2862 agens
372 2777 525 2858 propbeta
547 2778 603 2843 sub
627 2779 728 2843 iudice
752 2786 784 2843 et
806 2785 974 2843 scrutatore
997 2780 1135 2843 cordium
1160 2780 1217 2842 deo
1240 2780 1271 2842 in

95 2881 269 2977 eusanii
293 2884 510 2947 mendatorum
533 2883 840 2965 testimoniorumque
872 2883 922 2947 dei
944 2894 1115 2963 permanet,
1156 2902 1216 2947 non
1240 2884 1270 2947 in

97 2985 200 3046 uuas
230 2986 332 3051 saculi
366 3006 466 3071 neque
501 2989 567 3051 uias
597 2988 740 3051 uitiorum
772 3001 801 3051 et
830 2988 997 3068 impietatis
1031 2988 1153 3053 incedit.
1199 3007 1269 3052 nam
1298 3005 1304 3042 t

107 3088 348 3173 quodeunque
371 3091 441 3155 uitae
465 3112 528 3155 sure
551 3091 610 3156 iter
633 3092 740 3174 egerit.
771 3091 848 3155 adeo
878 3098 941 3155 tam
966 3092 1124 3172 probabile
1148 3099 1272 3175 tamque

180 3294 373 3353 lnommenV
416 3300 471 3352 ssiu
481 3300 538 3353 illis
546 3298 582 3370 p(
583 3302 602 3351 Α
605 3302 619 3364 )
665 3300 749 3352 esic
790 3299 1276 3353 abstinuturumRebstinetuxumC

133 3373 164 3429 ‘11¹
184 3385 288 3438 saeculo
312 3385 360 3440 VR
378 3383 423 3451 (εἷς
444 3388 493 3437 τὸν
510 3384 595 3437 αἰῶνα
614 3387 627 3440 Ι
647 3386 707 3439 Cor.
725 3389 749 3453 8,
774 3385 816 3451 13)
869 3389 885 3440 5
910 3387 957 3439 ubi
980 3387 1015 3440 ab
1039 3387 1065 3440 V
1113 3387 1233 3441 didomo
1254 3391 1278 3441 (¹

139 3462 157 3516 6
177 3467 328 3526 abeoederet
352 3473 376 3526 V
426 3492 498 3527 uoces
516 3478 736 3542 temperaret-
756 3473 900 3526 retinenda
919 3479 961 3526 est
978 3491 1059 3542 snpra
1079 3475 1145 3526 vuele
1163 3476 1274 3528 insertus

146 3550 168 3604 b
187 3554 200 3607 1.
222 3559 313 3613 om.C
364 3562 427 3614 ‘let
454 3577 508 3614 non
536 3579 566 3613 ea
592 3576 647 3613 non
677 3578 708 3611 m.
728 3558 748 3611 2
771 3560 796 3613 V
846 3559 912 3627 quid
940 3559 1091 3628 unicuique
1114 3560 1173 3613 VCe
1225 3560 1273 3615 aed

146 3637 203 3704 quid
233 3645 316 3699 I'Rt'e
368 3646 614 3716 flexpeudendum
641 3652 683 3699 est
711 3665 724 3698 e
782 3646 846 3699 91'n
874 3646 933 3699 uita
962 3646 984 3700 C
1036 3649 1069 3700 12
1087 3646 1148 3714 quis
1176 3665 1225 3701 om.
1255 3648 1279 3697 (7

146 3727 184 3781 uel
200 3732 257 3797 quie
275 3752 324 3787 om.
337 3752 359 3804 p
412 3732 474 3787 finis
493 3734 531 3787 sit
549 3734 622 3802 ignis
640 3733 714 3786 VRC
728 3731 951 3787 finissitteetIse
1004 3731 1151 3801 quoaitV
1201 3734 1273 3787 salu·

143 3828 221 3870 tarem
243 3819 269 3871 V
282 3830 310 3872 ut
329 3822 438 3885 uidetur,
456 3822 491 3889 cf.
511 3822 631 3874 Sabatier
648 3821 687 3884 II,
706 3819 763 3872 218
787 3819 907 3874 sainture
926 3821 1021 3890 Repu
1073 3822 1106 3873 13
1124 3826 1167 3873 est
1185 3839 1233 3873 om.
1255 3823 1279 3874 (J

141 3907 170 3959 14
188 3919 221 3956 ex
245 3905 381 3961 haebraeo
408 3909 434 3961 R
457 3926 505 3961 om.
530 3908 554 3961 V
605 3907 677 3961 iones
698 3907 723 3961 V
774 3910 805 3960 15
824 3911 917 3975 symeb
942 3906 989 3959 VR
1041 3907 1223 3960 dimittendus
1238 3910 1276 3979 po

139 3995 169 4048 16
186 3993 317 4048 redimo
367 3997 401 4048 17
420 3995 517 4048 secisse
541 3993 689 4063 profitetur
709 3995 761 4066 (pb
817 3997 848 4048 18
867 3993 1017 4047 aduentum
1041 3992 1132 4064 pont
1186 3995 1274 4049 eonti-

134 4093 203 4136 nere
225 4079 314 4148 p(A)b
376 4084 408 4135 21
429 4082 514 4135 dilexi
549 4083 571 4135 V
595 4082 630 4151 cj.
659 4083 779 4135 Sabotier
806 4083 821 4134 l.
849 4099 868 4134 o.
897 4080 996 4134 dilexit
1023 4079 1119 4151 RCpE
1169 4082 1204 4135 23
1223 4083 1276 4135 sub

131 4165 226 4223 iudice
244 4185 292 4221 om.
316 4169 341 4221 V
391 4169 420 4221 in
446 4169 599 4222 custodium
618 4169 644 4221 R
696 4170 729 4221 24
757 4168 786 4220 in
813 4168 866 4221 uiis
887 4168 923 4236 pb
941 4167 1033 4220 uiase
1085 4169 1119 4221 25
1138 4183 1226 4235 neque
1246 4169 1275 4222 in

129 4256 195 4310 uiue
216 4253 237 4303 (s
252 4272 340 4322 neque
359 4255 388 4308 in
406 4255 459 4309 uiis
474 4257 510 4325 pb
563 4258 597 4310 26
615 4270 649 4299 ΞΞ
659 4255 749 4324 egerit
773 4255 885 4322 Vgerit
903 4254 929 4306 R
981 4254 1050 4307 adeo
1068 4272 1117 4307 om.
1137 4254 1199 4323 Cpb.
