2790 4844
355 271 537 319 tractatus
555 266 590 318 in
608 265 780 333 psalmum
799 263 920 318 CXVIII.
1144 270 1208 335 429

62 450 208 523 contulit:
240 455 358 522 scilicet
388 456 560 537 perspectis
591 455 734 520 omnibus
765 456 909 521 humana
932 458 1118 537 operationis
1141 462 1207 541 uiis,

59 573 228 646 postquam
252 563 326 645 quid
358 568 441 627 esset
471 561 529 625 sibi
560 558 634 624 utile
664 561 819 644 cogitauit,
850 560 923 626 lidei
954 581 1017 626 sure
1039 566 1153 643 pedem
1177 566 1208 630 in

62 667 241 732 testimonia
264 668 370 731 diuina
393 667 529 731 detorsit.
564 666 709 749 cogitatio
733 667 816 731 enim
839 664 917 730 nihil
939 675 1040 746 potest
1063 669 1208 747 subitum,

62 771 143 836 nihil
173 792 298 846 nouum,
332 771 409 836 nihil
444 772 634 851 inopinatum
669 771 898 852 pertimescere,
933 791 1003 836 cum
1028 776 1065 838 de
1089 773 1208 839 consilii
1244 800 1248 809 ·

62 877 221 942 sententia
250 877 360 949 omnio,
391 895 460 959 quse
490 876 632 941 accidere
655 874 763 952 solent,
794 883 963 956 sperantur,
987 876 1208 958 praefiniuntur,
1247 909 1260 946 a

63 985 226 1046 adeuntur.
272 991 302 1046 et
324 982 356 1046 id
380 981 580 1063 consequenti
603 999 695 1044 uersu
719 983 855 1044 docetur.

111 1089 159 1150 11.
185 1086 296 1151 Postea
308 1087 391 1150 enirn
404 1105 497 1168 qnam
510 1085 576 1148 uias
592 1104 665 1148 suits
680 1082 832 1164 propheta
844 1085 1035 1168 cogitauerot
1050 1095 1080 1151 et
1094 1089 1208 1167 pedem

63 1194 104 1255 ad
128 1190 306 1255 testimonia
329 1189 378 1254 dei
403 1195 605 1269 conuerterat,
630 1187 726 1256 libere
749 1186 899 1271 loquitur:
933 1200 1099 1269 paratus
1123 1211 1208 1255 sum

64 1305 103 1359 et
134 1315 209 1358 non
241 1314 326 1358 sum
356 1294 554 1369 turbatus,
584 1300 627 1356 ut
657 1292 885 1357 custodiam
917 1296 1107 1359 mandata
1130 1301 1205 1360 tua.

65 1400 118 1481 qui
153 1401 192 1463 ad
227 1398 343 1481 aliquid
374 1405 571 1478 praeparatur,
600 1396 695 1480 longo
724 1416 781 1461 usu
813 1399 852 1461 ad
883 1397 923 1472 id,
954 1398 985 1461 in
1016 1419 1076 1481 quo
1107 1399 1134 1464 ei
1158 1411 1207 1464 est
1235 1427 1260 1464 ro

64 1503 235 1570 meditatio.
258 1511 454 1583 praeparatur,
478 1522 516 1565 ne
540 1522 611 1566 eum
634 1504 673 1566 de
697 1502 843 1582 propositi
863 1502 909 1566 sui
926 1503 1079 1568 sententie
1100 1502 1207 1586 negle-

64 1618 193 1692 gentem
217 1620 247 1673 et
271 1608 426 1672 incautum
449 1606 497 1670 uis
521 1605 623 1688 aliqua
657 1606 826 1686 repent-inse
857 1607 1039 1670 turbati0nis
1062 1608 1205 1672 excutiat.

64 1712 217 1792 propheta
250 1711 354 1793 itaque
387 1711 473 1775 nouit
507 1730 575 1774 esse
612 1709 745 1790 plurima
782 1710 885 1774 saeculi
924 1711 1076 1776 scandala.
1121 1713 1207 1776 nouit

63 1817 247 1881 insidiantes
278 1835 347 1880 esse
369 1813 514 1879 humana
537 1823 654 1879 naturae
677 1817 940 1897 aduersantesque
963 1816 1101 1881 uirtutes.
1147 1816 1206 1880 soit

61 1919 236 2001 perleulose
271 1919 392 1984 dulcem
427 1938 495 1983 esse
531 1919 733 1983 ambitionem
766 1917 873 2002 gloria
911 1919 1075 1985 saecularis.
1120 1920 1205 1985 nouit
1232 1943 1257 1983 rs

59 2043 210 2089 occursus
249 2023 475 2088 lasciuientium
513 2024 700 2087 tenrinarum
738 2043 808 2088 esse
846 2024 1067 2089 continentium
1106 2023 1202 2090 oculis

60 2130 226 2209 captiosos.
272 2129 329 2193 soit
363 2137 468 2207 turpes
503 2147 665 2207 corporum
699 2128 883 2209 cupiditates
921 2129 1045 2193 adfectu
1083 2129 1204 2193 blandae

55 2234 232 2314 uoluptatis
265 2233 417 2313 inrepere.
464 2233 521 2297 soit
554 2241 657 2297 cetera
686 2232 830 2296 uit-iorum
861 2251 977 2315 genera
1006 2231 1205 2298 inlecebrosis

58 2339 199 2402 aditibus
222 2338 377 2421 ingruere·
422 2338 507 2401 nouit
530 2338 624 2401 etiem
647 2336 788 2417 plurimis
805 2355 838 2400 se
854 2336 1101 2420 inreligiosorum
1125 2337 1204 2400 odiis

57 2442 225 2507 subiecere
248 2452 278 2507 et
300 2443 339 2506 ob
363 2443 615 2522 pradicationem
640 2442 688 2506 dei
712 2442 897 2525 pietatisque
921 2442 1093 2506 doctrinam
1109 2440 1203 2505 uariis
1233 2461 1259 2501 ao

54 2547 316 2629 persequentium
348 2545 541 2611 contumeliis
576 2565 644 2611 esse
666 2548 851 2610 uerendum.
896 2566 935 2610 ne
965 2545 1059 2629 igitur
1089 2544 1206 2609 turbari

54 2651 112 2711 tot
132 2660 160 2715 et
184 2651 277 2715 tantis
301 2651 422 2715 insidiis
444 2651 660 2734 ingruentibus
682 2659 795 2730 posset,
827 2657 933 2714 contra
955 2650 1060 2713 omnia
1082 2669 1115 2713 se
1138 2647 1206 2713 haeo

55 2747 137 2817 filei
154 2754 274 2818 excidia
293 2754 478 2834 properauit
501 2755 623 2819 dicens:
659 2763 827 2834 paratus
857 2773 941 2818 sum
964 2766 1002 2819 et
1024 2773 1098 2817 non
1122 2772 1207 2817 sum

59 2859 263 2930 turbatus,
288 2867 328 2923 ut
351 2859 581 2923 cust-odiam
601 2860 794 2923 *mandata
818 2868 891 2922 tua

115 2961 159 3026 12.
183 2962 286 3029 Habet
308 2983 414 3043 parem
439 2964 547 3027 beatus
577 2962 733 3050 apostolus
763 2961 854 3026 huius
887 2961 1118 3042 praeparationis
1142 2979 1205 3025 suae
1234 2981 1260 3020 a

63 3055 211 3131 fiduciam
228 3067 349 3132 dicens:
366 3068 456 3151 quis
473 3087 544 3133 nos
561 3067 774 3146 separabit
793 3087 812 3130 a
832 3067 1009 3131 caritate
1026 3063 1207 3130 Christi?

63 3167 286 3236 tribulatio
317 3192 363 3235 an
388 3172 581 3255 angustia
612 3178 677 3236 aut
706 3171 845 3252 passio
880 3179 946 3235 aut
980 3170 1107 3234 t'ames
1140 3174 1207 3233 aut

70 3275 230 3341 nuditas
262 3284 328 3341 nut
361 3274 589 3356 periculum
620 3283 685 3339 aut
714 3274 902 3359 gladius?
946 3274 1052 3338 siout
1082 3272 1205 3352 scrip-

70 3371 146 3441 tum
175 3387 252 3445 est:
287 3380 573 3463 quiapropter
607 3387 644 3444 te
674 3379 980 3443 mortificamur
1014 3386 1099 3442 tota
1132 3376 1206 3453 die,

79 3469 254 3561 ‘leputati
285 3504 421 3549 sumus
451 3485 558 3549 sicut
588 3503 683 3549 oues
707 3483 941 3548 occisionis.
988 3483 1058 3547 sed
1080 3481 1120 3544 in
1141 3479 1206 3545 his
1233 3501 1259 3540 ao

82 3589 253 3654 omnious
276 3608 517 3671 superamus
540 3595 579 3654 et
600 3589 805 3652 uincimus
828 3595 997 3667 propter
1018 3605 1112 3660 eum,
1136 3583 1206 3668 qui

115 3708 143 3762 a
159 3710 237 3764 nom.
259 3709 331 3778 vm,
349 3713 384 3766 ae
403 3728 443 3779 sq.

115 3814 266 3869 drecidere
290 3815 314 3868 V
364 3814 498 3869 finiuntur
515 3816 538 3868 ζ’
588 3817 618 3869 11
639 3831 691 3868 neo
706 3814 808 3868 eumV
861 3816 893 3867 14
911 3830 964 3882 que
983 3813 1103 3865 uirtutes
1121 3829 1206 3881 onnp

84 3895 108 3949 15
122 3917 176 3955 esee
194 3901 352 3970 opinionem
371 3902 605 3970 ambitionemque
624 3902 652 3953 Ε
705 3903 736 3954 17
755 3901 891 3968 captiosos
910 3918 940 3953 ea
958 3899 1096 3967 captiosus
1109 3896 1209 3950 m.2V

80 3985 106 4039 ta
119 3988 268 4042 uoluntatis
297 3991 320 4041 C
353 3993 477 4042 ceterum
507 3989 529 4043 V
586 4005 688 4057 genera
715 4005 762 4041 orn.
797 3987 822 4040 V
871 3987 906 4041 20
924 3984 1128 4054 praenotionem
1160 3984 1208 4038 VC

75 4072 104 4127 22
119 4075 231 4129 excidiis
256 4075 318 4129 VRe
370 4076 457 4145 possit
476 4076 541 4147 ROp
591 4078 625 4129 27
644 4075 787 4143 angustiae
805 4092 836 4127 ea
853 4073 982 4142 angustia
1000 4071 1100 4125 mols
1117 4070 1205 4140 ungu·

73 4159 137 4214 stiae
151 4162 200 4232 pE
250 4160 331 4215 lamis
350 4162 376 4216 R
428 4164 463 4216 28
481 4162 554 4216 siout
580 4164 640 4215 odd.
667 4181 700 4215 m.
729 4160 749 4213 2
772 4160 885 4214 Vsieut
902 4188 936 4198 -
954 4176 1004 4213 nos
1031 4157 1132 4214 dilexit
1158 4175 1206 4212 om.

66 4248 138 4319 pla)
157 4249 404 4318 quiapropter-
422 4264 473 4302 uos
491 4248 590 4303 dilexit
608 4266 656 4302 om.
677 4249 700 4302 C
749 4250 784 4302 30
802 4254 944 4314 tamquam
961 4261 1027 4301 oues
1047 4245 1107 4299 RE.
