2790 4844
348 249 530 300 tractatus
549 245 583 298 in
603 245 774 313 psalmum
794 244 938 299 CXXXIV.
1154 245 1214 310 711

69 455 218 510 omnes,
242 437 308 520 qui
333 447 501 516 sperant
524 435 562 498 in
586 433 658 499 his.
704 434 883 518 frequenter
900 436 976 500 etin
997 434 1065 500 aliis
1090 435 1217 516 psalmis

69 542 103 605 id
127 541 228 621 ipsum
252 541 289 604 de
314 538 485 604 simulacris
509 539 647 623 gentium
672 539 786 604 dictum
805 546 866 618 est3
891 545 921 605 et
935 539 1099 623 prophetia
1115 541 1216 604 omnis

70 644 133 710 hoc
155 644 282 724 laborat,
306 652 340 709 ut
362 642 529 708 humanum
554 662 691 708 errorem
714 665 733 707 a
755 643 947 709 stultissimis
964 643 1013 709 his
1033 643 1217 728 inreligiosi·

69 755 169 813 ratum
193 749 304 814 studiis
327 752 454 813 auertat.
500 748 619 812 addunt
649 748 731 813 enim
763 747 902 832 plerique
928 747 982 812 his
1005 748 1216 829 impietatibus

69 853 137 917 suis
170 853 392 930 auctoritatem,
427 857 460 915 ut
493 852 600 933 pretiis
633 851 827 917 metallorum
862 850 1009 917 honorem
1033 852 1102 930 diis,
1136 872 1214 935 quos
1256 878 1268 916 s

70 957 133 1021 sihi
158 956 294 1036 fecerint,
318 963 466 1041 quaerant,
489 976 561 1021 auro
584 976 637 1020 eos
660 961 851 1040 argentoque
876 956 1054 1034 formando;
1078 957 1134 1022 sed
1157 954 1216 1020 hoc

69 1065 203 1139 tantum,
227 1062 308 1144 quod
333 1066 469 1141 possunt
500 1059 679 1144 largiuntur,
709 1061 881 1145 imaginem
912 1059 1030 1126 scilicet
1053 1060 1123 1137 oris,
1146 1080 1215 1124 ocu-

69 1162 182 1240 lorum,
204 1165 332 1238 aurium,
356 1165 485 1242 narium,
508 1184 655 1229 manuum
681 1171 712 1229 et
734 1164 858 1245 pedum,
881 1164 954 1229 deos
978 1182 1049 1229 suos
1071 1164 1101 1228 in
1119 1164 1217 1228 forma

69 1268 186 1333 mortui
209 1269 346 1349 corporis
369 1269 540 1344 adorantes,
571 1269 619 1334 cui
649 1268 759 1350 spiritu
789 1267 929 1333 auolaute
953 1288 987 1333 os
1010 1272 1131 1332 mutum
1161 1274 1215 1343 est,

70 1371 153 1437 oculi
177 1371 315 1449 hebetes,
339 1393 429 1438 aures
453 1375 564 1449 surde,
588 1392 681 1437 nares
702 1373 846 1437 inanimae
869 1379 948 1449 sunt,
980 1391 1092 1451 manus
1120 1372 1217 1437 disso·
1245 1399 1269 1433 ιο

70 1475 153 1554 luta,
188 1478 284 1561 pedes
318 1477 463 1561 rigentes,
497 1497 589 1542 omne
619 1496 729 1558 corpus
758 1475 918 1541 immobile
941 1481 995 1541 est.
1040 1478 1096 1540 sed
1121 1477 1216 1540 errori

70 1600 180 1645 eorum
204 1581 243 1657 id,
268 1581 352 1664 quod
373 1600 431 1645 nec
454 1601 577 1662 sperare
601 1580 722 1655 audent
746 1582 927 1662 deputatur:
958 1585 990 1644 ut
1019 1599 1124 1646 eorum
1154 1581 1218 1644 sint

71 1684 199 1762 similes,
223 1704 300 1769 quos
319 1687 455 1763 adorant
477 1690 662 1750 uenerantes
679 1685 742 1749 sint
764 1685 796 1749 in
819 1685 973 1750 consortio
988 1688 1215 1762 ueneratorum,

70 1788 132 1869 ipsi
171 1788 408 1854 simulaaromm
441 1790 532 1854 modo
566 1797 706 1854 emortua
740 1807 869 1869 corpora
902 1788 969 1853 aine
1002 1789 1074 1852 uitae
1108 1788 1216 1868 spiritu

70 1891 275 1977 relinquendi.
1242 1916 1268 1952 η

116 1996 167 2060 27.
193 1996 409 2062 Demonstrato
433 2003 538 2062 autem
562 2017 664 2062 errore
688 1995 796 2079 gentili
827 1995 868 2060 ad
899 1995 1046 2061 doctrina
1076 1996 1216 2061 ordinem

70 2099 270 2182 propheticus
310 2120 412 2167 sermo
452 2121 486 2165 se
523 2101 641 2166 rettulit
693 2102 814 2166 dicens:
861 2101 1000 2166 domus
1048 2099 1217 2167 Israhel,

70 2205 313 2271 benedicite
355 2206 573 2283 dominum;
612 2206 752 2270 domus
790 2205 939 2284 Aaron,
977 2205 1216 2271 benedicite

71 2309 293 2386 dominum;
329 2310 465 2374 domus
489 2308 594 2387 Laui,
625 2308 862 2375 benedicite
897 2309 1115 2389 dominum;
1150 2311 1216 2393 qui

70 2413 230 2478 timetis
262 2413 472 2490 dominum,
502 2413 740 2478 benedicite
772 2433 868 2478 eum.
913 2413 944 2477 in
975 2412 1025 2477 his
1056 2414 1214 2479 nominum
1243 2433 1268 2470 20

71 2524 166 2600 atque
189 2516 361 2582 officiorum
392 2516 641 2583 distinctionibus
664 2537 789 2581 omnem
812 2516 950 2582 ecclesiae
973 2517 1119 2599 populum
1142 2538 1214 2582 con·

71 2620 179 2701 plexus
196 2628 250 2698 est,
266 2622 322 2686 sed
337 2640 393 2701 per
403 2621 665 2701 nuncupationum
677 2626 709 2686 et
719 2621 943 2702 proprietatum
955 2621 1214 2704 significationem

71 2725 139 2805 ipsa
162 2723 215 2789 illa
237 2724 409 2790 officiorum
441 2725 551 2790 merita
574 2725 687 2790 diuisit.
733 2725 765 2789 in
798 2746 835 2790 eo
858 2726 952 2806 enim,
987 2727 1070 2809 quod
1104 2726 1215 2790 dicitur

73 2829 211 2894 domus
235 2827 397 2895 lsrahel
421 2835 459 2894 et
482 2830 621 2894 domus
645 2830 780 2894 Aaron
814 2837 853 2895 et
883 2830 1021 2895 domus
1044 2829 1143 2895 Laui
1178 2835 1216 2896 et

74 2932 138 3016 qui
170 2933 328 2998 timetis
359 2933 571 3011 dominum,
602 2932 685 2998 aliud
716 2932 755 2998 ab
779 2932 838 2997 alio
861 2953 931 2998 esse
954 2934 1147 3012 discernitur,
1180 2941 1214 2998 ut
1241 2951 1265 2989 oa

74 3038 241 3102 secundum
276 3036 449 3118 apostolum
483 3036 522 3101 ad
557 3035 731 3103 Corinthios
773 3037 960 3102 scribentem
1002 3039 1146 3121 quaedam
1180 3037 1216 3102 fit

74 3141 104 3204 in
137 3141 316 3206 nominibus
350 3140 515 3217 distinctio,
549 3161 618 3206 cum
653 3141 710 3206 ait:
743 3141 912 3220 uocatis,
941 3142 1100 3206 sanctis
1130 3162 1215 3207 cum
1257 3170 1261 3174 “

116 3264 181 3317 271
200 3263 262 3317 Gor.
283 3264 348 3330 1‚2.

118 3370 129 3421 l
150 3373 265 3436 sperant
284 3367 314 3420 in
330 3366 374 3420 hia
385 3367 435 3419 PT
445 3368 480 3436 cs.
494 3369 612 3421 Sabctier
624 3368 662 3434 II,
673 3365 733 3422 263
751 3366 894 3422 confidunt
912 3368 940 3420 in
959 3368 998 3421 eia
1018 3368 1046 3420 E
1095 3370 1113 3422 a
1131 3368 1215 3422 simu·

73 3453 175 3507 lachris
199 3454 243 3507 Pa
295 3453 409 3509 blabor
435 3457 464 3508 et
490 3454 517 3506 P
566 3454 759 3508 diormandoa
786 3455 812 3507 P
862 3455 1005 3508 Sauriam
1033 3473 1082 3508 om.
1109 3455 1136 3508 P
1185 3455 1215 3508 in

74 3539 188 3595 formam
209 3540 233 3594 P
284 3543 301 3595 9
318 3540 363 3595 oui
381 3541 483 3610 spiritu
500 3540 628 3595 auolante
643 3542 668 3593 T
685 3540 807 3606 (auclara
818 3560 848 3583 =
860 3541 1070 3611 „autgrberr‘⁴,
1089 3541 1214 3609 „febtra“)

74 3680 118 3732 cui
135 3679 236 3749 spiritu
264 3678 392 3734 auolante
410 3681 424 3731 d
443 3639 504 3734 cui?
524 3685 590 3765 spus
609 3678 632 3762 (s
648 3698 660 3761 a
678 3699 695 3733 c
713 3698 746 3734 m.
765 3679 795 3747 2)
816 3698 832 3734 a
850 3681 993 3734 uoluntate
1012 3681 1038 3734 P
1053 3681 1098 3735 oui
1116 3686 1180 3750 epha
1199 3686 1214 3735 ὅ

73 3783 132 3836 rinc
149 3783 295 3837 uoluntate
313 3801 332 3834 a
351 3783 396 3837 cui
424 3784 529 3852 species
556 3789 599 3839 eat
626 3785 683 3838 sine
709 3784 853 3839 uoluntate
880 3786 918 3837 ed.
943 3785 1026 3838 Bosit.
1047 3785 1130 3854 1550,
1150 3787 1213 3841 Por.

72 3868 147 3923 1572
202 3871 235 3924 10
252 3869 590 3925 ίηαιιίωαεΙῪὸίηαηεεε
645 3874 674 3924 ll
694 3871 1030 3940 rigenteserregenteaP
1076 3875 1109 3926 14
1126 3889 1215 3927 amor·

72 3964 119 4011 toa
131 3957 172 4010 ta
191 3960 220 4011 et
237 3962 348 4010 mortua
361 3957 386 4007 P
401 3949 413 4010 ἶ
431 3963 556 4011 emortuo
575 3976 588 4010 e
642 3973 757 4026 corpora
768 3958 831 4010 Vre
850 3974 964 4027 corpore
983 3977 996 4011 e
1048 3961 1081 4013 21
1100 3959 1214 4014 distinc-

71 4043 175 4099 tionib:
203 4061 234 4097 a
261 4043 408 4097 diationib:
438 4042 462 4090 P
511 4045 546 4096 24
563 4050 592 4098 et
619 4055 678 4098 aare
704 4045 801 4099 domus
829 4046 922 4098 Aaron
949 4063 996 4099 om.
1026 4047 1050 4098 T
1100 4047 1135 4101 25
1154 4064 1214 4101 esse

68 4131 164 4185 om.T
215 4131 251 4185 28
269 4128 442 4185 chorinthios
460 4130 487 4183 P
536 4129 568 4185 fit
587 4131 615 4184 in
642 4132 800 4186 nominibus
820 4132 858 4184 Tb
875 4130 908 4185 fit
934 4132 963 4185 in
990 4133 1117 4188 omnibus
1137 4134 1162 4186 P
1178 4134 1215 4187 sit

67 4219 96 4272 in
116 4217 278 4272 bominibus
296 4236 316 4270 e.
