2790 4844
149 229 212 293 648
488 229 603 282 sancti
628 228 764 282 Hilarii
788 229 950 297 episcopi

150 428 241 485 sunt
264 418 587 484 inexerutabilia
609 419 766 484 iudicia
789 419 876 483 eius
907 427 944 484 et
967 421 1289 507 inuestigabiles

149 525 223 589 uia
253 525 358 590 eius!
393 523 483 607 quis
507 524 611 588 enirn
636 524 833 608 cognouit
859 544 1020 589 sensum
1044 525 1200 590 domini
1230 532 1289 590 ant

151 630 240 712 quis
264 627 534 694 consiliarius
558 628 642 692 eius
667 627 768 693 suit?
800 634 866 693 aut
889 630 979 711 quis
1002 635 1095 693 ante
1119 630 1236 695 dedit
1258 631 1288 694 ei

151 740 188 798 et
211 733 468 797 retribuetur
495 731 581 798 illi?
626 732 718 816 qnia
742 753 785 797 ex
816 733 904 813 ipsc
935 739 972 797 el
1003 753 1073 814 par
1104 733 1234 815 ipsum
1257 743 1288 798 et

151 839 189 903 in
213 838 302 921 ipso
326 848 418 901 sunt
441 836 586 900 omnia:
619 837 699 917 ,ipsi
724 836 893 901 claritas
926 838 964 901 in
999 838 1151 903 saecula
1180 859 1288 903 sacu-

151 943 288 1007 lorum.
337 941 482 1006 humanae
503 940 692 1006 infirmitatis
723 941 867 1026 religiosa
897 942 1049 1006 consessio
1081 954 1137 1020 est,
1170 964 1207 1008 er
1237 944 1287 1006 deo

150 1045 210 1111 lroc
234 1045 332 1111 solum
357 1066 457 1122 nossa,
482 1047 563 1129 quod
587 1046 743 1110 deusest.
789 1051 927 1110 ceterum
951 1053 1071 1111 secreta
1094 1045 1149 1110 illa
1173 1054 1204 1113 et
1225 1066 1286 1128 pro

152 1151 248 1216 funda
270 1148 514 1232 inperspicabilis
538 1149 641 1214 iudicii
665 1149 790 1214 decreta
814 1169 902 1214 mens
925 1155 1046 1214 terrena
1068 1170 1131 1214 non
1146 1158 1286 1231 penetrat

152 1254 344 1339 inuestigare
382 1254 507 1338 quidem
546 1274 583 1317 ea
620 1253 869 1336 perscrutarique
908 1255 992 1334 pium
1027 1260 1084 1330 ast,
1120 1257 1178 1320 sed
1211 1255 1286 1319 iner-

152 1359 315 1425 crutabilia
345 1380 381 1424 ea
411 1380 480 1425 essa
511 1365 541 1424 et
570 1358 801 1442 inuestigabilia
833 1358 1008 1424 confitenda
1041 1365 1129 1424 sunt:
1165 1378 1284 1443 quorum

152 1471 201 1529 est
251 1464 383 1530 altarum
435 1463 587 1548 religiosa
639 1462 816 1540 uoluntatis,
870 1462 1001 1528 alterurn
1048 1461 1283 1547 inperspiccbilis

152 1573 278 1632 naturae.
324 1568 392 1651 quis
416 1568 499 1632 enim
524 1587 633 1633 causam
663 1573 850 1650 naturasque
881 1567 945 1631 eaeli
978 1573 1007 1631 et
1037 1565 1130 1631 huius
1154 1574 1185 1632 et
1206 1585 1282 1646 supe·

152 1672 242 1736 rioris
266 1679 297 1736 at
318 1678 489 1737 ceterorum
525 1672 625 1736 sciet?
670 1671 738 1754 quis
772 1670 953 1755 angelorum
985 1679 1015 1735 et
1045 1676 1230 1752 potestatum
1257 1680 1280 1731 et

154 1776 364 1840 dominatuum
401 1781 432 1840 at
453 1775 634 1840 thronorum
657 1780 689 1841 et
712 1775 937 1856 principatuum
967 1774 1071 1839 officia
1101 1775 1278 1856 rationesque

153 1879 349 1960 perceperit?
394 1881 461 1963 quis
486 1879 654 1944 Cherubim
680 1888 710 1943 et
733 1878 894 1962 Seraphim
918 1881 1191 1962 perpetuas‘uoces
1206 1885 1276 1942 aeter·

64 2059 67 2065 ,
153 2003 270 2066 nosque
293 1983 475 2068 intelleget?
521 1983 590 2067 quis
621 1983 782 2048 laudantes
813 1986 906 2049 deum
937 2001 1029 2064 super
1059 1983 1170 2048 eaelnm
1198 1996 1274 2063 aquas

153 2086 343 2172 cognoscat?
389 2089 458 2171 quis
481 2088 563 2164 solis,
588 2088 668 2151 lunae
691 2096 721 2151 et
744 2096 893 2152 astrorum
919 2086 1037 2151 lumina
1056 2093 1201 2168 conperta
1221 2099 1272 2148 asse

153 2192 210 2256 sibi
234 2190 439 2276 gloriabitur?
485 2193 553 2275 quis
588 2191 669 2257 hanc
703 2191 803 2256 inanis
838 2190 936 2266 nobis
971 2197 1006 2255 ut
1040 2190 1119 2256 salso
1142 2198 1269 2272 putamus.

151 2297 221 2362 aeris
245 2296 467 2378 plenitudinem
491 2296 657 2361 metiatur?
701 2297 763 2360 iam
787 2316 859 2361 uero
882 2295 951 2377 quis
974 2303 1027 2359 aut
1060 2295 1267 2377 dispositionem

152 2402 234 2466 orbis
268 2407 419 2466 terrarum
445 2408 496 2465 aut
519 2399 740 2465 elementorum
764 2401 892 2464 uirtutes
920 2408 974 2463 aut
997 2410 1171 2479 temporum
1194 2401 1266 2460 muta·

154 2505 253 2570 tionas
275 2519 327 2569 aut
349 2505 509 2570 fluminum
534 2525 642 2570 cursus
666 2512 718 2569 aut
740 2503 834 2568 maris
857 2503 936 2569 fines
959 2510 1012 2567 aul-
1034 2504 1142 2567 oceani
1171 2493 1264 2565 uicissi-

152 2610 273 2675 tudinas
304 2615 355 2673 aut
387 2622 547 2674 uentorum
578 2607 667 2673 flatus
699 2616 749 2672 aut
777 2615 902 2672 naturas
936 2606 1118 2672 animalium
1148 2613 1196 2669 ant
1222 2601 1264 2664 ius

152 2714 319 2778 bestiarum
344 2721 395 2778 aut
418 2733 534 2797 genera
557 2714 702 2777 arborum
726 2720 778 2777 aut
802 2713 930 2777 uirtutes
950 2711 1090 2776 radicum
1113 2705 1264 2792 escrignes

151 2818 325 2882 animarum
364 2824 393 2882 et
426 2817 618 2882 incrementa
652 2837 813 2900 corporum
849 2822 880 2880 et
914 2815 1079 2880 insontium
1115 2819 1218 2879 mortes
1243 2810 1262 2864 ⁰¹

151 2943 261 2988 senum
292 2924 371 2986 uitas
402 2930 432 2986 et
461 2920 582 2986 laboras
612 2921 716 2986 saculi
752 2928 783 2986 et
817 2927 992 2994 sanctorum
1024 2919 1174 3003 gloriosas
1204 2907 1262 2977 cult·

155 3028 278 3092 mitatcs
316 3033 346 3092 et
384 3026 631 3111 inreligiosurum
666 3025 807 3091 infelices
846 3024 1051 3089 beatitudines
1086 3031 1117 3088 et
1150 3019 1217 3104 legis
1242 3016 1264 3072 ll

195 3171 441 3225 linerrcrutebilia
461 3171 540 3223 GVT
565 3170 794 3223 inexscrutabilic
823 3171 847 3221 ll
873 3168 1068 3222 inscrutabilia
1093 3169 1146 3221 PE
1190 3167 1264 3243 30⁰⁰:

150 3259 270 3313 siliarius
289 3257 347 3312 eius
368 3259 448 3312 GVR
466 3258 491 3312 ei
510 3257 681 3311 consiliarius
702 3258 751 3310 Pr
820 3257 837 3309 5
863 3256 890 3308 in
916 3256 975 3324 ipso
996 3254 1101 3308 Gom*
1123 3248 1205 3323 iipso
1224 3252 1263 3333 ὅ]

149 3347 240 3415 ipsum
258 3364 324 3399 corr.
344 3364 376 3397 m.
397 3343 416 3396 9
440 3345 464 3397 V
475 3355 535 3415 poet
553 3349 617 3398 sunt
635 3362 709 3396 uoces
737 3347 765 3397 et
789 3345 818 3396 in
837 3346 943 3396 iteratus
961 3343 1009 3395 del.
1030 3340 1102 3394 nu?
1125 3342 1150 3395 V
1194 3341 1265 3398 pqul·

151 3434 214 3487 uem
232 3450 292 3487 eam
317 3432 342 3484 ν
391 3431 606 3484 inexcruauuu
623 3431 672 3484 VT
689 3427 897 3496 ultraneum
916 3431 942 3481 Ρ
957 3428 1150 3482 insumamus
1167 3428 1189 3480 rr
1206 3411 1266 3489 (dl

150 3521 166 3573 ι,
186 3531 209 3574 a
227 3522 254 3572 a
272 3538 321 3588 seq.
346 3520 426 3583 aaa)
483 3521 515 3572 ra
534 3518 603 3570 scier
624 3519 727 3570 amu
749 3517 857 3570 sentices
880 3517 906 3568 r
956 3519 989 3569 14
1007 3520 1036 3569 et
1063 3515 1220 3569 thronorum
1234 3496 1268 3558 Vs

150 3612 178 3660 et
203 3607 340 3660 honorum
359 3605 385 3658 R
402 3610 431 3659 et
455 3605 605 3659 thronuum
630 3605 653 3656 V
703 3604 891 3672 principatum
915 3604 963 3657 Vlt
1018 3603 1051 3656 15
1077 3587 1270 3671 percaeperilfl

149 3694 286 3762 percipiet
305 3694 329 3744 T
349 3692 439 3761 pcipil
458 3692 483 3744 P
542 3690 712 3744 CerubinV
770 3689 880 3744 serafim
900 3690 925 3742 R
943 3687 1043 3742 serafin
1067 3689 1093 3741 V
1155 3691 1186 3743 16
1211 3686 1274 3740 deun

149 3799 198 3832 om
222 3781 328 3833 Vdr'rm
348 3781 372 3831 '1'
428 3782 457 3832 17
485 3778 550 3832 solis
577 3796 625 3830 om.
650 3779 673 3830 V
723 3795 782 3830 esse
809 3778 861 3830 sibi
886 3777 934 3829 Vlt
952 3776 1005 3831 sibi
1033 3791 1092 3829 esse
1111 3776 1163 3829 PT
1213 3777 1242 3830 18
1255 3772 1277 3824 ul

149 3866 219 3920 falso
238 3872 365 3935 putamus
384 3866 424 3920 Re
442 3871 473 3919 ut
491 3871 619 3934 putamus
635 3865 709 3917 VPT
762 3867 793 3917 19
813 3863 986 3933 plenitudine
998 3882 1028 3917 ex
1040 3863 1187 3931 plenitudo
1200 3857 1283 3915 affl?

150 3954 212 4020 quis
231 3971 278 4005 om.
294 3953 554 4024 VIlPeupr.udd.T
606 3953 640 4006 20
660 3951 921 4005 aelementorumR
973 3951 1005 4003 21
1026 3954 1074 4002 aut
1093 3949 1179 4004 maris
1198 3947 1288 4004 linisl'

150 4044 198 4092 eut
216 4040 312 4093 oceani
331 4040 381 4092 Pr
381 4041 409 4092 E
424 4039 448 4093 da
466 4039 562 4093 oceani
582 4040 607 4091 ll
625 4043 672 4091 aut
700 4039 783 4091 maris
812 4036 829 4090 fi
854 4036 950 4090 oceani
974 4037 996 4088 V
1049 4035 1253 4093 uicissitudinis
1272 4037 1291 4091 l'

149 4127 184 4179 22
202 4131 250 4178 aut
268 4125 322 4178 iras
343 4128 381 4178 lte
399 4130 447 4179 aut
471 4126 561 4179 rabies
580 4126 631 4178 PT
631 4127 645 4178 b
698 4128 732 4179 23
750 4124 984 4193 generazl'crue.
1004 4120 1027 4187 e)
1053 4123 1077 4172 l'
1128 4125 1164 4178 25
1183 4126 1295 4181 uituslt

151 4212 238 4265 uitam
261 4211 362 4288 VPTE
413 4214 447 4265 26
465 4212 666 4265 beatitudinem
690 4210 744 4264 V¹..
