2790 4844
378 252 558 313 tractatus
584 248 619 300 in
644 247 816 314 psalmum
841 248 874 300 11.
1159 247 1199 313 63

42 440 163 511 idest
193 439 289 502 utin
319 437 480 501 nominc
508 435 601 501 Iesu
631 455 744 500 omne
774 455 878 519 genu
909 435 1058 501 flectat
1088 438 1199 503 caele·
1288 491 1295 506 .

43 540 836 614 stiumatterrestriumetinsarnorum
861 541 1200 626 etomnislingua

47 647 319 723 confiteatur,
351 645 444 728 quia
467 644 654 708 dominus
679 642 794 709 Iesus
824 645 863 708 in
893 644 1027 727 gloria
1051 646 1115 710 dei
1139 667 1199 726 pa·

48 752 146 815 tris:
171 770 230 813 non
256 756 338 813 terra
360 748 469 825 solum,
492 748 546 813 aad
571 768 703 829 superna
726 748 820 812 etiam
842 747 1024 831 infernaque
1048 750 1201 814 donantur

48 866 81 920 et
106 876 152 927 ea,
177 853 288 937 quibus
312 860 393 918 terra
416 851 617 917 concluditur.
663 858 693 916 et
723 853 753 916 iu
785 851 883 935 gloria
913 851 964 917 dei
986 854 1082 933 patris
1105 852 1198 918 hodie
1238 881 1251 917 a

50 960 178 1042 genitus
200 958 344 1034 nascitur,
373 957 405 1021 id
436 963 483 1022 est
512 957 544 1021 in
574 962 753 1020 manentem
784 962 876 1020 autea
905 956 954 1019 dei
978 955 1108 1020 sormam
1144 978 1200 1037 per

51 1063 217 1143 praemium
247 1061 357 1125 mortis
380 1060 487 1124 sormae
518 1059 639 1124 seruilis
662 1059 837 1140 adsumptio
861 1058 1057 1138 honestatur;
1102 1060 1199 1143 fitque

56 1165 115 1229 sub
138 1173 277 1247 tempore
301 1185 379 1228 noua
401 1184 459 1229 nec
491 1171 594 1228 tamen
618 1164 765 1227 inusitata
787 1164 941 1240 natiuitaa
972 1166 1098 1228 eumad
1115 1185 1198 1228 resu-

56 1270 201 1334 mendam
225 1268 356 1347 gloriam
381 1269 430 1333 dei
455 1269 558 1349 patris,
582 1268 635 1351 qui
659 1288 696 1332 ex
719 1266 819 1348 forma
843 1269 893 1332 dei
917 1268 1016 1332 forma
1035 1269 1116 1332 serui
1133 1275 1201 1332 erat

57 1381 204 1453 rapertus,
228 1373 452 1457 primogenitus
476 1392 513 1437 cx
536 1373 664 1436 mortuis
688 1379 874 1462 nasceretur.
1228 1400 1251 1434 ιο

104 1476 151 1541 34.
173 1477 317 1560 Sequitur
340 1477 467 1541 deinde:
503 1496 622 1560 rages
646 1496 713 1539 eos
735 1477 773 1539 in
798 1477 915 1560 uirga
938 1475 1083 1550 ferrea,
1107 1482 1200 1539 tam·

66 1600 172 1662 quam
194 1601 264 1645 uas
288 1580 409 1663 siguli
439 1579 681 1663 confringes
709 1600 784 1644 eos.
831 1580 935 1644 multis
958 1586 1010 1644 aut
1032 1579 1112 1644 male
1135 1581 1199 1660 opi·

68 1685 201 1749 nantibus
240 1692 294 1749 aut
334 1686 477 1749 uirmtem
514 1690 544 1749 et
577 1685 796 1765 proprietatem
838 1685 991 1748 dictorum
1026 1684 1200 1748 diuinorum

71 1786 269 1869 ignorantibus
292 1789 422 1853 aduersa
447 1788 514 1853 hanc
536 1809 605 1853 esse
628 1789 756 1853 bonitati
781 1789 830 1851 dei
853 1788 1005 1865 uidentur,
1036 1795 1199 1871 utgentes‚

77 1909 141 1971 quas
160 1893 236 1957 lilius
270 1892 321 1957 dei
343 1893 374 1956 iu
398 1893 626 1973 possessionem
650 1893 790 1972 poposcit
812 1899 844 1957 et
866 1893 897 1956 in
921 1891 1127 1957 hereditatem
1150 1914 1200 1957 ac·
1228 1919 1251 1954 ιδ

80 1995 154 2074 capit,
173 2004 286 2062 terrore
309 1997 405 2082 uirgae
432 1997 539 2061 ferreae
562 2002 652 2080 regat
667 2002 698 2060 et
714 1997 805 2060 modo
821 1997 904 2060 uasis
915 1995 1001 2080 figuli
1014 1996 1199 2080 confringat.

84 2114 162 2180 neque
189 2103 271 2166 enim
300 2101 374 2165 boni
405 2102 587 2184 cuiusquam
619 2107 667 2165 est
697 2101 772 2164 dare
802 2106 833 2164 et
863 2101 1002 2181 accipere
1033 2101 1199 2181 perdenda.

86 2206 110 2261 tl
134 2206 175 2285 qni
206 2205 325 2269 mauult
357 2212 553 2286 peccatorum
587 2206 799 2286 paenitentiam
835 2224 929 2287 quam
963 2211 1105 2275 mortem,
1139 2225 1200 2268 non

87 2304 248 2374 existimatur
270 2312 440 2374 secundum
465 2309 688 2390 professionem
711 2313 829 2372 naturae
860 2329 922 2372 suae
954 2329 1023 2374 esse
1054 2308 1199 2384 factuma

89 2406 108 2467 ai
124 2411 194 2495 uirga
215 2413 315 2479 ferrea
337 2413 521 2496 confringat,
545 2432 622 2496 quos
638 2413 705 2477 dari
718 2413 777 2476 sibi
788 2414 819 2477 in
833 2411 1040 2477 hereditatem
1053 2414 1200 2493 poposcit.
1229 2432 1253 2471 20

122 2510 157 2578 35.
179 2516 214 2581 llt
237 2518 382 2597 primum,
407 2537 446 2581 ne
469 2517 538 2599 quis
562 2517 733 2581 temerariae
758 2515 829 2581 huic
852 2523 883 2580 et
905 2517 1008 2596 impiae
1031 2536 1200 2598 praesump-

91 2613 142 2680 tioni
160 2619 236 2686 locus
260 2627 372 2702 pateat,
395 2621 595 2702 proprietates
619 2621 693 2701 ipsae
716 2620 881 2684 uerborum
904 2621 935 2684 in
959 2640 1119 2684 romanam
1142 2621 1200 2684 liu-

92 2733 158 2796 man
178 2725 393 2790 translatomm
416 2725 639 2808 cognoscendae
664 2731 742 2789 sunt.
788 2744 922 2807 namque
937 2724 979 2806 id,
996 2725 1077 2806 quod
1096 2724 1200 2789 nobis·

94 2837 141 2886 clm
165 2836 221 2893 est:
252 2849 374 2910 reges
405 2849 472 2894 eoa
495 2829 533 2893 in
563 2829 682 2912 uirga
717 2828 861 2906 ferrea,
885 2848 1075 2911 quamquam
1098 2829 1200 2910 ipsum

95 2941 181 3011 regas
195 2953 253 2998 non
271 2934 465 3018 tyrannicum
482 2953 584 3016 neque
601 2933 750 2997 iniustum
775 2934 823 3010 sit,
847 2933 904 2997 sed
927 2953 964 2996 ex
986 2933 1140 3015 aequitatis
1164 2953 1201 2998 ac
1228 2955 1253 2991 aa

96 3032 275 3102 ademfionis
313 3036 439 3101 arbitrio
480 3038 622 3121 regimen
664 3035 811 3103 rationale
853 3037 1052 3113 demonstrat,
1096 3043 1200 3102 tamen

97 3131 228 3205 molliorem
250 3140 353 3206 adhuc
377 3142 515 3226 regentis
539 3139 696 3206 adlectum
720 3142 891 3222 proprietas
914 3161 1017 3225 graeca
1036 3140 1200 3224 significat.

99 3239 153 3312 llud
171 3247 245 3309 erim
269 3245 431 3310 nribiscum
455 3252 517 3310 est:
541 3265 661 3328 regas
685 3264 760 3322 eoa,
783 3265 853 3309 cum
878 3245 938 3309 illis
962 3251 1009 3309 est
1031 3257 1201 3328 ποιμανεῖς

100 3329 314 3421 danag‚1desp
345 3348 538 3429 pastoraliter
567 3369 669 3433 rages,
704 3349 834 3434 regendi
865 3349 983 3414 scilicet
1013 3369 1064 3414 eos
1095 3369 1200 3414 curam

130 3513 231 3575 lflectdt
253 3523 276 3574 V
301 3522 405 3575 flectat‘
424 3523 450 3575 R
467 3522 596 3576 flectatur
616 3525 642 3575 Ε
692 3524 902 3577 2terrestrium
921 3523 980 3588 (om.
1001 3523 1039 3589 et)
1060 3526 1086 3576 E
1136 3527 1200 3578 ain

105 3593 241 3661 llmr‘elle
292 3612 383 3662 dnon
398 3613 473 3661 terra
491 3608 551 3662 sold
570 3611 618 3663 Vll
636 3628 692 3663 non
710 3616 821 3663 terrena
857 3610 917 3663 sola
936 3611 963 3662 1¹]
1013 3612 1159 3679 dgenitus
1172 3631 1201 3664 er

106 3688 196 3742 auritus
212 3714 239 3745 m.
263 3696 318 3748 11⁷
368 3697 537 3749 Sinuaitata
555 3715 585 3749 er
603 3698 765 3750 inusitatam
784 3716 816 3749 m.
839 3698 852 3748 1
873 3698 896 3749 V
945 3698 1054 3751 9aerui
1073 3703 1134 3751 erat
1151 3717 1201 3766 per

108 3768 274 3841 lanuuium
311 3798 345 3836 ex
394 3783 417 3834 V
486 3785 515 3834 ll
560 3789 588 3837 ct
630 3789 769 3851 tamquam
813 3784 853 3836 Iro
928 3786 958 3837 14
998 3785 1132 3837 bonitatis
1183 3786 1204 3836 V

110 3849 237 3919 ll“trottae
262 3869 308 3922 Vll
361 3870 446 3922 etin
464 3870 545 3923 modo
560 3868 597 3922 R'
650 3869 886 3939 confringatloan
907 3870 1156 3940 exportaturus.)
1177 3873 1201 3924 R

39 4013 41 4016 v
113 3934 321 4009 'lest-deum
376 3958 408 4009 18
419 3958 509 4025 magis
527 3957 590 4010 uult
608 3956 757 4011 eamauult
770 3954 806 4009 12²
820 3954 858 4021 (bl
914 3960 946 4011 19
965 3958 1201 4025 promissioncme

13 4031 23 4040 ’
110 4028 230 4113 ”limma
244 4057 301 4095 uam
317 4047 410 4095 terrae
429 4061 461 4096 m.
484 4042 503 4095 2
526 4045 552 4097 V
609 4045 644 4097 22
671 4044 801 4112 ipaac(ae
820 4046 846 4096 ia
865 4043 929 4108 rus.)
949 4045 974 4096 R
1026 4047 1061 4097 24
1079 4062 1125 4097 eos
1144 4065 1200 4115 arip.

14 4134 24 4140 ·
112 4102 145 4156 ¹¹¹¹·
165 4130 178 4162 ⁰
198 4136 222 4171 ¹²¹.
247 4128 257 4176 l
287 4130 308 4181 l'
368 4130 402 4183 26
429 4130 503 4197 regia
530 4148 585 4184 non
613 4132 650 4184 ait
676 4132 851 4198 tyrannicum
879 4147 941 4198 neq.
966 4132 1100 4185 iniustum
1119 4134 1157 4185 sit
1180 4134 1205 4184 V

110 4196 138 4245 ᾗ*
150 4211 410 4278 ῐῐοῑμίῑνειεαυτουει
429 4234 693 4293 νποιμανιαυου(
712 4227 736 4278 lt
780 4244 858 4296 reges
872 4245 901 4279 ex
913 4228 987 4296 regis
1002 4228 1034 4279 R.
