2790 4844
334 279 513 328 tractatus
532 274 566 327 iu
584 275 756 343 psalmum
775 275 945 328 CXXXVIII.
1152 276 1214 339 753

119 467 168 529 11.
192 465 277 545 Quod
311 472 414 536 autern
449 465 611 528 delinitum
635 473 664 528 et
686 465 896 547 praescriptum
931 466 991 530 iter
1020 466 1214 532 confecturus

70 578 162 644 esset,
175 571 345 634 ostenditur
359 569 391 632 iu
404 588 532 645 eccum
550 569 605 631 ait:
630 588 702 651 ego
727 574 763 633 te
786 567 1065 634 honoriIioaui
1091 591 1214 651 super

70 681 229 750 terram,
260 694 357 754 opus
388 673 674 746 consummaui,
700 673 803 755 quod
827 673 979 736 dedisti
1004 674 1115 739 milri.
1161 676 1212 758 qui

69 780 178 842 datum
213 778 269 842 sibi
304 798 381 858 opus
415 783 618 849 consummat,
652 778 778 841 modurn
814 779 998 858 prescriptae
1028 778 1212 858 operationis

66 883 211 963 expleuIt.
258 884 316 947 scit
338 889 443 947 autem
458 881 516 946 sibi
533 881 732 945 coustitutum
749 900 826 956 csse,
843 882 917 964 quid
934 901 1042 964 gerere
1058 892 1210 963 oporteat,
1251 909 1264 947 s

66 1007 140 1051 curn
165 988 206 1051 ait
231 987 319 1051 Petro
343 985 446 1069 gladio
470 984 528 1059 his,
551 985 603 1068 qui
627 985 665 1048 ad
689 984 945 1064 prehendendum
962 1006 1032 1050 eum
1055 998 1210 1062 uenerant,

65 1091 239 1156 resistenti:
263 1090 442 1165 calicem,
465 1109 578 1172 quam
603 1089 716 1153 dedit
739 1089 836 1152 milri
860 1095 976 1169 pater
999 1109 1117 1166 meus,
1134 1111 1209 1155 uon

65 1195 201 1260 bibam
224 1194 362 1260 illurn?
392 1195 506 1258 docens
537 1213 571 1258 se
602 1194 788 1273 praescriptae
819 1194 877 1258 sibi
901 1201 1030 1274 epatre
1053 1195 1210 1274 passionis

64 1300 197 1365 calicem
221 1320 290 1364 esse
313 1298 490 1362 bibiturum.
535 1297 594 1362 soit
617 1317 650 1362 se
673 1298 766 1361 etiarn
790 1300 931 1362 semitam
956 1318 1043 1362 suam
1067 1300 1210 1376 directio·
1314 1375 1318 1382 ,

64 1424 202 1488 nemque
235 1402 404 1483 complesse,
442 1421 510 1467 curn
549 1409 620 1482 poto
653 1409 738 1466 aceto
771 1401 914 1482 spiritum
948 1403 1126 1468 traditurus·
1149 1404 1207 1467 ait:
1236 1429 1259 1464 ro

64 1513 383 1574 consummatum
407 1506 484 1571 esti
519 1514 557 1570 et
580 1526 665 1570 mox
688 1505 864 1571 tradidit
887 1507 1089 1589 spiritum.

112 1614 161 1678 12.
185 1612 274 1676 Hauc
298 1632 372 1695 ergo
395 1611 539 1675 semitam
563 1615 595 1674 et
618 1610 816 1674 directionem
848 1631 935 1675 suam
964 1617 1051 1692 pater
1080 1612 1206 1676 inuesti-

62 1718 160 1801 gauit.
205 1715 402 1800 inuestigauit
424 1723 536 1790 autem,
560 1734 629 1778 cum
657 1733 713 1794 per
736 1714 920 1795 proplietam
943 1715 981 1780 de
1005 1722 1087 1779 sorte
1110 1716 1206 1780 uestis

61 1820 269 1903 prophetauit,
314 1827 348 1883 ut
384 1819 532 1899 seriptum
573 1825 632 1882 est:
678 1824 716 1882 et
753 1838 871 1899 super
919 1821 1206 1884 uestimentum

61 1946 191 1990 meum
215 1925 416 1989 miseruut
438 1938 596 1986 sortem.
642 1928 673 1985 et
695 1921 903 1991 iterumcum
927 1925 966 1987 de
988 1924 1101 1988 tradito
1125 1924 1205 1987 iuter
1233 1945 1258 1984 rs

60 2029 198 2094 latrones
232 2037 324 2111 atque
358 2027 705 2118 suspensorccoguita
738 2034 786 2090 cst
819 2027 983 2110 prophetia
1013 2029 1136 2093 dicens:
1168 2035 1206 2091 et

61 2155 150 2199 cum
185 2133 340 2216 iniquis
374 2130 599 2196 aestimatus
634 2137 710 2208 est;
745 2130 794 2195 uel
827 2152 897 2194 curn
929 2133 967 2196 de
997 2133 1204 2196 osseiutscto

59 2243 156 2321 atque
189 2238 330 2318 inpresso
364 2235 490 2300 uulnere
524 2241 595 2298 aute
629 2237 808 2314 pradictum
842 2242 903 2300 est:
942 2256 983 2300 os
1007 2237 1093 2301 eius
1129 2256 1202 2300 nou

60 2342 343 2425 confringetis
385 2346 429 2404 et:
472 2339 683 2416 uidebunt,
725 2359 839 2422 quem
876 2346 1202 2423 compunxerunt.

58 2445 131 2512 haeo
153 2447 266 2529 itaque,
297 2465 365 2528 quae
389 2444 417 2508 ei
439 2443 542 2507 ornnia
564 2451 651 2508 eraut
672 2444 703 2507 in
728 2444 868 2526 passione
892 2446 1079 2524 praesoripta,
1104 2465 1122 2508 a
1145 2446 1203 2508 deo
1231 2464 1257 2502 eo

59 2550 270 2633 peruest-igeta
293 2554 371 2621 suut,
394 2553 482 2613 utet
505 2547 619 2612 fuerint
640 2547 830 2631 prophetata.
876 2568 911 2613 ac
927 2568 966 2613 ue
986 2548 1060 2632 quid
1083 2569 1120 2612 ex
1141 2547 1201 2624 his,
1294 2601 1300 2611 .

57 2675 131 2739 quae
154 2654 252 2737 gessit
272 2674 308 2717 ac
332 2671 440 2733 passus
464 2658 519 2729 est,
542 2652 734 2733 incognitum
759 2653 854 2716 luisse
870 2654 947 2733 patri
963 2653 1201 2729 existimaretur,

55 2757 249 2843 generaliter
281 2763 391 2823 euuota
424 2754 589 2835 conplexus
623 2763 670 2819 est
704 2756 826 2820 diceus:
869 2763 905 2820 et
937 2776 1074 2821 omues
1112 2757 1201 2822 uias

58 2882 169 2928 meas
200 2862 440 2941 prrsnidisti.
489 2861 544 2924 sed
575 2861 627 2942 qui
657 2860 806 2940 praeuidit,
837 2861 915 2924 uidit
947 2867 1113 2944 autequam
1148 2881 1200 2926 res

53 2974 151 3031 esset.
196 2967 339 3046 praeuidit
360 2971 463 3030 autem
487 2964 579 3029 etiam
604 2963 677 3028 hoc:
709 2964 803 3046 quia
835 2984 910 3028 uon
935 2972 996 3029 est
1019 2964 1135 3029 dolus
1158 2965 1196 3028 in
1227 2982 1253 3021 εδ

53 3071 201 3154 lingua
238 3090 337 3148 mea;
377 3075 425 3134 est
461 3070 544 3133 euim
577 3069 746 3134 secuudum
780 3070 936 3149 propriam
971 3070 1199 3150 professionem

99 3247 117 3297 2
136 3243 193 3297 ios.
212 3243 298 3310 xvir,
316 3247 341 3296 4.
377 3247 393 3296 r
412 3243 469 3297 rou.
488 3243 587 3310 xvur,
601 3245 641 3296 n.
680 3245 708 3295 11
728 3242 785 3295 Ioh.
800 3244 871 3309 xix,
883 3245 925 3296 ao.
963 3247 995 3296 n
1013 3244 1057 3296 us.
1072 3245 1144 3311 xxi,
1158 3247 1199 3298 re.

51 3336 87 3388 rs
108 3330 183 3384 niu.
201 3331 272 3397 nur,
295 3332 333 3382 re.
372 3334 404 3384 rs
421 3331 508 3383 uxor.
527 3330 586 3395 xn,
606 3332 647 3382 46.
684 3329 765 3382 num.
784 3331 829 3392 rx,
844 3332 884 3383 12.
923 3332 954 3384 re
973 3330 1054 3383 zach.
1075 3331 1138 3397 nu,
1158 3333 1198 3384 10.

97 3475 112 3524 1
134 3477 226 3524 autem
244 3488 292 3522 om·
313 3472 338 3522 G
390 3470 593 3539 praescribtum
608 3470 632 3521 (si
651 3468 806 3538 psoriptum
820 3469 846 3521 P
894 3471 1034 3522 2esset1'
1089 3469 1199 3537 3quod

46 3564 120 3614 aute
139 3558 192 3611 sibi
211 3574 279 3625 opus
297 3557 324 3609 P
372 3559 390 3610 4
408 3556 575 3625 operationis
593 3574 623 3608 eu
641 3556 772 3609 orationis
791 3556 817 3608 P
866 3556 883 3607 6
901 3555 936 3608 ad
954 3555 1198 3624 praeheudeudum

47 3645 91 3702 1³¹
101 3643 426 3713 adedpraeheudendum
441 3661 507 3696 corr.
522 3661 555 3695 m.
570 3642 589 3695 3
605 3643 631 3695 R
645 3643 680 3695 ad
696 3639 984 3711 comprehendendum
999 3642 1052 3694 PE
1107 3647 1123 3694 'l
1141 3659 1198 3695 uon

45 3734 151 3789 bibam
177 3731 257 3784 illum
288 3730 367 3783 GRP
390 3747 446 3783 nou
473 3730 515 3782 uis
542 3735 573 3782 ut
600 3730 693 3783 bibam
719 3730 831 3783 illumc
883 3730 1086 3797 8perseriptao
1108 3727 1142 3795 tat
1173 3734 1197 3782 G

50 3823 175 3888 rapoto
194 3817 221 3870 P
234 3822 330 3886 potato
348 3834 379 3870 ee:
396 3823 464 3885 potu
477 3813 573 3869 rra3R
626 3816 778 3869 traditurus
798 3822 869 3869 esset
887 3815 962 3869 aitP
1013 3818 1042 3868 ll
1064 3822 1092 3868 et
1111 3835 1160 3868 om.
1175 3816 1201 3868 P

52 3909 88 3962 18
108 3903 144 3958 οὗ
162 3921 214 3973 per
231 3903 393 3972 prophetam
412 3904 452 3955 Rc
469 3920 519 3971 per
545 3902 710 3971 prophetam
728 3920 791 3956 oum
811 3903 849 3954 rt
904 3905 935 3955 14
953 3908 985 3955 ut
1002 3902 1137 3971 seriptum
1155 3908 1198 3956 est

50 3993 116 4048 GR
130 3996 158 4045 et
177 3991 311 4059 seriptum
330 3995 372 4043 est
391 3990 417 4042 P
467 3992 500 4043 17
519 3991 679 4043 aestimatus
705 3991 744 4042 Re
761 3990 794 4053 cs.
813 3991 931 4043 sedatior
949 3990 987 4049 ΙΙ,
1006 3990 1061 4043 t'll
1080 3991 1196 4058 deputa·

46 4090 97 4135 tus
121 4079 161 4132 Pb
216 4080 248 4131 19
266 4076 397 4131 uiderunt
415 4077 441 4129 I’
492 4082 720 4144 oonpuuoxeruut
739 4077 765 4128 P
814 4079 845 4128 21
865 4082 943 4129 utet
969 4077 1072 4130 fuerint
1092 4077 1131 4127 ΡΙ)
1151 4077 1195 4129 uel

45 4170 170 4224 suerunt
197 4183 228 4218 ex
253 4164 299 4217 uel
325 4164 428 4218 suerint
456 4183 488 4217 m.
506 4162 526 4215 3
544 4165 569 4216 R
595 4168 627 4216 ut
653 4163 794 4217 lucrante
847 4180 879 4216 ao
903 4183 933 4216 ex
950 4163 1001 4216 hao
1021 4164 1046 4216 R
1099 4165 1133 4216 24
1152 4181 1196 4216 ree

44 4258 130 4311 esset
147 4252 201 4305 PE
217 4269 261 4304 res
279 4256 294 4305 e
314 4252 346 4304 Il.

104 4373 181 4414 XXII.
196 4371 268 4412 nuuc.
282 4372 338 4413 Plct.
354 4382 405 4421 pars
419 4372 437 4411 1.
1006 4356 1041 4409 48
