2790 4844
196 211 259 276 878
670 211 866 280 Appendix.

203 388 1333 521 lfflmmmmmmfflmmwmmm

400 575 442 639 ln
465 575 592 640 linem
617 575 748 640 Dauid
771 575 952 657 psalmus
975 578 1145 643 cantici.

240 698 447 781 Exsurget
478 700 582 772 deus,
614 704 653 762 et
682 699 942 779 dissipentur
979 699 1143 765 inimici
1174 702 1271 766 eius.
1312 719 1337 767 et

198 803 372 884 specialiter
406 803 598 886 intellegitur
627 803 685 867 iste
715 801 851 882 psalmus
875 809 905 867 et
927 803 1125 887 generaliter.
1171 805 1338 886 specialiter

159 934 172 969 e
199 908 301 987 ipsum
336 908 494 971 dominum
519 906 694 990 [hortaturi
717 913 750 970 ut
770 913 917 991 resurget
939 927 958 971 a
980 908 1111 973 mortuis
1135 915 1166 974 et
1190 910 1337 991 disperdet

198 1011 339 1077 inimicos
363 1031 444 1088 suos,
467 1010 525 1076 lroc
549 1018 598 1075 est
620 1010 776 1077 diabolum
799 1017 831 1075 et
853 1012 1020 1076 exercitum
1050 1013 1116 1078 eius
1140 1022 1195 1078 out
1219 1014 1337 1079 Iudaeos

198 1114 385 1198 generaliter
407 1122 520 1190 eutem,
545 1117 666 1197 quando
689 1116 720 1179 in
745 1114 940 1180 tribulatione
962 1135 1069 1182 sumus
1093 1128 1125 1182 et
1148 1120 1338 1201 angustient

200 1219 347 1284 dicimus:
381 1239 564 1304 exsurge.
588 1221 734 1302 utquid
759 1220 966 1297 dormites,
1003 1220 1190 1285 domine?
1237 1224 1339 1288 sdiuue

199 1324 271 1388 uosl
317 1325 470 1407 quomode
501 1330 532 1389 et
559 1323 688 1404 apostoli
713 1324 742 1387 in
768 1323 909 1388 nauicule
933 1324 998 1407 [ed]
1023 1326 1159 1390 excitum
1184 1328 1337 1391 deminum
1369 1376 1372 1380 s

147 1449 171 1486 ιο
199 1428 401 1492 dormientem
426 1428 579 1493 dieentes:
603 1428 811 1510 magister,
835 1428 948 1493 salus
971 1448 1050 1504 nos.
1074 1432 1267 1509 perimus.

207 1530 290 1595 *Et
320 1531 493 1614 fugiunt,
529 1531 595 1615 qui
632 1532 807 1598 oderunt
840 1533 1109 1607 eumoiucie
1144 1534 1243 1599 eius.
1287 1556 1341 1598 non

200 1635 276 1700 dixit
298 1641 477 1716 pereunt,
501 1636 556 1701 sod
581 1636 753 1718 fugiunt.
777 1637 848 1719 quio
871 1643 1048 1716 peccatores
1064 1637 1095 1700 in
1113 1647 1282 1718 conspectu
1297 1639 1341 1703 dei

200 1759 260 1803 non
284 1744 411 1819 possunt
434 1745 525 1804 stare.
571 1740 745 1820 praeuidcns
769 1738 920 1820 prophete
941 1747 1017 1807 onst¹
1042 1748 1136 1807 uteo
1160 1752 1343 1827 exsurgente

201 1843 360 1908 diebolicae
398 1844 620 1908 dominationes
658 1843 813 1927 effugient
848 1846 919 1928 quie
952 1852 984 1908 et
1017 1865 1098 1910 nunc
1134 1847 1345 1912 indubitanter

149 1967 173 2004 n
200 1948 390 2012 credendum
415 1954 471 2019 est,
496 1948 576 2031 quod
600 1949 640 2012 sd
663 1948 889 2013 insecutionem
912 1949 979 2013 eius
1006 1949 1143 2014 nominis
1174 1959 1260 2016 store
1290 1972 1345 2015 uon

200 2052 327 2132 possint.
372 2052 480 2116 sicut
517 2051 666 2117 delicit
704 2051 850 2130 fumus,
890 2053 1110 2117 deficient:
1150 2075 1214 2118 non
1254 2068 1286 2119 ut
1318 2056 1346 2119 in

200 2155 332 2220 nihilum
365 2156 559 2231 reducuntur,
595 2156 649 2221 sed
679 2164 713 2220 ut
735 2157 896 2239 quiescent
918 2176 935 2220 u
958 2157 1096 2237 peccatis
1120 2159 1196 2222 suis.
1245 2161 1348 2224 sicut

73 2331 75 2336 ,
201 2258 297 2324 fluit
320 2279 412 2325 cers
434 2281 453 2325 e
475 2260 582 2325 secie
605 2261 724 2345 ignis.
772 2261 851 2325 sicut
875 2280 946 2326 coro
969 2259 1098 2325 soluitur
1115 2270 1147 2325 et
1163 2283 1228 2325 nen
1252 2264 1349 2343 perdit

200 2371 342 2429 naturum
377 2384 475 2440 suern,
510 2365 564 2429 sed
599 2363 758 2444 mollescit,
799 2365 843 2429 sic
877 2374 908 2430 et
942 2366 992 2429 isti
1026 2385 1084 2428 uon
1123 2375 1267 2446 pereunt,
1297 2368 1348 2432 sed

150 2482 175 2522 ²⁰
203 2470 359 2548 deponent
382 2467 531 2532 malitium
555 2489 659 2547 suem;
690 2470 787 2534 etsie
817 2475 1033 2534 conuertuntur
1065 2468 1104 2532 ad
1135 2472 1349 2550 punitentium

202 2579 233 2636 et
256 2572 420 2638 solueutur.
466 2573 524 2637 sic
547 2581 717 2654 pereunt
739 2580 982 2654 peccatores
1005 2593 1022 2636 u
1046 2572 1157 2638 secie
1182 2576 1260 2649 dei,
1284 2577 1350 2660 quis

202 2685 379 2755 peccatores
396 2697 455 2740 non
472 2686 544 2741 suut
560 2676 645 2760 digni
661 2677 767 2742 uidere
783 2677 884 2742 deum.
931 2685 968 2742 et
991 2677 1089 2741 iusti
1115 2679 1349 2757 epulentur:

203 2781 253 2863 qni
279 2788 462 2860 permanent
484 2781 515 2844 in
539 2800 594 2845 sue
617 2781 741 2857 iustitie,
765 2783 818 2864 qui
840 2781 915 2846 uitis
931 2780 1132 2859 nonhabent
1158 2781 1351 2848 delectentur

202 2883 460 2949 mmmm

150 3124 176 3163 u
270 3072 1289 3176 mmmmmmmfflmmmmmm

445 3212 1120 3315 immmmmmmm

246 3370 382 3454 Singulis
414 3372 504 3434 rebus
534 3371 733 3451 imponuntur·
763 3372 896 3448 nomine,
926 3379 958 3462 ut
983 3391 1020 3435 er
1043 3371 1226 3437 nominibus
1251 3387 1282 3438 et
1305 3391 1350 3437 res

202 3482 444 3559 cognomentum
468 3475 512 3539 sic
537 3480 567 3539 et
590 3475 701 3555 psolmi
725 3474 819 3540 titulis
843 3474 1001 3556 praenotuti
1026 3479 1105 3551 sunt,
1130 3481 1165 3540 ut
1190 3496 1230 3540 ex
1260 3476 1352 3542 titulis

203 3576 416 3661 intelligentur
439 3586 470 3642 et
494 3578 613 3658 pssimi.
660 3579 783 3663 quintus
805 3578 944 3660 psulmns
967 3577 1025 3643 hoc
1049 3577 1137 3642 titulo
1161 3588 1351 3660 praenotatus

150 3703 175 3740 ec
204 3692 265 3748 ost:
289 3683 327 3747 in
351 3682 476 3748 finem
501 3703 571 3766 pro
594 3704 646 3760 eu,
664 3704 745 3767 quae
770 3682 1352 3768 hereditatemconsequitnr3

203 3794 306 3851 sextus
331 3787 466 3867 psalmus
490 3787 549 3852 hoc
572 3786 658 3852 titulo
682 3794 885 3872 praenotstur:
909 3787 947 3851 in
971 3787 987 3851 s
992 3788 1096 3851 inem
1122 3787 1161 3851 in
1187 3787 1353 3873 hymnis

202 3911 270 3971 pro
305 3898 454 3969 octauo,
490 3891 672 3972 psalmus
707 3891 845 3967 Dauid,
881 3892 932 3975 qui
968 3897 999 3956 et
1033 3890 1098 3971 ipse
1135 3893 1195 3956 snb
1234 3894 1354 3960 ulleluie

246 4079 347 4135 ddffm
400 4081 529 4136 hortatur
546 4085 643 4151 orididi,
662 4084 697 4152 cs.
713 4081 818 4154 p.277‚
837 4083 872 4135 11
925 4082 993 4136 9ed
1013 4084 1104 4135 addidi
1161 4086 1195 4138 ls
1216 4087 1357 4172 diabolicg

204 4187 235 4239 15
254 4190 291 4254 qd
348 4190 379 4240 1ss
398 4187 486 4254 possit
539 4193 608 4241 snut
663 4190 730 4240 lsu
755 4187 850 4256 perdit
906 4190 936 4241 19
954 4186 1086 4240 molliscit
1142 4190 1175 4243 31
1199 4191 1231 4243 in
1258 4191 1355 4260 ymnis.
