2790 4844
173 230 234 296 200
509 233 626 286 sancti
654 232 788 285 Hilarii
813 232 975 301 episcopi

174 423 248 487 dux
271 423 316 487 de
348 422 570 488 femoribus
604 424 701 500 eiua,
737 425 867 488 donec·
901 423 1040 486 ueniat
1074 441 1218 500 semen,
1252 425 1317 486 cui

175 529 401 608 repositum
426 536 495 605 est,
520 535 557 592 et
579 529 710 608 ipsum
734 533 795 593 est
817 527 1051 607 expectatio
1074 527 1265 609 gentium.

220 649 268 713 11.
294 649 333 714 m
357 630 511 733 quianon
537 649 636 715 solum
668 671 705 713 rix
729 648 786 712 hac
817 649 1014 732 generatione
1049 653 1234 724 sanctnmm,
1259 649 1318 713 sed

175 754 266 819 etiam
290 774 326 819 er
347 761 542 833 peccatorum
559 754 678 835 origine
694 753 765 817 huic
781 752 830 817 dei
847 763 951 818 sancto
967 752 1069 817 carnis
1084 762 1166 817 esset
1180 752 1319 816 ineunda

137 881 148 916 a
176 859 337 938 susceptio,
361 858 433 941 quia
456 858 487 921 in
511 857 711 922 similitudine
734 857 836 922 carnis
859 857 978 937 peccati
997 857 1073 921 deus
1103 855 1202 920 filium
1225 876 1317 921 suum

176 961 267 1035 misit,
292 962 407 1028 idcirco
431 961 521 1026 etiam
547 961 641 1027 Moab
666 960 725 1026 olla
748 963 815 1045 spei
838 963 902 1026 eius
926 967 980 1025 est.
1026 966 1057 1025 et
1087 959 1154 1025 brec
1187 961 1319 1043 quidem

173 1065 268 1129 Moab
291 1065 450 1150 generatio
483 1067 652 1130 secundum
676 1085 754 1143 eam,
789 1085 858 1148 quae
881 1066 911 1128 in
937 1064 1050 1130 Genesi
1084 1066 1238 1130 sententia
1261 1072 1319 1144 est,

176 1170 287 1234 diuinae
325 1169 548 1234 maledictionis
587 1171 721 1250 suscepit
759 1169 968 1250 opprobrium.
1013 1169 1069 1233 sed
1104 1176 1172 1247 post
1206 1169 1318 1233 decem

175 1274 391 1358 generationes
413 1294 469 1354 per
492 1275 607 1358 gradus
631 1274 836 1338 successionis
870 1279 976 1338 sancto
1010 1274 1105 1356 digna
1128 1273 1163 1335 fit
1185 1292 1319 1350 genere:

121 1401 144 1434 ιο
174 1384 360 1461 sanctusque
383 1377 435 1443 bic
458 1398 492 1444 er
519 1377 594 1442 Iuda
617 1385 707 1442 etex
730 1376 825 1441 Moab
848 1379 1000 1462 originem
1029 1397 1165 1454 sumens,
1190 1379 1320 1443 decocta

175 1495 335 1565 tamquam
358 1502 414 1562 per
437 1481 530 1547 ollam
550 1484 651 1546 carnis
668 1483 825 1560 cruditate,
847 1483 879 1546 in
896 1483 1030 1566 speciem
1047 1482 1106 1546 cibi
1123 1481 1321 1565 significatur

173 1586 288 1664 aterni,
311 1606 383 1651 cum
407 1606 478 1650 caro
502 1588 566 1651 eius
589 1606 663 1651 uere
678 1586 763 1651 cibus
778 1587 851 1651 uitae
866 1586 914 1650 sit.
960 1592 1053 1650 estet
1069 1584 1128 1650 olla
1144 1587 1318 1651 secundum

175 1688 368 1755 Hieremiam
390 1709 483 1754 urens
506 1697 631 1771 peccata
653 1698 745 1773 atque
769 1689 894 1767 tollens;
918 1691 1006 1754 sicuti
1031 1700 1060 1754 et
1082 1690 1225 1754 dominus
1251 1691 1320 1770 ipse

174 1794 296 1858 mittere
319 1795 426 1878 ignem
448 1795 534 1858 uenit
556 1815 649 1874 super
672 1802 784 1859 terram
806 1801 836 1860 et
852 1793 938 1858 multi
956 1793 1126 1858 secundum
1142 1793 1320 1875 apostolum

122 1920 145 1955 u
173 1903 372 1981 tamquam
396 1919 463 1979 per
485 1900 613 1982 ignem
631 1899 871 1977 eruntsalui,
887 1898 1320 1978 cunrdelaecatisetperustis

172 2002 263 2078 uitiis,
287 2010 322 2066 ut
344 2011 507 2087 argentum
538 2006 678 2088 ignitum,
702 2003 877 2083 probabiles
907 2005 1089 2068 iudicentur.
1135 2002 1208 2067 bine
1240 2023 1319 2087 ergo

172 2103 265 2171 Moab
290 2108 355 2186 spei
378 2127 442 2171 sure
466 2107 526 2172 olla
549 2115 604 2174 est.
629 2110 676 2172 cui
700 2109 793 2172 etiam
811 2128 848 2172 er
863 2107 966 2175 Moab.
990 2108 1085 2172 cruda
1099 2106 1206 2190 utique
1223 2115 1320 2190 atquc

171 2211 288 2283 uitiosa,
320 2212 381 2275 iam
416 2211 546 2277 caelestis
580 2211 632 2276 illa
655 2213 692 2276 ad
717 2213 820 2305 cibum
842 2213 913 2275 uite
937 2212 1136 2276 sanctificatio
1158 2212 1262 2275 caricis
1286 2213 1318 2275 in

171 2334 226 2394 spe
250 2323 305 2379 est.

121 2438 146 2509 ¹²?
219 2419 267 2483 12.
291 2418 369 2500 Quin
405 2420 498 2484 etism
536 2440 634 2503 usque
672 2422 702 2483 in
744 2409 913 2484 ldumaeam
951 2420 1184 2484 calciamentum
1224 2439 1319 2484 suum

173 2532 370 2590 extensurum
395 2543 463 2589 esse
487 2545 520 2589 se
544 2526 627 2599 dicit,
662 2525 779 2589 scilicet
802 2544 898 2607 usque
921 2525 961 2588 ad
985 2523 1190 2589 defectionem
1215 2522 1319 2589 Esau:

172 2629 243 2712 quia
275 2627 419 2703 Idumaea,
454 2648 523 2711 quae
557 2629 639 2692 sedis
674 2637 721 2692 est
753 2627 841 2692 llsiiu.
877 2629 1104 2707 praedicationis
1139 2627 1319 2707 apostolica

218 2788 280 2841 151
301 2779 361 2840 Gor.
381 2789 405 2853 3,
426 2789 465 2839 15.

217 2928 230 2978 l
250 2941 343 2978 semen
369 2925 441 2992 ch.
462 2927 579 2978 Sabatia·
598 2924 688 2986 1126·
707 2928 776 2986 adra,
796 2944 843 2977 orn
863 2924 967 2977 rtr’rr:
1017 2927 1035 2977 2
1053 2924 1205 2991 repositum
1224 2928 1268 2978 est
1288 2944 1319 2978 er

174 3012 324 3080 repositum
338 3010 401 3064 aa?
415 3012 440 3064 V
490 3012 580 3080 ipsum
598 3013 687 3079 Vipse
707 3012 811 3064 ltP'I'E
861 3013 924 3065 aar
943 3029 1026 3079 quam
1044 3011 1174 3064 solumV
1224 3013 1318 3064 lori·

1116 3101 1126 3136 s

172 3149 237 3216 gine
255 3169 285 3202 es
303 3150 438 3218 originem
458 3151 510 3202 ΚΡ
561 3155 638 3204 6est
656 3150 744 3202 onaV
793 3150 968 3204 &diuinaP
1019 3150 1142 3231 suscepti
1158 3167 1225 3203 corr.
1244 3169 1316 3204 mon.

173 3272 221 3307 rec.
246 3254 272 3306 R
325 3254 504 3322 obprobrium
532 3255 557 3306 R
583 3251 719 3322 opprobifi
742 3254 768 3308 V
816 3254 1044 3322 9generati0nes
1072 3273 1102 3307 ez
1124 3254 1317 3323 generationis

173 3360 204 3392 m.
223 3339 282 3392 211
331 3348 393 3408 post-
411 3341 513 3409 gradus
534 3341 583 3393 PT
634 3339 816 3409 susceptionis
835 3341 861 3393 R
913 3340 998 3410 digna
1016 3336 1047 3395 fit
1065 3341 1252 3409 generationis
1264 3358 1318 3410 per

172 3429 274 3496 gradus
293 3426 473 3481 successionis
492 3427 577 3495 digna
595 3426 627 3480 fit
639 3443 741 3496 genera
757 3427 832 3485 Vloc
850 3443 947 3496 qaoque
964 3429 1018 3481 loco
1037 3429 1210 3496 dittopropdiu
1228 3427 1317 3491 desor-

172 3526 256 3567 matos
311 3517 343 3568 10
361 3519 472 3568 sanctus
491 3514 584 3582 itaque
596 3513 641 3567 bic
656 3515 680 3565 Τ
691 3520 842 3582 sanctoque
853 3513 900 3567 bio
914 3514 940 3566 V
990 3519 1017 3567 et
1029 3514 1110 3568 moab
1123 3514 1164 3574 T,
1200 3516 1230 3568 ll
1252 3531 1317 3568 cru·

173 3601 289 3655 ditatam
313 3602 337 3656 V
389 3603 421 3654 12
439 3607 467 3654 et
493 3620 565 3672 supr.
592 3620 641 3655 scr.
669 3620 701 3654 m.
730 3600 750 3654 2
775 3601 798 3653 V
850 3603 882 3654 13
900 3600 1042 3654 ieremiam
1067 3603 1089 3652 la.
1108 3603 1124 3652 Ι.
1149 3600 1175 3654 V
1224 3601 1318 3670 adque

173 3687 217 3749 (ea
243 3689 349 3756 adquae
373 3689 408 3754 V)
441 3687 525 3742 VRP¹
580 3687 762 3742 redoleatis
786 3689 983 3756 Tdepeocatis
1006 3688 1031 3741 V
1081 3692 1110 3742 et
1136 3687 1257 3756 perustis
1286 3693 1318 3742 ut

172 3782 318 3844 argentum
343 3775 368 3827 V
419 3777 450 3828 17
469 3775 558 3843 adque
583 3775 630 3828 VR
683 3778 716 3831 18
734 3773 798 3830 oib'u
817 3794 847 3829 ea
865 3774 952 3830 uerbis
977 3795 1009 3827 m.
1032 3775 1089 3828 IR
1140 3779 1184 3829 est
1208 3775 1318 3830 santifi-

173 3861 245 3915 catio
264 3862 355 3915 carnis
372 3861 402 3916 in
420 3878 469 3929 spe
487 3869 529 3916 ast
548 3862 591 3927 (in
609 3865 669 3915 odd.
689 3881 721 3916 m.
742 3861 774 3928 2)
799 3863 825 3914 V
874 3865 909 3915 20
927 3862 1066 3916 idumeam
1093 3880 1123 3915 a
1148 3861 1265 3917 idaeum
1283 3882 1318 3915 m.

174 3948 233 4001 2V
281 3951 312 4002 21
334 3951 435 4002 seodd.
449 3948 554 4003 MV
603 3951 638 4002 ‘22
657 3966 726 4016 quae
746 3949 818 4003 sedis
836 3954 879 4003 est
890 3950 971 4015 Esau,
989 3948 1204 4017 praedicationis
1221 3952 1319 4020 scripsi

173 4087 246 4141 sedis
265 4093 307 4140 est
324 4104 388 4140 esau
407 4088 620 4156 praedicationis
639 4088 664 4138 R
682 4048 793 4178 ouae⁵au
812 4088 884 4141 sedis
910 4092 952 4141 cst
970 4088 1184 4155 praedicationis
1209 4089 1235 4141 V
1250 4107 1317 4143 caan

172 4208 249 4261 sedes
267 4216 309 4263 est
327 4209 539 4277 praedicationis
559 4211 583 4261 T
600 4226 666 4263 esau
685 4209 762 4263 sedes
781 4214 823 4262 est
841 4214 867 4261 et
887 4208 1071 4277 praecationis
1089 4209 1120 4263 P.
