2790 4844
145 242 209 308 800
487 239 604 295 sancti
629 240 765 294 Hilarii
788 240 953 309 episcopi

146 440 238 509 esset,
261 433 393 497 oratio
417 438 536 496 tanturn
559 431 670 512 psalmi
695 430 781 496 titulo
804 431 912 497 fuisset
935 431 1105 512 inscripta.
1155 434 1213 497 sed
1234 433 1290 516 quir

145 537 184 599 ad
209 536 356 601 orationis
380 529 590 619 cognitionem
612 535 742 616 spiritali
773 534 987 619 intellegentia
1020 555 1104 616 opus
1136 544 1229 612 esset,
1256 537 1292 600 11-

146 640 228 704 ciroo
251 638 497 705 intellectus
521 639 663 718 oratio,
687 641 760 723 quia
775 640 817 703 sit
833 638 1057 723 intellegenda,
1084 641 1291 720 praescribitm.

147 744 263 809 seimus
299 733 380 807 enim
415 761 483 809 esse
514 751 544 809 et
566 741 651 807 illum
679 742 788 817 Dauid,
822 743 908 807 cuius
932 743 1187 817 tabernaculum,
1220 742 1290 826 quod
1330 766 1332 791 ι

109 876 121 913 r
148 848 311 924 ceciderat,
336 849 501 912 cxcitatum
530 855 585 916 est.
621 850 744 921 iustum,
770 851 929 918 orientem.
964 855 1173 932 regnantem.
1204 849 1292 912 idest

148 951 307 1018 dominum
333 961 479 1027 nostrum,
503 952 553 1017 dei
576 951 682 1028 filium,
709 953 761 1037 qui
776 954 955 1036 frequenter
970 951 1099 1036 sugerit,
1126 952 1291 1034 frequenter

147 1053 277 1131 latuerit,
302 1055 480 1139 frequenter
504 1056 643 1129 01616111,
667 1058 696 1120 11
722 1057 789 1137 ipso
819 1075 941 1140 quoque
976 1060 1126 1135 tempore
1151 1054 1292 1136 passionis

149 1166 179 1223 et
212 1159 333 1224 fleuorit
366 1166 396 1224 61
429 1162 467 1224 ad
504 1160 595 1224 deum
630 1161 662 1224 iu
700 1160 894 1225 tribulatione
932 1156 1130 1235 elumauerit
1167 1181 1226 1225 nou
1258 1159 1290 1222 ob

149 1263 320 1328 naturalem
344 1263 431 1346 quasi
454 1264 607 1344 passionis
630 1269 757 1343 metum,
781 1265 837 1330 sed
860 1264 1015 1328 adlectum
1035 1262 1187 1340 hominis,
1210 1282 1290 1345 quern

98 1399 123 1436 ιο
150 1367 284 1452 gerebat,
308 1368 491 1433 ostendens:
526 1374 559 1432 ut
593 1388 647 1449 per
681 1369 761 1434 hauc
796 1369 966 1433 orationem
989 1373 1023 1432 et
1046 1367 1134 1432 filius
1170 1369 1227 1441 dei,
1258 1367 1289 1429 al

117 1498 120 1503 ¹
151 1491 242 1555 quem
278 1478 388 1544 oraret,
424 1479 455 1535 et
488 1472 555 1552 ipse
589 1493 650 1536 nou
681 1472 844 1537 simulatus
867 1471 971 1546 homo,
996 1472 1053 1536 sed
1077 1491 1175 1535 uerus
1198 1480 1291 1554 posset

149 1574 297 1659 intellegi.
351 1574 414 1639 eius
452 1577 556 1658 itaque
595 1597 664 1641 esse
703 1576 770 1641 haeo
807 1575 997 1660 intellegitur
1036 1576 1148 1640 oratio.
1201 1573 1291 1639 Dauid

151 1680 277 1763 quidem
300 1680 331 1742 iu
356 1679 502 1759 spelunca
525 1680 665 1763 loquitur,
694 1682 749 1745 sed
775 1680 936 1761 prophetet
959 1681 989 1743 in
1016 1677 1155 1743 Christe.
1201 1675 1291 1742 Dauid

150 1783 238 1867 fugit,
262 1784 318 1847 aed
342 1783 448 1866 fugam
485 1784 603 1848 domiui
637 1784 683 1849 aui
719 1805 780 1848 uon
816 1794 876 1848 tum
911 1805 968 1865 per
996 1784 1096 1848 uerba
1129 1803 1222 1866 quum
1244 1800 1292 1862 per

99 1917 124 1956 rr
152 1887 257 1971 iugem
281 1886 456 1966 prophetet.
502 1887 600 1952 Dauid
624 1888 732 1968 spiritu
756 1889 880 1965 defecit,
915 1887 970 1952 aed
994 1893 1027 1952 et
1050 1888 1182 1951 domino
1205 1884 1292 1951 tristis

151 1997 200 2057 est
223 1991 326 2055 anime
359 1993 517 2074 usquead
542 1998 682 2057 mortem.
729 1992 829 2057 Dauid
861 1992 988 2057 semitas
1020 1993 1099 2056 deus
1131 1989 1290 2075 cognoscit

152 2098 207 2161 aed
232 2102 263 2160 et
284 2095 378 2159 filium
403 2116 495 2160 nemo
519 2097 604 2161 nouit
627 2097 685 2161 uisi
708 2103 805 2177 peter.
853 2096 952 2160 Dauid
982 2097 1014 2160 iu
1046 2095 1121 2159 fidei
1158 2115 1219 2160 suae
1241 2092 1290 2157 uiis

150 2199 254 2284 laquei
277 2200 419 2264 absconsi
443 2206 522 2276 suut,
546 2201 669 2264 domino
692 2221 816 2284 quoque
832 2202 863 2266 iu
880 2201 1111 2280 predicationis
1128 2219 1192 2265 sua
1209 2216 1289 2262 01111

152 2304 266 2388 ubique
289 2310 438 2384 parantur
460 2303 590 2368 insidiae.
635 2303 687 2368 hio
720 2305 751 2368 iu
788 2303 934 2384 spelunca
968 2310 1045 2382 orat
1079 2303 1133 2369 1116
1168 2310 1234 2367 0111
1261 2300 1287 2362 11

100 2431 127 2470 ao
154 2429 289 2488 corpore.
342 2429 450 2472 seruus
484 2408 644 2472 domiuum
680 2408 845 2488 prophetet
882 2406 1053 2482 Christum,
1099 2407 1202 2471 Dauid
1237 2404 1286 2467 iste

152 2512 238 2576 illurn
253 2512 354 2576 Dauid
378 2512 515 2575 omnium
539 2512 718 2595 passionum
742 2512 906 2592 prophetat
921 2511 1074 2591 exemplu.
1122 2518 1213 2594 atquc
1227 2508 1282 2571 11160

153 2616 221 2681 haee
243 2636 304 2680 nou
329 2624 393 2680 tem
417 2616 518 2680 Dauid
542 2617 579 2680 de
603 2637 636 2681 se
660 2617 735 2696 ipsc,
766 2636 860 2699 quarn
891 2615 931 2679 de
962 2615 1087 2680 domiuo
1118 2635 1175 2695 per
1196 2608 1280 2677 Dauid

155 2721 237 2786 dicta
258 2719 455 2804 intellegetur
478 2720 581 2784 oratio.

200 2843 227 2906 2.
251 2842 354 2907 Voce
384 2862 469 2906 mee
498 2843 545 2906 ad
576 2842 777 2907 dominum
810 2841 992 2919 clamaui,
1014 2861 1114 2906 uoce
1144 2834 1274 2905 meeal

102 2946 357 3015 adominum
390 2948 635 3025 deprecatus
663 2966 756 3010 sum.
803 2945 975 3011 effundo
1005 2945 1045 3008 in
1076 2946 1271 3023 conspectu
1327 2970 1332 2981 ·

157 3050 243 3114 eius
266 3051 493 3115 orationem
516 3070 642 3115 meam
665 3048 1041 3115 cttribulatiouem
1065 3050 1268 3114 meamaute

154 3155 284 3234 ipsum
318 3155 545 3235 pronuntio.
590 3154 629 3218 in
664 3154 903 3219 deficiendo
937 3174 983 3218 611
1016 3173 1075 3218 me
1106 3151 1265 3233 spirituo
1325 3192 1331 3198 ·

155 3278 290 3323 meum.
336 3259 461 3343 egregie
485 3259 658 3324 uerborum*
676 3259 751 3324 ordo
775 3258 942 3339 dispositus
965 3264 1020 3323 est
1066 3256 1193 3338 primum
1212 3264 1264 3314 uoce

156 3363 321 3440 clamatum
357 3363 458 3427 omnis
491 3363 574 3427 enim
608 3362 708 3427 fidelis
741 3361 800 3427 1111
835 3362 927 3427 etiam
959 3361 1053 3425 tacita
1087 3368 1119 3426 61
1149 3347 1263 3439 spinulis
1321 3378 1332 3385 ·

103 3497 128 3534 eo
155 3468 324 3547 expectatio
347 3468 405 3531 deo
428 3465 545 3531 clamor
568 3472 623 3531 est.
667 3465 779 3530 deinde
799 3483 875 3530 uoce
891 3469 1006 3542 uratur,
1028 3463 1061 3528 id
1085 3470 1131 3529 est
1152 3448 1261 3526 desiderii

155 3577 185 3636 61
207 3569 280 3634 fidoi
303 3571 407 3650 petitio
437 3570 541 3635 uerbis
564 3569 650 3634 10616
680 3567 805 3634 effertur
838 3569 1008 3634 secuudum
1042 3566 1117 3632 illud
1150 3553 1261 3645 apostol:

156 3674 328 3755 psallam
359 3675 517 3754 spiritu,
548 3672 720 3754 psallam
751 3679 790 3738 61
811 3691 916 3738 1006.
962 3671 1053 3736 tertio
1076 3671 1109 3735 in
1130 3664 1262 3746 consputi]

199 3817 233 3869 32
252 3816 264 3868 I
284 3815 345 3868 Cor.
367 3818 405 3882 14,
426 3816 468 3868 15.

198 3948 313 4001 41111111
338 3946 421 4000 dauid
446 3964 475 3999 ex
504 3945 584 3997 illum
612 3943 714 3997 ddeuid
733 3961 765 3996 m.
786 3944 802 3995 1
821 3943 847 3996 R
899 3940 970 3996 aad
987 3939 1056 3993 dnm
1076 3941 1103 3994 R
1156 3942 1185 3992 ll
1202 3929 1270 4006 poscet

157 4035 196 4095 (61
214 4053 243 4086 ex
261 4053 326 4087 corr.
346 4032 372 4099 1)
392 4034 418 4086 R
470 4035 504 4086 20
521 4030 657 4099 propheta
675 4031 701 4083 R
770 4029 819 4082 illc
846 4029 926 4082 illurn
944 4028 989 4080 Ra
1043 4029 1079 4081 23
1107 4027 1181 4081 dicto
1205 4013 1273 4078 crull

156 4121 324 4188 intelligitur
343 4122 371 4172 E
421 4122 455 4172 26
473 4124 501 4172 61
519 4117 726 4171 tribulationem
744 4133 835 4169 meam
854 4143 886 4152 -
905 4115 1055 4183 pronuntio
1075 4132 1125 4168 oua
1144 4115 1177 4182 R,
1201 4111 1240 4166 sed
1252 4104 1277 4169 ll·

156 4207 219 4271 infr.
234 4227 262 4277 p.
281 4207 380 4272 81118
433 4209 466 4260 28
485 4205 612 4274 egregiae
632 4205 657 4256 R
710 4206 742 4256 31
762 4201 929 4256 saecundum
947 4201 981 4254 R.
