<?xml version="1.0" encoding="UTF-8"?>
<!DOCTYPE html PUBLIC "-//W3C//DTD XHTML 1.0 Transitional//EN"
    "http://www.w3.org/TR/xhtml1/DTD/xhtml1-transitional.dtd">
<html xmlns="http://www.w3.org/1999/xhtml" xml:lang="en" lang="en">
 <head>
  <title>
</title>
<meta http-equiv="Content-Type" content="text/html;charset=utf-8" />
  <meta name='ocr-system' content='tesseract 3.04.00' />
  <meta name='ocr-capabilities' content='ocr_page ocr_carea ocr_par ocr_line ocrx_word'/>
</head>
<body>
  <div class='ocr_page' id='page_1' title='image "./shilariiepiscop00hilagoog_0616.png"; bbox 0 0 2790 4844; ppageno 0'>
   <div class='ocr_carea' id='block_1_1' title="bbox 352 249 1203 318">
    <p class='ocr_par' dir='ltr' id='par_1_1' title="bbox 352 249 1203 318">
     <span class='ocr_line' id='line_1_1' title="bbox 352 249 1203 318; baseline 0.008 -16"><span class='ocrx_word' id='word_1_1' title='bbox 352 254 533 303; x_wconf 85' lang='lat' dir='ltr'>tractatus</span> <span class='ocrx_word' id='word_1_2' title='bbox 552 249 587 302; x_wconf 93' lang='lat' dir='ltr'>in</span> <span class='ocrx_word' id='word_1_3' title='bbox 605 250 779 318; x_wconf 85' lang='lat' dir='ltr'>psalmum</span> <span class='ocrx_word' id='word_1_4' title='bbox 799 250 905 304; x_wconf 84' lang='lat' dir='ltr'>CXXII.</span> <span class='ocrx_word' id='word_1_5' title='bbox 1139 249 1203 315; x_wconf 85' lang='lat'>585</span> 
     </span>
    </p>
   </div>
   <div class='ocr_carea' id='block_1_2' title="bbox 50 439 1280 3123">
    <p class='ocr_par' dir='ltr' id='par_1_2' title="bbox 54 439 1256 1042">
     <span class='ocr_line' id='line_1_2' title="bbox 54 439 1204 521; baseline 0.003 -20"><span class='ocrx_word' id='word_1_6' title='bbox 54 439 139 502; x_wconf 85' lang='lat' dir='ltr'>euim</span> <span class='ocrx_word' id='word_1_7' title='bbox 163 458 242 502; x_wconf 91' lang='lat' dir='ltr'>unus</span> <span class='ocrx_word' id='word_1_8' title='bbox 266 445 394 521; x_wconf 89' lang='lat' dir='ltr'>uterque</span> <span class='ocrx_word' id='word_1_9' title='bbox 418 446 479 504; x_wconf 89' lang='lat' dir='ltr'>est:</span> <span class='ocrx_word' id='word_1_10' title='bbox 503 458 563 502; x_wconf 89' lang='lat' dir='ltr'>non</span> <span class='ocrx_word' id='word_1_11' title='bbox 588 440 671 521; x_wconf 91' lang='lat' dir='ltr'>quod</span> <span class='ocrx_word' id='word_1_12' title='bbox 695 459 772 504; x_wconf 92' lang='lat' dir='ltr'>unus</span> <span class='ocrx_word' id='word_1_13' title='bbox 796 440 913 505; x_wconf 89' lang='lat' dir='ltr'>diuisus</span> <span class='ocrx_word' id='word_1_14' title='bbox 936 441 968 504; x_wconf 93' lang='lat' dir='ltr'>in</span> <span class='ocrx_word' id='word_1_15' title='bbox 992 440 1051 505; x_wconf 93' lang='lat' dir='ltr'>duo</span> <span class='ocrx_word' id='word_1_16' title='bbox 1074 441 1121 516; x_wconf 87' lang='lat' dir='ltr'>sit,</span> <span class='ocrx_word' id='word_1_17' title='bbox 1153 447 1204 504; x_wconf 90' lang='lat' dir='ltr'>aut</span> 
     </span>
     <span class='ocr_line' id='line_1_3' title="bbox 54 541 1204 624; baseline 0.002 -19"><span class='ocrx_word' id='word_1_18' title='bbox 54 548 187 624; x_wconf 87' lang='lat' dir='ltr'>uterquc</span> <span class='ocrx_word' id='word_1_19' title='bbox 210 541 277 622; x_wconf 91' lang='lat' dir='ltr'>ipse</span> <span class='ocrx_word' id='word_1_20' title='bbox 300 541 348 617; x_wconf 91' lang='lat' dir='ltr'>sit,</span> <span class='ocrx_word' id='word_1_21' title='bbox 378 548 413 606; x_wconf 93' lang='lat' dir='ltr'>ut</span> <span class='ocrx_word' id='word_1_22' title='bbox 435 543 621 622; x_wconf 79' lang='lat' dir='ltr'>nuncupatio</span> <span class='ocrx_word' id='word_1_23' title='bbox 653 541 718 607; x_wconf 84' lang='lat' dir='ltr'>sola</span> <span class='ocrx_word' id='word_1_24' title='bbox 748 543 855 608; x_wconf 85' lang='lat' dir='ltr'>fecerit</span> <span class='ocrx_word' id='word_1_25' title='bbox 885 550 1006 624; x_wconf 90' lang='lat' dir='ltr'>patrem</span> <span class='ocrx_word' id='word_1_26' title='bbox 1037 552 1068 608; x_wconf 87' lang='lat' dir='ltr'>et</span> <span class='ocrx_word' id='word_1_27' title='bbox 1096 542 1204 622; x_wconf 89' lang='lat' dir='ltr'>filium,</span> 
     </span>
     <span class='ocr_line' id='line_1_4' title="bbox 55 646 1204 731; baseline 0.002 -22"><span class='ocrx_word' id='word_1_28' title='bbox 55 665 120 710; x_wconf 90' lang='lat' dir='ltr'>uon</span> <span class='ocrx_word' id='word_1_29' title='bbox 144 652 252 710; x_wconf 89' lang='lat' dir='ltr'>natura</span> <span class='ocrx_word' id='word_1_30' title='bbox 276 646 436 729; x_wconf 77' lang='lat' dir='ltr'>gignendi,</span> <span class='ocrx_word' id='word_1_31' title='bbox 460 648 515 712; x_wconf 88' lang='lat' dir='ltr'>sed</span> <span class='ocrx_word' id='word_1_32' title='bbox 546 647 659 712; x_wconf 88' lang='lat' dir='ltr'>idcirco</span> <span class='ocrx_word' id='word_1_33' title='bbox 691 648 767 711; x_wconf 90' lang='lat' dir='ltr'>deus</span> <span class='ocrx_word' id='word_1_34' title='bbox 797 667 887 725; x_wconf 88' lang='lat' dir='ltr'>unus,</span> <span class='ocrx_word' id='word_1_35' title='bbox 922 648 996 730; x_wconf 89' lang='lat' dir='ltr'>quia</span> <span class='ocrx_word' id='word_1_36' title='bbox 1018 667 1119 731; x_wconf 88' lang='lat' dir='ltr'>neque</span> <span class='ocrx_word' id='word_1_37' title='bbox 1144 649 1204 712; x_wconf 92' lang='lat' dir='ltr'>duo</span> 
     </span>
     <span class='ocr_line' id='line_1_5' title="bbox 55 749 1203 834; baseline 0.002 -21"><span class='ocrx_word' id='word_1_38' title='bbox 55 749 265 827; x_wconf 77' lang='lat' dir='ltr'>innascibiles,</span> <span class='ocrx_word' id='word_1_39' title='bbox 300 770 402 834; x_wconf 89' lang='lat' dir='ltr'>neque</span> <span class='ocrx_word' id='word_1_40' title='bbox 435 751 586 834; x_wconf 87' lang='lat' dir='ltr'>unigeniti</span> <span class='ocrx_word' id='word_1_41' title='bbox 618 752 685 825; x_wconf 82' lang='lat' dir='ltr'>duo,</span> <span class='ocrx_word' id='word_1_42' title='bbox 722 752 774 816; x_wconf 88' lang='lat' dir='ltr'>sed</span> <span class='ocrx_word' id='word_1_43' title='bbox 806 771 886 816; x_wconf 90' lang='lat' dir='ltr'>unus</span> <span class='ocrx_word' id='word_1_44' title='bbox 916 771 953 815; x_wconf 81' lang='lat' dir='ltr'>cx</span> <span class='ocrx_word' id='word_1_45' title='bbox 975 771 1035 815; x_wconf 91' lang='lat' dir='ltr'>uno</span> <span class='ocrx_word' id='word_1_46' title='bbox 1059 759 1090 816; x_wconf 87' lang='lat' dir='ltr'>et</span> <span class='ocrx_word' id='word_1_47' title='bbox 1113 752 1203 815; x_wconf 90' lang='lat' dir='ltr'>ambo</span> 
     </span>
     <span class='ocr_line' id='line_1_6' title="bbox 56 853 1256 932; baseline 0.003 -15"><span class='ocrx_word' id='word_1_48' title='bbox 56 874 163 932; x_wconf 88' lang='lat' dir='ltr'>unum,</span> <span class='ocrx_word' id='word_1_49' title='bbox 196 874 257 918; x_wconf 92' lang='lat' dir='ltr'>non</span> <span class='ocrx_word' id='word_1_50' title='bbox 292 854 435 919; x_wconf 87' lang='lat' dir='ltr'>dissimili</span> <span class='ocrx_word' id='word_1_51' title='bbox 470 855 587 920; x_wconf 84' lang='lat' dir='ltr'>scilicet</span> <span class='ocrx_word' id='word_1_52' title='bbox 625 862 680 919; x_wconf 89' lang='lat' dir='ltr'>aut</span> <span class='ocrx_word' id='word_1_53' title='bbox 716 853 876 920; x_wconf 82' lang='lat' dir='ltr'>differente</span> <span class='ocrx_word' id='word_1_54' title='bbox 910 876 927 919; x_wconf 88' lang='lat' dir='ltr'>a</span> <span class='ocrx_word' id='word_1_55' title='bbox 962 876 996 920; x_wconf 87' lang='lat' dir='ltr'>se</span> <span class='ocrx_word' id='word_1_56' title='bbox 1031 856 1204 921; x_wconf 86' lang='lat' dir='ltr'>substantia</span> <span class='ocrx_word' id='word_1_57' title='bbox 1244 885 1256 920; x_wconf 78' lang='lat' dir='ltr'>e</span> 
     </span>
     <span class='ocr_line' id='line_1_7' title="bbox 56 957 442 1042; baseline 0.003 -22"><span class='ocrx_word' id='word_1_58' title='bbox 56 957 227 1023; x_wconf 87' lang='lat' dir='ltr'>diuinitatis</span> <span class='ocrx_word' id='word_1_59' title='bbox 250 957 280 1022; x_wconf 92' lang='lat' dir='ltr'>in</span> <span class='ocrx_word' id='word_1_60' title='bbox 305 965 442 1042; x_wconf 86' lang='lat' dir='ltr'>utroque.</span> 
     </span>
    </p>

    <p class='ocr_par' dir='ltr' id='par_1_3' title="bbox 50 1061 1280 3123">
     <span class='ocr_line' id='line_1_8' title="bbox 102 1061 1203 1145; baseline 0.003 -19"><span class='ocrx_word' id='word_1_61' title='bbox 102 1061 131 1126; x_wconf 90' lang='lat'>8.</span> <span class='ocrx_word' id='word_1_62' title='bbox 155 1061 300 1145; x_wconf 80' lang='lat' dir='ltr'>Sequitur</span> <span class='ocrx_word' id='word_1_63' title='bbox 324 1062 451 1127; x_wconf 86' lang='lat' dir='ltr'>deinde:</span> <span class='ocrx_word' id='word_1_64' title='bbox 476 1071 513 1128; x_wconf 90' lang='lat' dir='ltr'>et</span> <span class='ocrx_word' id='word_1_65' title='bbox 537 1063 644 1128; x_wconf 88' lang='lat' dir='ltr'>sicut</span> <span class='ocrx_word' id='word_1_66' title='bbox 666 1063 773 1128; x_wconf 86' lang='lat' dir='ltr'>oculi</span> <span class='ocrx_word' id='word_1_67' title='bbox 797 1063 961 1129; x_wconf 78' lang='lat' dir='ltr'>ancillae</span> <span class='ocrx_word' id='word_1_68' title='bbox 991 1064 1029 1128; x_wconf 91' lang='lat' dir='ltr'>iu</span> <span class='ocrx_word' id='word_1_69' title='bbox 1064 1084 1203 1129; x_wconf 88' lang='lat' dir='ltr'>manus</span> 
     </span>
     <span class='ocr_line' id='line_1_9' title="bbox 56 1166 1204 1248; baseline 0.002 -19"><span class='ocrx_word' id='word_1_70' title='bbox 56 1166 227 1231; x_wconf 84' lang='lat' dir='ltr'>dominae</span> <span class='ocrx_word' id='word_1_71' title='bbox 252 1187 340 1231; x_wconf 79' lang='lat' dir='ltr'>suaa</span> <span class='ocrx_word' id='word_1_72' title='bbox 386 1167 482 1231; x_wconf 87' lang='lat' dir='ltr'>tenuit</span> <span class='ocrx_word' id='word_1_73' title='bbox 504 1187 577 1232; x_wconf 87' lang='lat' dir='ltr'>uero</span> <span class='ocrx_word' id='word_1_74' title='bbox 601 1169 736 1233; x_wconf 86' lang='lat' dir='ltr'>eundem</span> <span class='ocrx_word' id='word_1_75' title='bbox 758 1167 908 1248; x_wconf 88' lang='lat' dir='ltr'>propbeta</span> <span class='ocrx_word' id='word_1_76' title='bbox 931 1168 1080 1234; x_wconf 87' lang='lat' dir='ltr'>ordinem.</span> <span class='ocrx_word' id='word_1_77' title='bbox 1112 1176 1144 1233; x_wconf 89' lang='lat' dir='ltr'>ot</span> <span class='ocrx_word' id='word_1_78' title='bbox 1172 1168 1204 1231; x_wconf 91' lang='lat' dir='ltr'>in</span> 
     </span>
     <span class='ocr_line' id='line_1_10' title="bbox 56 1270 1204 1355; baseline 0.002 -20"><span class='ocrx_word' id='word_1_79' title='bbox 56 1271 287 1351; x_wconf 89' lang='lat' dir='ltr'>conparationis</span> <span class='ocrx_word' id='word_1_80' title='bbox 311 1270 484 1352; x_wconf 78' lang='lat' dir='ltr'>exemplum</span> <span class='ocrx_word' id='word_1_81' title='bbox 502 1270 622 1336; x_wconf 77' lang='lat' dir='ltr'>ancillae</span> <span class='ocrx_word' id='word_1_82' title='bbox 638 1292 760 1355; x_wconf 86' lang='lat' dir='ltr'>quoque</span> <span class='ocrx_word' id='word_1_83' title='bbox 777 1272 880 1337; x_wconf 90' lang='lat' dir='ltr'>oculos</span> <span class='ocrx_word' id='word_1_84' title='bbox 896 1273 927 1336; x_wconf 94' lang='lat' dir='ltr'>in</span> <span class='ocrx_word' id='word_1_85' title='bbox 944 1292 1054 1337; x_wconf 91' lang='lat' dir='ltr'>manus</span> <span class='ocrx_word' id='word_1_86' title='bbox 1071 1273 1204 1337; x_wconf 77' lang='lat' dir='ltr'>dominae</span> 
     </span>
     <span class='ocr_line' id='line_1_11' title="bbox 56 1376 1256 1457; baseline 0 -19"><span class='ocrx_word' id='word_1_87' title='bbox 56 1395 127 1439; x_wconf 86' lang='lat' dir='ltr'>esse</span> <span class='ocrx_word' id='word_1_88' title='bbox 151 1383 412 1441; x_wconf 85' lang='lat' dir='ltr'>commemoraret</span> <span class='ocrx_word' id='word_1_89' title='bbox 441 1376 583 1451; x_wconf 89' lang='lat' dir='ltr'>intentos,</span> <span class='ocrx_word' id='word_1_90' title='bbox 614 1382 648 1440; x_wconf 90' lang='lat' dir='ltr'>nt</span> <span class='ocrx_word' id='word_1_91' title='bbox 677 1377 707 1441; x_wconf 91' lang='lat' dir='ltr'>in</span> <span class='ocrx_word' id='word_1_92' title='bbox 732 1397 860 1457; x_wconf 86' lang='lat' dir='ltr'>operum</span> <span class='ocrx_word' id='word_1_93' title='bbox 890 1377 991 1457; x_wconf 88' lang='lat' dir='ltr'>potius</span> <span class='ocrx_word' id='word_1_94' title='bbox 1021 1377 1204 1442; x_wconf 85' lang='lat' dir='ltr'>efficientias</span> <span class='ocrx_word' id='word_1_95' title='bbox 1232 1402 1256 1439; x_wconf 83' lang='lat' dir='ltr'>ro</span> 
     </span>
     <span class='ocr_line' id='line_1_12' title="bbox 56 1479 1204 1561; baseline 0.003 -19"><span class='ocrx_word' id='word_1_96' title='bbox 56 1479 127 1543; x_wconf 73' lang='lat' dir='ltr'>hacc</span> <span class='ocrx_word' id='word_1_97' title='bbox 152 1479 305 1544; x_wconf 88' lang='lat' dir='ltr'>desideria</span> <span class='ocrx_word' id='word_1_98' title='bbox 329 1500 489 1545; x_wconf 89' lang='lat' dir='ltr'>semorum</span> <span class='ocrx_word' id='word_1_99' title='bbox 513 1482 638 1545; x_wconf 89' lang='lat' dir='ltr'>doceret</span> <span class='ocrx_word' id='word_1_100' title='bbox 660 1481 789 1545; x_wconf 88' lang='lat' dir='ltr'>intenta.</span> <span class='ocrx_word' id='word_1_101' title='bbox 837 1481 892 1545; x_wconf 89' lang='lat' dir='ltr'>sed</span> <span class='ocrx_word' id='word_1_102' title='bbox 915 1500 985 1544; x_wconf 90' lang='lat' dir='ltr'>cnm</span> <span class='ocrx_word' id='word_1_103' title='bbox 1001 1480 1105 1561; x_wconf 89' lang='lat' dir='ltr'>plures</span> <span class='ocrx_word' id='word_1_104' title='bbox 1120 1480 1204 1546; x_wconf 87' lang='lat' dir='ltr'>serui</span> 
     </span>
     <span class='ocr_line' id='line_1_13' title="bbox 56 1566 1205 1668; baseline 0.004 -24"><span class='ocrx_word' id='word_1_105' title='bbox 56 1582 192 1663; x_wconf 91' lang='lat' dir='ltr'>plurium</span> <span class='ocrx_word' id='word_1_106' title='bbox 217 1584 411 1648; x_wconf 90' lang='lat' dir='ltr'>dominorum</span> <span class='ocrx_word' id='word_1_107' title='bbox 434 1566 496 1648; x_wconf 89' lang='lat' dir='ltr'>sint</span> <span class='ocrx_word' id='word_1_108' title='bbox 518 1584 607 1664; x_wconf 88' lang='lat' dir='ltr'>positi</span> <span class='ocrx_word' id='word_1_109' title='bbox 638 1585 669 1649; x_wconf 92' lang='lat' dir='ltr'>iu</span> <span class='ocrx_word' id='word_1_110' title='bbox 701 1583 886 1666; x_wconf 78' lang='lat' dir='ltr'>exemplum,</span> <span class='ocrx_word' id='word_1_111' title='bbox 910 1585 1121 1668; x_wconf 79' lang='lat' dir='ltr'>quarendum,</span> <span class='ocrx_word' id='word_1_112' title='bbox 1151 1604 1205 1650; x_wconf 87' lang='lat' dir='ltr'>cur</span> 
     </span>
     <span class='ocr_line' id='line_1_14' title="bbox 57 1687 1204 1770; baseline 0.002 -20"><span class='ocrx_word' id='word_1_113' title='bbox 57 1687 171 1752; x_wconf 86' lang='lat' dir='ltr'>ancilla-</span> <span class='ocrx_word' id='word_1_114' title='bbox 194 1707 254 1751; x_wconf 89' lang='lat' dir='ltr'>uua</span> <span class='ocrx_word' id='word_1_115' title='bbox 277 1688 366 1752; x_wconf 92' lang='lat' dir='ltr'>unius</span> <span class='ocrx_word' id='word_1_116' title='bbox 385 1693 627 1752; x_wconf 85' lang='lat' dir='ltr'>commemorata</span> <span class='ocrx_word' id='word_1_117' title='bbox 652 1688 690 1753; x_wconf 90' lang='lat' dir='ltr'>sit</span> <span class='ocrx_word' id='word_1_118' title='bbox 706 1688 847 1753; x_wconf 69' lang='lat' dir='ltr'>dominae.</span> <span class='ocrx_word' id='word_1_119' title='bbox 892 1688 997 1770; x_wconf 88' lang='lat' dir='ltr'>pluras</span> <span class='ocrx_word' id='word_1_120' title='bbox 1013 1688 1096 1753; x_wconf 88' lang='lat' dir='ltr'>enim</span> <span class='ocrx_word' id='word_1_121' title='bbox 1113 1689 1204 1766; x_wconf 89' lang='lat' dir='ltr'>serui,</span> 
     </span>
     <span class='ocr_line' id='line_1_15' title="bbox 56 1791 1204 1872; baseline 0.002 -17"><span class='ocrx_word' id='word_1_122' title='bbox 56 1799 91 1855; x_wconf 89' lang='lat' dir='ltr'>ut</span> <span class='ocrx_word' id='word_1_123' title='bbox 116 1792 255 1872; x_wconf 88' lang='lat' dir='ltr'>superius</span> <span class='ocrx_word' id='word_1_124' title='bbox 279 1791 419 1869; x_wconf 79' lang='lat' dir='ltr'>diximus,</span> <span class='ocrx_word' id='word_1_125' title='bbox 450 1791 585 1872; x_wconf 90' lang='lat' dir='ltr'>plurium</span> <span class='ocrx_word' id='word_1_126' title='bbox 617 1800 689 1857; x_wconf 86' lang='lat' dir='ltr'>sunt</span> <span class='ocrx_word' id='word_1_127' title='bbox 719 1793 855 1857; x_wconf 85' lang='lat' dir='ltr'>deorum.</span> <span class='ocrx_word' id='word_1_128' title='bbox 901 1813 981 1857; x_wconf 88' lang='lat' dir='ltr'>nunc</span> <span class='ocrx_word' id='word_1_129' title='bbox 1017 1802 1120 1857; x_wconf 90' lang='lat' dir='ltr'>autem</span> <span class='ocrx_word' id='word_1_130' title='bbox 1143 1813 1204 1857; x_wconf 86' lang='lat' dir='ltr'>una</span> 
     </span>
     <span class='ocr_line' id='line_1_16' title="bbox 57 1894 1280 1980; baseline 0 -21"><span class='ocrx_word' id='word_1_131' title='bbox 57 1894 170 1960; x_wconf 86' lang='lat' dir='ltr'>ancilla</span> <span class='ocrx_word' id='word_1_132' title='bbox 204 1902 233 1960; x_wconf 89' lang='lat' dir='ltr'>et</span> <span class='ocrx_word' id='word_1_133' title='bbox 264 1915 323 1959; x_wconf 91' lang='lat' dir='ltr'>una</span> <span class='ocrx_word' id='word_1_134' title='bbox 355 1895 495 1960; x_wconf 88' lang='lat' dir='ltr'>domina:</span> <span class='ocrx_word' id='word_1_135' title='bbox 531 1896 603 1980; x_wconf 88' lang='lat' dir='ltr'>quia</span> <span class='ocrx_word' id='word_1_136' title='bbox 627 1903 737 1961; x_wconf 89' lang='lat' dir='ltr'>natura</span> <span class='ocrx_word' id='word_1_137' title='bbox 759 1917 820 1960; x_wconf 90' lang='lat' dir='ltr'>una</span> <span class='ocrx_word' id='word_1_138' title='bbox 843 1903 890 1962; x_wconf 85' lang='lat' dir='ltr'>est</span> <span class='ocrx_word' id='word_1_139' title='bbox 913 1897 1025 1960; x_wconf 78' lang='lat' dir='ltr'>animm</span> <span class='ocrx_word' id='word_1_140' title='bbox 1048 1895 1203 1973; x_wconf 79' lang='lat' dir='ltr'>humanae,</span> <span class='ocrx_word' id='word_1_141' title='bbox 1233 1920 1280 1959; x_wconf 74' lang='grc' dir='ltr'>ιι,</span> 
     </span>
     <span class='ocr_line' id='line_1_17' title="bbox 56 1999 1204 2084; baseline 0.001 -20"><span class='ocrx_word' id='word_1_142' title='bbox 56 1999 149 2064; x_wconf 86' lang='lat' dir='ltr'>sicuti</span> <span class='ocrx_word' id='word_1_143' title='bbox 180 2006 211 2065; x_wconf 85' lang='lat' dir='ltr'>et</span> <span class='ocrx_word' id='word_1_144' title='bbox 242 2005 372 2065; x_wconf 75' lang='lat' dir='ltr'>terrenae</span> <span class='ocrx_word' id='word_1_145' title='bbox 407 2001 508 2080; x_wconf 80' lang='lat' dir='ltr'>carnis</span> <span class='ocrx_word' id='word_1_146' title='bbox 541 2021 603 2064; x_wconf 89' lang='lat' dir='ltr'>una</span> <span class='ocrx_word' id='word_1_147' title='bbox 634 2006 743 2064; x_wconf 86' lang='lat' dir='ltr'>natura</span> <span class='ocrx_word' id='word_1_148' title='bbox 778 2007 834 2065; x_wconf 85' lang='lat' dir='ltr'>est.</span> <span class='ocrx_word' id='word_1_149' title='bbox 879 2007 910 2065; x_wconf 92' lang='lat' dir='ltr'>et</span> <span class='ocrx_word' id='word_1_150' title='bbox 944 2001 1016 2084; x_wconf 89' lang='lat' dir='ltr'>quia</span> <span class='ocrx_word' id='word_1_151' title='bbox 1050 2021 1132 2066; x_wconf 88' lang='lat' dir='ltr'>nuno</span> <span class='ocrx_word' id='word_1_152' title='bbox 1166 2002 1204 2065; x_wconf 93' lang='lat' dir='ltr'>de</span> 
     </span>
     <span class='ocr_line' id='line_1_18' title="bbox 58 2102 1205 2187; baseline 0 -19"><span class='ocrx_word' id='word_1_153' title='bbox 58 2104 279 2183; x_wconf 73' lang='lat' dir='ltr'>peccatoribus</span> <span class='ocrx_word' id='word_1_154' title='bbox 315 2104 366 2187; x_wconf 92' lang='lat' dir='ltr'>qui</span> <span class='ocrx_word' id='word_1_155' title='bbox 402 2105 520 2184; x_wconf 87' lang='lat' dir='ltr'>peccati</span> <span class='ocrx_word' id='word_1_156' title='bbox 555 2105 637 2170; x_wconf 86' lang='lat' dir='ltr'>serui</span> <span class='ocrx_word' id='word_1_157' title='bbox 672 2114 751 2182; x_wconf 89' lang='lat' dir='ltr'>sunt,</span> <span class='ocrx_word' id='word_1_158' title='bbox 786 2124 889 2169; x_wconf 88' lang='lat' dir='ltr'>sermo</span> <span class='ocrx_word' id='word_1_159' title='bbox 913 2110 968 2179; x_wconf 85' lang='lat' dir='ltr'>est,</span> <span class='ocrx_word' id='word_1_160' title='bbox 1002 2102 1069 2169; x_wconf 85' lang='lat' dir='ltr'>baec</span> <span class='ocrx_word' id='word_1_161' title='bbox 1094 2103 1205 2169; x_wconf 89' lang='lat' dir='ltr'>ancillo</span> 
     </span>
     <span class='ocr_line' id='line_1_19' title="bbox 56 2207 1205 2289; baseline 0.001 -17"><span class='ocrx_word' id='word_1_162' title='bbox 56 2207 164 2272; x_wconf 89' lang='lat' dir='ltr'>anima</span> <span class='ocrx_word' id='word_1_163' title='bbox 180 2209 266 2272; x_wconf 87' lang='lat' dir='ltr'>carni</span> <span class='ocrx_word' id='word_1_164' title='bbox 283 2208 414 2272; x_wconf 83' lang='lat' dir='ltr'>dominae</span> <span class='ocrx_word' id='word_1_165' title='bbox 438 2229 502 2272; x_wconf 83' lang='lat' dir='ltr'>suae</span> <span class='ocrx_word' id='word_1_166' title='bbox 525 2208 629 2273; x_wconf 86' lang='lat' dir='ltr'>dedito</span> <span class='ocrx_word' id='word_1_167' title='bbox 652 2215 700 2273; x_wconf 88' lang='lat' dir='ltr'>est</span> <span class='ocrx_word' id='word_1_168' title='bbox 715 2214 747 2273; x_wconf 91' lang='lat' dir='ltr'>et</span> <span class='ocrx_word' id='word_1_169' title='bbox 761 2229 818 2289; x_wconf 91' lang='lat' dir='ltr'>per</span> <span class='ocrx_word' id='word_1_170' title='bbox 834 2208 1037 2289; x_wconf 77' lang='lat' dir='ltr'>corporalium</span> <span class='ocrx_word' id='word_1_171' title='bbox 1060 2208 1205 2273; x_wconf 89' lang='lat' dir='ltr'>uitiomm</span> 
     </span>
     <span class='ocr_line' id='line_1_20' title="bbox 55 2311 1204 2396; baseline 0.003 -23"><span class='ocrx_word' id='word_1_172' title='bbox 55 2311 273 2376; x_wconf 85' lang='lat' dir='ltr'>blandimenta</span> <span class='ocrx_word' id='word_1_173' title='bbox 307 2312 444 2377; x_wconf 89' lang='lat' dir='ltr'>subiecta</span> <span class='ocrx_word' id='word_1_174' title='bbox 478 2319 525 2377; x_wconf 87' lang='lat' dir='ltr'>est</span> <span class='ocrx_word' id='word_1_175' title='bbox 558 2312 713 2396; x_wconf 81' lang='lat' dir='ltr'>habuique</span> <span class='ocrx_word' id='word_1_176' title='bbox 747 2311 901 2387; x_wconf 87' lang='lat' dir='ltr'>inferioris</span> <span class='ocrx_word' id='word_1_177' title='bbox 933 2311 979 2376; x_wconf 89' lang='lat' dir='ltr'>sui</span> <span class='ocrx_word' id='word_1_178' title='bbox 1002 2332 1057 2392; x_wconf 86' lang='lat' dir='ltr'>per</span> <span class='ocrx_word' id='word_1_179' title='bbox 1091 2311 1204 2377; x_wconf 87' lang='lat' dir='ltr'>inlece-</span> 
     </span>
     <span class='ocr_line' id='line_1_21' title="bbox 55 2415 1257 2497; baseline 0.001 -17"><span class='ocrx_word' id='word_1_180' title='bbox 55 2416 185 2480; x_wconf 88' lang='lat' dir='ltr'>brarum</span> <span class='ocrx_word' id='word_1_181' title='bbox 217 2415 353 2480; x_wconf 84' lang='lat' dir='ltr'>sementa</span> <span class='ocrx_word' id='word_1_182' title='bbox 384 2416 583 2493; x_wconf 85' lang='lat' dir='ltr'>dominatum,</span> <span class='ocrx_word' id='word_1_183' title='bbox 616 2417 731 2481; x_wconf 81' lang='lat' dir='ltr'>fructus</span> <span class='ocrx_word' id='word_1_184' title='bbox 765 2436 892 2497; x_wconf 87' lang='lat' dir='ltr'>opernm</span> <span class='ocrx_word' id='word_1_185' title='bbox 927 2416 993 2480; x_wconf 88' lang='lat' dir='ltr'>eius</span> <span class='ocrx_word' id='word_1_186' title='bbox 1028 2416 1204 2496; x_wconf 87' lang='lat' dir='ltr'>inspiciens.</span> <span class='ocrx_word' id='word_1_187' title='bbox 1233 2445 1257 2481; x_wconf 78' lang='lat' dir='ltr'>ao</span> 
     </span>
     <span class='ocr_line' id='line_1_22' title="bbox 55 2518 1204 2604; baseline -0.001 -19"><span class='ocrx_word' id='word_1_188' title='bbox 55 2539 136 2604; x_wconf 88' lang='lat' dir='ltr'>crgo</span> <span class='ocrx_word' id='word_1_189' title='bbox 158 2530 191 2583; x_wconf 91' lang='lat' dir='ltr'>ut</span> <span class='ocrx_word' id='word_1_190' title='bbox 214 2518 270 2584; x_wconf 92' lang='lat' dir='ltr'>bos</span> <span class='ocrx_word' id='word_1_191' title='bbox 301 2540 406 2585; x_wconf 89' lang='lat' dir='ltr'>seruos</span> <span class='ocrx_word' id='word_1_192' title='bbox 430 2527 460 2584; x_wconf 87' lang='lat' dir='ltr'>et</span> <span class='ocrx_word' id='word_1_193' title='bbox 486 2518 565 2585; x_wconf 87' lang='lat' dir='ltr'>banc</span> <span class='ocrx_word' id='word_1_194' title='bbox 600 2519 744 2584; x_wconf 81' lang='lat' dir='ltr'>ancillam</span> <span class='ocrx_word' id='word_1_195' title='bbox 778 2519 1012 2584; x_wconf 79' lang='lat' dir='ltr'>indemutabilia</span> <span class='ocrx_word' id='word_1_196' title='bbox 1037 2520 1119 2584; x_wconf 87' lang='lat' dir='ltr'>uitia</span> <span class='ocrx_word' id='word_1_197' title='bbox 1150 2539 1204 2584; x_wconf 87' lang='lat' dir='ltr'>sua</span> 
     </span>
     <span class='ocr_line' id='line_1_23' title="bbox 54 2623 1205 2709; baseline 0.004 -25"><span class='ocrx_word' id='word_1_198' title='bbox 54 2623 208 2699; x_wconf 84' lang='lat' dir='ltr'>detinent,</span> <span class='ocrx_word' id='word_1_199' title='bbox 231 2631 265 2687; x_wconf 90' lang='lat' dir='ltr'>ut</span> <span class='ocrx_word' id='word_1_200' title='bbox 286 2623 316 2687; x_wconf 91' lang='lat' dir='ltr'>in</span> <span class='ocrx_word' id='word_1_201' title='bbox 341 2623 391 2689; x_wconf 90' lang='lat' dir='ltr'>his</span> <span class='ocrx_word' id='word_1_202' title='bbox 421 2623 557 2707; x_wconf 89' lang='lat' dir='ltr'>quadam</span> <span class='ocrx_word' id='word_1_203' title='bbox 591 2624 736 2709; x_wconf 86' lang='lat' dir='ltr'>religiosa</span> <span class='ocrx_word' id='word_1_204' title='bbox 770 2623 905 2689; x_wconf 73' lang='lat' dir='ltr'>stultitias</span> <span class='ocrx_word' id='word_1_205' title='bbox 939 2644 1002 2689; x_wconf 78' lang='lat' dir='ltr'>suaa</span> <span class='ocrx_word' id='word_1_206' title='bbox 1037 2623 1205 2689; x_wconf 89' lang='lat' dir='ltr'>intentione</span> 
     </span>
     <span class='ocr_line' id='line_1_24' title="bbox 54 2726 1204 2810; baseline -0.002 -18"><span class='ocrx_word' id='word_1_207' title='bbox 54 2727 234 2809; x_wconf 85' lang='lat' dir='ltr'>persistant,</span> <span class='ocrx_word' id='word_1_208' title='bbox 267 2728 309 2792; x_wconf 90' lang='lat' dir='ltr'>ita</span> <span class='ocrx_word' id='word_1_209' title='bbox 333 2726 426 2793; x_wconf 88' lang='lat' dir='ltr'>fidem</span> <span class='ocrx_word' id='word_1_210' title='bbox 451 2748 519 2793; x_wconf 87' lang='lat' dir='ltr'>esse</span> <span class='ocrx_word' id='word_1_211' title='bbox 542 2734 669 2808; x_wconf 87' lang='lat' dir='ltr'>oportet,</span> <span class='ocrx_word' id='word_1_212' title='bbox 694 2748 762 2810; x_wconf 84' lang='lat' dir='ltr'>quae</span> <span class='ocrx_word' id='word_1_213' title='bbox 786 2748 847 2792; x_wconf 90' lang='lat' dir='ltr'>non</span> <span class='ocrx_word' id='word_1_214' title='bbox 871 2727 1058 2808; x_wconf 86' lang='lat' dir='ltr'>temporario</span> <span class='ocrx_word' id='word_1_215' title='bbox 1081 2747 1117 2792; x_wconf 89' lang='lat' dir='ltr'>ao</span> <span class='ocrx_word' id='word_1_216' title='bbox 1140 2747 1204 2791; x_wconf 91' lang='lat' dir='ltr'>mo-</span> 
     </span>
     <span class='ocr_line' id='line_1_25' title="bbox 51 2829 1205 2917; baseline -0.001 -20"><span class='ocrx_word' id='word_1_217' title='bbox 51 2831 131 2897; x_wconf 91' lang='lat' dir='ltr'>bilis</span> <span class='ocrx_word' id='word_1_218' title='bbox 154 2832 193 2896; x_wconf 88' lang='lat' dir='ltr'>sit</span> <span class='ocrx_word' id='word_1_219' title='bbox 215 2829 315 2915; x_wconf 82' lang='lat' dir='ltr'>nequa</span> <span class='ocrx_word' id='word_1_220' title='bbox 350 2832 473 2897; x_wconf 90' lang='lat' dir='ltr'>omissis</span> <span class='ocrx_word' id='word_1_221' title='bbox 508 2833 759 2912; x_wconf 78' lang='lat' dir='ltr'>temptationibus</span> <span class='ocrx_word' id='word_1_222' title='bbox 794 2832 987 2917; x_wconf 81' lang='lat' dir='ltr'>defetigetur,</span> <span class='ocrx_word' id='word_1_223' title='bbox 1022 2832 1077 2896; x_wconf 86' lang='lat' dir='ltr'>sed</span> <span class='ocrx_word' id='word_1_224' title='bbox 1108 2851 1205 2914; x_wconf 89' lang='lat' dir='ltr'>usque</span> 
     </span>
     <span class='ocr_line' id='line_1_26' title="bbox 50 2935 1257 3003; baseline -0.002 0"><span class='ocrx_word' id='word_1_225' title='bbox 50 2935 358 3003; x_wconf 80' lang='lat' dir='ltr'>consummationem</span> <span class='ocrx_word' id='word_1_226' title='bbox 397 2936 617 3002; x_wconf 76' lang='lat' dir='ltr'>misericordia</span> <span class='ocrx_word' id='word_1_227' title='bbox 657 2935 706 3000; x_wconf 91' lang='lat' dir='ltr'>dei</span> <span class='ocrx_word' id='word_1_228' title='bbox 744 2936 900 3000; x_wconf 86' lang='lat' dir='ltr'>inmobilis</span> <span class='ocrx_word' id='word_1_229' title='bbox 942 2943 973 3000; x_wconf 89' lang='lat' dir='ltr'>et</span> <span class='ocrx_word' id='word_1_230' title='bbox 1017 2935 1205 3000; x_wconf 82' lang='lat' dir='ltr'>indemutata</span> <span class='ocrx_word' id='word_1_231' title='bbox 1233 2964 1257 3001; x_wconf 78' lang='lat' dir='ltr'>aa</span> 
     </span>
     <span class='ocr_line' id='line_1_27' title="bbox 51 3049 248 3123; baseline -0.015 -17"><span class='ocrx_word' id='word_1_232' title='bbox 51 3049 248 3123; x_wconf 88' lang='lat' dir='ltr'>permaneat.</span> 
     </span>
    </p>
   </div>
   <div class='ocr_carea' id='block_1_3' title="bbox 104 3120 1206 3231">
    <p class='ocr_par' dir='ltr' id='par_1_4' title="bbox 104 3120 1206 3231">
     <span class='ocr_line' id='line_1_28' title="bbox 104 3120 1206 3231; baseline -0.001 -16"><span class='ocrx_word' id='word_1_233' title='bbox 104 3165 118 3215; x_wconf 95' lang='lat' dir='ltr'>l</span> <span class='ocrx_word' id='word_1_234' title='bbox 138 3179 209 3216; x_wconf 83' lang='lat' dir='ltr'>unua</span> <span class='ocrx_word' id='word_1_235' title='bbox 227 3168 345 3231; x_wconf 84' lang='lat' dir='ltr'>uterque</span> <span class='ocrx_word' id='word_1_236' title='bbox 365 3163 416 3216; x_wconf 83' lang='lat' dir='ltr'>GR</span> <span class='ocrx_word' id='word_1_237' title='bbox 434 3167 551 3230; x_wconf 85' lang='lat' dir='ltr'>uterque</span> <span class='ocrx_word' id='word_1_238' title='bbox 570 3180 640 3215; x_wconf 88' lang='lat' dir='ltr'>unus</span> <span class='ocrx_word' id='word_1_239' title='bbox 660 3163 686 3215; x_wconf 89' lang='lat' dir='ltr'><em>P</em></span> <span class='ocrx_word' id='word_1_240' title='bbox 738 3163 812 3230; x_wconf 89' lang='lat' dir='ltr'>qnod</span> <span class='ocrx_word' id='word_1_241' title='bbox 831 3163 856 3215; x_wconf 88' lang='lat' dir='ltr'><em>P</em></span> <span class='ocrx_word' id='word_1_242' title='bbox 870 3120 924 3231; x_wconf 53' lang='lat' dir='ltr'>(lod</span> <span class='ocrx_word' id='word_1_243' title='bbox 940 3163 964 3214; x_wconf 85' lang='lat' dir='ltr'><em>G</em></span> <span class='ocrx_word' id='word_1_244' title='bbox 983 3167 1014 3215; x_wconf 89' lang='lat' dir='ltr'>ut</span> <span class='ocrx_word' id='word_1_245' title='bbox 1033 3163 1058 3214; x_wconf 84' lang='lat' dir='ltr'><em>R</em></span> <span class='ocrx_word' id='word_1_246' title='bbox 1111 3162 1167 3215; x_wconf 90' lang='lat' dir='ltr'>duo</span> <span class='ocrx_word' id='word_1_247' title='bbox 1181 3160 1206 3212; x_wconf 90' lang='lat' dir='ltr'><em>G</em></span> 
     </span>
    </p>
   </div>
   <div class='ocr_carea' id='block_1_4' title="bbox 49 3243 1250 3596">
    <p class='ocr_par' dir='ltr' id='par_1_5' title="bbox 49 3243 1250 3596">
     <span class='ocr_line' id='line_1_29' title="bbox 49 3243 1207 3320; baseline 0 -20"><span class='ocrx_word' id='word_1_248' title='bbox 49 3252 91 3320; x_wconf 70' lang='lat' dir='ltr'>es.</span> <span class='ocrx_word' id='word_1_249' title='bbox 114 3248 189 3301; x_wconf 71' lang='lat' dir='ltr'>Neue</span> <span class='ocrx_word' id='word_1_250' title='bbox 213 3250 343 3301; x_wconf 79' lang='lat' dir='ltr'>Formenl.</span> <span class='ocrx_word' id='word_1_251' title='bbox 367 3249 405 3316; x_wconf 90' lang='lat' dir='ltr'>II,</span> <span class='ocrx_word' id='word_1_252' title='bbox 434 3249 486 3301; x_wconf 80' lang='lat' dir='ltr'>m</span> <span class='ocrx_word' id='word_1_253' title='bbox 514 3250 583 3302; x_wconf 85' lang='lat' dir='ltr'>duos</span> <span class='ocrx_word' id='word_1_254' title='bbox 611 3243 691 3302; x_wconf 83' lang='lat' dir='ltr'><em>RI&#39;E</em></span> <span class='ocrx_word' id='word_1_255' title='bbox 743 3249 806 3301; x_wconf 71' lang='lat' dir='ltr'>lin</span> <span class='ocrx_word' id='word_1_256' title='bbox 834 3249 960 3303; x_wconf 87' lang='lat' dir='ltr'>manibus</span> <span class='ocrx_word' id='word_1_257' title='bbox 979 3250 1004 3301; x_wconf 81' lang='lat' dir='ltr'><em>R</em></span> <span class='ocrx_word' id='word_1_258' title='bbox 1060 3249 1091 3301; x_wconf 86' lang='grc'>12</span> <span class='ocrx_word' id='word_1_259' title='bbox 1110 3264 1163 3316; x_wconf 88' lang='lat' dir='ltr'>qur</span> <span class='ocrx_word' id='word_1_260' title='bbox 1181 3247 1207 3300; x_wconf 84' lang='lat' dir='ltr'><em>R</em></span> 
     </span>
     <span class='ocr_line' id='line_1_30' title="bbox 53 3335 1250 3456; baseline -0.007 -11"><span class='ocrx_word' id='word_1_261' title='bbox 53 3393 89 3445; x_wconf 87' lang='lat'>13</span> <span class='ocrx_word' id='word_1_262' title='bbox 111 3405 168 3441; x_wconf 86' lang='lat' dir='ltr'>nna</span> <span class='ocrx_word' id='word_1_263' title='bbox 186 3407 233 3441; x_wconf 87' lang='lat' dir='ltr'>om.</span> <span class='ocrx_word' id='word_1_264' title='bbox 256 3389 280 3440; x_wconf 87' lang='lat' dir='ltr'><em>G</em></span> <span class='ocrx_word' id='word_1_265' title='bbox 334 3335 404 3441; x_wconf 70' lang='lat' dir='ltr'>unias</span> <span class='ocrx_word' id='word_1_266' title='bbox 425 3389 450 3440; x_wconf 75' lang='lat' dir='ltr'><strong><em>G</em></strong></span> <span class='ocrx_word' id='word_1_267' title='bbox 505 3391 538 3442; x_wconf 84' lang='lat'>14</span> <span class='ocrx_word' id='word_1_268' title='bbox 556 3388 679 3456; x_wconf 89' lang='lat' dir='ltr'>plurium</span> <span class='ocrx_word' id='word_1_269' title='bbox 706 3388 730 3440; x_wconf 86' lang='lat' dir='ltr'><em>G</em></span> <span class='ocrx_word' id='word_1_270' title='bbox 754 3386 869 3456; x_wconf 89' lang='lat' dir='ltr'>plurimi</span> <span class='ocrx_word' id='word_1_271' title='bbox 894 3388 919 3440; x_wconf 86' lang='lat' dir='ltr'><em>R</em></span> <span class='ocrx_word' id='word_1_272' title='bbox 947 3386 1131 3455; x_wconf 85' lang='lat' dir='ltr'>plurimorum</span> <span class='ocrx_word' id='word_1_273' title='bbox 1157 3385 1209 3437; x_wconf 80' lang='lat' dir='ltr'>PE</span> <span class='ocrx_word' id='word_1_274' title='bbox 1246 3440 1250 3447; x_wconf 61' lang='grc'>,</span> 
     </span>
     <span class='ocr_line' id='line_1_31' title="bbox 49 3480 1208 3596; baseline -0.007 -13"><span class='ocrx_word' id='word_1_275' title='bbox 49 3544 135 3583; x_wconf 84' lang='lat' dir='ltr'>nunc</span> <span class='ocrx_word' id='word_1_276' title='bbox 153 3532 245 3581; x_wconf 86' lang='lat' dir='ltr'>autem</span> <span class='ocrx_word' id='word_1_277' title='bbox 265 3527 347 3580; x_wconf 81' lang='lat' dir='ltr'>GRE</span> <span class='ocrx_word' id='word_1_278' title='bbox 361 3544 435 3580; x_wconf 88' lang='lat' dir='ltr'>nunc</span> <span class='ocrx_word' id='word_1_279' title='bbox 454 3544 522 3596; x_wconf 82' lang='lat' dir='ltr'>ergo</span> <span class='ocrx_word' id='word_1_280' title='bbox 540 3527 566 3578; x_wconf 90' lang='lat' dir='ltr'><em>P</em></span> <span class='ocrx_word' id='word_1_281' title='bbox 619 3529 651 3580; x_wconf 79' lang='lat'>15</span> <span class='ocrx_word' id='word_1_282' title='bbox 669 3484 715 3594; x_wconf 56' lang='lat' dir='ltr'>(lla</span> <span class='ocrx_word' id='word_1_283' title='bbox 735 3526 760 3578; x_wconf 87' lang='lat' dir='ltr'><em>G</em></span> <span class='ocrx_word' id='word_1_284' title='bbox 816 3528 848 3581; x_wconf 80' lang='lat'>18</span> <span class='ocrx_word' id='word_1_285' title='bbox 866 3527 958 3579; x_wconf 75' lang='lat' dir='ltr'>arriana</span> <span class='ocrx_word' id='word_1_286' title='bbox 978 3525 1058 3577; x_wconf 76' lang='lat' dir='ltr'>GRE</span> <span class='ocrx_word' id='word_1_287' title='bbox 1075 3480 1208 3577; x_wconf 58' lang='lat' dir='ltr'>unriimaP</span> 
     </span>
    </p>
   </div>
   <div class='ocr_carea' id='block_1_5' title="bbox 48 3610 1206 3856">
    <p class='ocr_par' dir='ltr' id='par_1_6' title="bbox 48 3610 1206 3856">
     <span class='ocr_line' id='line_1_32' title="bbox 50 3610 1206 3683; baseline -0.007 -12"><span class='ocrx_word' id='word_1_288' title='bbox 50 3621 100 3671; x_wconf 85' lang='lat' dir='ltr'>est</span> <span class='ocrx_word' id='word_1_289' title='bbox 122 3621 150 3668; x_wconf 88' lang='lat' dir='ltr'>et</span> <span class='ocrx_word' id='word_1_290' title='bbox 167 3631 218 3683; x_wconf 88' lang='lat' dir='ltr'>pcr</span> <span class='ocrx_word' id='word_1_291' title='bbox 237 3614 303 3667; x_wconf 68' lang='lat' dir='ltr'>(tae</span> <span class='ocrx_word' id='word_1_292' title='bbox 321 3619 364 3667; x_wconf 83' lang='lat' dir='ltr'>eat</span> <span class='ocrx_word' id='word_1_293' title='bbox 381 3631 432 3682; x_wconf 85' lang='lat' dir='ltr'>per</span> <span class='ocrx_word' id='word_1_294' title='bbox 445 3614 484 3666; x_wconf 83' lang='lat' dir='ltr'>Pt</span> <span class='ocrx_word' id='word_1_295' title='bbox 538 3613 724 3681; x_wconf 86' lang='lat' dir='ltr'>corporalium</span> <span class='ocrx_word' id='word_1_296' title='bbox 743 3612 876 3665; x_wconf 87' lang='lat' dir='ltr'>uitiorum</span> <span class='ocrx_word' id='word_1_297' title='bbox 891 3613 955 3665; x_wconf 82' lang='lat' dir='ltr'>GRc</span> <span class='ocrx_word' id='word_1_298' title='bbox 974 3610 1160 3680; x_wconf 87' lang='lat' dir='ltr'>corporalium</span> <span class='ocrx_word' id='word_1_299' title='bbox 1177 3615 1206 3663; x_wconf 85' lang='lat' dir='ltr'>et</span> 
     </span>
     <span class='ocr_line' id='line_1_33' title="bbox 49 3697 1206 3758; baseline -0.006 -1"><span class='ocrx_word' id='word_1_300' title='bbox 49 3702 193 3758; x_wconf 86' lang='lat' dir='ltr'>uitiorum</span> <span class='ocrx_word' id='word_1_301' title='bbox 212 3700 251 3753; x_wconf 87' lang='lat' dir='ltr'>Pb</span> <span class='ocrx_word' id='word_1_302' title='bbox 305 3702 338 3753; x_wconf 86' lang='grc'>19</span> <span class='ocrx_word' id='word_1_303' title='bbox 356 3700 480 3754; x_wconf 85' lang='lat' dir='ltr'>subiecta</span> <span class='ocrx_word' id='word_1_304' title='bbox 507 3705 549 3753; x_wconf 84' lang='lat' dir='ltr'>est</span> <span class='ocrx_word' id='word_1_305' title='bbox 579 3701 642 3753; x_wconf 80' lang='lat' dir='ltr'>GRe</span> <span class='ocrx_word' id='word_1_306' title='bbox 667 3699 792 3753; x_wconf 81' lang='lat' dir='ltr'>subiecta</span> <span class='ocrx_word' id='word_1_307' title='bbox 812 3699 850 3751; x_wconf 88' lang='lat' dir='ltr'>Pb</span> <span class='ocrx_word' id='word_1_308' title='bbox 904 3698 1043 3752; x_wconf 79' lang='lat' dir='ltr'>interioris</span> <span class='ocrx_word' id='word_1_309' title='bbox 1070 3697 1149 3750; x_wconf 83' lang='lat' dir='ltr'>GRP</span> <span class='ocrx_word' id='word_1_310' title='bbox 1164 3697 1206 3750; x_wconf 90' lang='lat' dir='ltr'>in·</span> 
     </span>
     <span class='ocr_line' id='line_1_34' title="bbox 48 3784 1206 3856; baseline -0.006 -13"><span class='ocrx_word' id='word_1_311' title='bbox 48 3788 156 3845; x_wconf 78' lang='lat' dir='ltr'>feriori</span> <span class='ocrx_word' id='word_1_312' title='bbox 183 3789 198 3840; x_wconf 86' lang='lat' dir='ltr'>b</span> <span class='ocrx_word' id='word_1_313' title='bbox 256 3787 421 3841; x_wconf 78' lang='lat' dir='ltr'>anfractus</span> <span class='ocrx_word' id='word_1_314' title='bbox 447 3788 506 3841; x_wconf 84' lang='lat' dir='ltr'>eius</span> <span class='ocrx_word' id='word_1_315' title='bbox 534 3793 620 3856; x_wconf 84' lang='lat' dir='ltr'>operd</span> <span class='ocrx_word' id='word_1_316' title='bbox 650 3785 674 3834; x_wconf 89' lang='lat' dir='ltr'><em>P</em></span> <span class='ocrx_word' id='word_1_317' title='bbox 729 3787 761 3839; x_wconf 85' lang='grc'>21</span> <span class='ocrx_word' id='word_1_318' title='bbox 783 3803 834 3855; x_wconf 84' lang='lat' dir='ltr'>ego</span> <span class='ocrx_word' id='word_1_319' title='bbox 864 3787 889 3838; x_wconf 83' lang='lat' dir='ltr'><em>G</em></span> <span class='ocrx_word' id='word_1_320' title='bbox 941 3784 1153 3839; x_wconf 83' lang='lat' dir='ltr'>indemutabilia</span> <span class='ocrx_word' id='word_1_321' title='bbox 1180 3784 1206 3836; x_wconf 90' lang='lat' dir='ltr'><em>G</em></span> 
     </span>
    </p>
   </div>
   <div class='ocr_carea' id='block_1_6' title="bbox 48 3882 1206 4100">
    <p class='ocr_par' dir='ltr' id='par_1_7' title="bbox 48 3882 1206 4100">
     <span class='ocr_line' id='line_1_35' title="bbox 50 3882 1205 4004; baseline -0.01 -19"><span class='ocrx_word' id='word_1_322' title='bbox 50 3924 273 3985; x_wconf 86' lang='lat' dir='ltr'>indemutabiles</span> <span class='ocrx_word' id='word_1_323' title='bbox 283 3926 363 3980; x_wconf 78' lang='lat' dir='ltr'>RPE</span> <span class='ocrx_word' id='word_1_324' title='bbox 412 3928 484 3980; x_wconf 72' lang='lat' dir='ltr'>aaa</span> <span class='ocrx_word' id='word_1_325' title='bbox 497 3927 525 3978; x_wconf 92' lang='lat' dir='ltr'>in</span> <span class='ocrx_word' id='word_1_326' title='bbox 538 3927 562 3977; x_wconf 82' lang='lat' dir='ltr'><strong><em>G</em></strong></span> <span class='ocrx_word' id='word_1_327' title='bbox 616 3926 735 3993; x_wconf 86' lang='lat' dir='ltr'>quadarn</span> <span class='ocrx_word' id='word_1_328' title='bbox 750 3925 801 3978; x_wconf 82' lang='lat' dir='ltr'>GR</span> <span class='ocrx_word' id='word_1_329' title='bbox 819 3882 944 4004; x_wconf 52' lang='lat' dir='ltr'>qubddl’</span> <span class='ocrx_word' id='word_1_330' title='bbox 993 3924 1124 3992; x_wconf 79' lang='lat' dir='ltr'>religiosa</span> <span class='ocrx_word' id='word_1_331' title='bbox 1139 3923 1205 3975; x_wconf 77' lang='lat' dir='ltr'>GRb</span> 
     </span>
     <span class='ocr_line' id='line_1_36' title="bbox 48 4029 1206 4100; baseline -0.007 -12"><span class='ocrx_word' id='word_1_332' title='bbox 48 4031 208 4100; x_wconf 76' lang='lat' dir='ltr'>religiosae</span> <span class='ocrx_word' id='word_1_333' title='bbox 219 4030 256 4083; x_wconf 86' lang='lat' dir='ltr'>Pe</span> <span class='ocrx_word' id='word_1_334' title='bbox 308 4031 342 4083; x_wconf 86' lang='grc'>23</span> <span class='ocrx_word' id='word_1_335' title='bbox 359 4030 509 4099; x_wconf 81' lang='lat' dir='ltr'>persistant</span> <span class='ocrx_word' id='word_1_336' title='bbox 526 4031 577 4083; x_wconf 82' lang='lat' dir='ltr'>PE</span> <span class='ocrx_word' id='word_1_337' title='bbox 593 4048 644 4098; x_wconf 88' lang='lat' dir='ltr'>per</span> <span class='ocrx_word' id='word_1_338' title='bbox 663 4046 742 4080; x_wconf 67' lang='lat' dir='ltr'>*aaa*</span> <span class='ocrx_word' id='word_1_339' title='bbox 764 4032 788 4081; x_wconf 77' lang='grc' dir='ltr'>(ι’</span> <span class='ocrx_word' id='word_1_340' title='bbox 807 4029 966 4096; x_wconf 82' lang='lat' dir='ltr'>persistitR</span> <span class='ocrx_word' id='word_1_341' title='bbox 1019 4045 1078 4082; x_wconf 80' lang='lat' dir='ltr'>esse</span> <span class='ocrx_word' id='word_1_342' title='bbox 1096 4031 1206 4096; x_wconf 83' lang='lat' dir='ltr'>oportet</span> 
     </span>
    </p>
   </div>
   <div class='ocr_carea' id='block_1_7' title="bbox 49 4126 1206 4327">
    <p class='ocr_par' dir='ltr' id='par_1_8' title="bbox 49 4126 1206 4327">
     <span class='ocr_line' id='line_1_37' title="bbox 49 4126 1206 4241; baseline -0.006 -17"><span class='ocrx_word' id='word_1_343' title='bbox 49 4173 152 4241; x_wconf 71' lang='lat' dir='ltr'>um&#39;pu&#39;</span> <span class='ocrx_word' id='word_1_344' title='bbox 167 4187 227 4223; x_wconf 81' lang='lat' dir='ltr'>esse</span> <span class='ocrx_word' id='word_1_345' title='bbox 242 4173 371 4238; x_wconf 84' lang='lat' dir='ltr'>oportere</span> <span class='ocrx_word' id='word_1_346' title='bbox 388 4171 461 4236; x_wconf 74' lang='lat' dir='ltr'>nae,</span> <span class='ocrx_word' id='word_1_347' title='bbox 477 4188 524 4222; x_wconf 89' lang='lat' dir='ltr'>om.</span> <span class='ocrx_word' id='word_1_348' title='bbox 540 4169 578 4221; x_wconf 79' lang='lat' dir='ltr'>l’b</span> <span class='ocrx_word' id='word_1_349' title='bbox 631 4126 721 4238; x_wconf 55' lang='lat' dir='ltr'>qbeG</span> <span class='ocrx_word' id='word_1_350' title='bbox 774 4170 808 4221; x_wconf 75' lang='lat'>24</span> <span class='ocrx_word' id='word_1_351' title='bbox 823 4167 992 4236; x_wconf 81' lang='lat' dir='ltr'>defetigetur</span> <span class='ocrx_word' id='word_1_352' title='bbox 1007 4168 1031 4219; x_wconf 88' lang='lat' dir='ltr'><em>G</em></span> <span class='ocrx_word' id='word_1_353' title='bbox 1043 4168 1078 4237; x_wconf 87' lang='lat' dir='ltr'>cf.</span> <span class='ocrx_word' id='word_1_354' title='bbox 1092 4166 1206 4234; x_wconf 75' lang='lat' dir='ltr'>Georpes</span> 
     </span>
     <span class='ocr_line' id='line_1_38' title="bbox 59 4255 962 4327; baseline -0.007 -15"><span class='ocrx_word' id='word_1_355' title='bbox 59 4259 162 4327; x_wconf 67' lang='lat' dir='ltr'>ll&#39;orp&#39;.</span> <span class='ocrx_word' id='word_1_356' title='bbox 181 4255 233 4310; x_wconf 73' lang='lat'>197</span> <span class='ocrx_word' id='word_1_357' title='bbox 253 4255 420 4325; x_wconf 79' lang='lat' dir='ltr'>defatigetur</span> <span class='ocrx_word' id='word_1_358' title='bbox 439 4255 518 4309; x_wconf 79' lang='lat' dir='ltr'>RPE</span> <span class='ocrx_word' id='word_1_359' title='bbox 570 4274 656 4324; x_wconf 81' lang='lat' dir='ltr'>usque</span> <span class='ocrx_word' id='word_1_360' title='bbox 677 4255 755 4308; x_wconf 84' lang='lat' dir='ltr'>GRP</span> <span class='ocrx_word' id='word_1_361' title='bbox 770 4271 858 4322; x_wconf 86' lang='lat' dir='ltr'>usque</span> <span class='ocrx_word' id='word_1_362' title='bbox 875 4255 911 4309; x_wconf 86' lang='lat' dir='ltr'>ad</span> <span class='ocrx_word' id='word_1_363' title='bbox 929 4255 962 4307; x_wconf 87' lang='lat' dir='ltr'>E.</span> 
     </span>
    </p>
   </div>
   <div class='ocr_carea' id='block_1_8' title="bbox 0 0 1403 4844">
    <p class='ocr_par' dir='ltr' id='par_1_9' title="bbox 0 0 1403 4844">
     <span class='ocr_line' id='line_1_39' title="bbox 0 0 1403 4844; baseline 0 0"><span class='ocrx_word' id='word_1_364' title='bbox 0 0 1403 4844; x_wconf 95' lang='lat' dir='ltr'> </span> 
     </span>
    </p>
   </div>
  </div>
 </body>
</html>
