2790 4844
366 270 551 321 tractatus
569 268 604 320 in
621 268 794 336 psalmum
814 267 934 323 CXVIII.
1159 268 1222 334 497

78 457 126 522 sit
172 455 288 521 iustitia
311 456 428 521 etenim
448 470 496 521 est
510 458 610 522 amica
626 456 807 536 concordiae,
830 458 1042 523 unanimitatis
1056 457 1224 539 uinculum,

79 561 318 627 fundamentum
351 561 445 642 pecie,
482 561 593 627 diuinae
627 567 718 645 atque
750 560 895 627 humanae
928 562 1055 627 rationis
1078 563 1223 644 operatio.

78 664 147 731 haec
170 665 273 748 itaque
295 664 447 747 propheta
469 664 557 744 fecit;
579 665 610 730 in
635 665 746 749 quibus
769 685 840 731 oum
856 686 932 747 opus
948 686 1039 732 suum
1054 667 1102 746 sit
1118 672 1221 733 tarnen

78 775 108 835 et
132 789 249 845 eorum,
273 768 384 853 quibus
407 769 555 834 iudicium
578 777 609 834 et
630 769 778 835 iustitiam
802 769 882 848 fecit,
905 769 1021 835 utilitas
1044 777 1101 836 est.

122 874 152 938 5.
176 871 315 938 Postulat
333 891 415 951 uero,
431 892 470 937 ne
494 872 674 938 nocentibus
698 893 732 938 se
755 876 902 941 tradatur.
947 874 1050 940 omnis
1072 874 1220 953 enimin
1264 904 1276 940 a

78 997 141 1061 quo
165 977 282 1058 peccati
306 976 448 1042 uoluntas
471 987 525 1054 est,
549 978 607 1042 deo
629 996 744 1043 uacuus
767 984 830 1056 est;
853 984 885 1044 et
907 979 958 1045 ubi
982 979 1059 1044 deus
1075 998 1136 1043 non
1156 979 1223 1056 erit,

78 1080 140 1146 illic
164 1078 277 1145 diaboli
299 1080 384 1146 locus
407 1087 462 1159 est,
486 1082 538 1164 qui
553 1081 704 1146 insidians
727 1087 818 1165 atque
840 1083 996 1159 obsidens,
1019 1082 1072 1148 ubi
1088 1083 1222 1148 adeundi

78 1185 317 1269 oportunitatem
341 1183 493 1262 habuerit,
515 1192 673 1268 tamquam
697 1205 827 1251 uacuam
848 1187 975 1252 domum
991 1193 1129 1268 occupet,
1153 1206 1222 1270 quas

78 1290 112 1367 ei,
138 1292 199 1355 deo
223 1308 292 1354 eam
315 1288 485 1367 deserente,
515 1290 556 1354 sit
578 1289 698 1354 tradite.
743 1297 775 1354 et
804 1289 955 1371 propheta
984 1291 1120 1375 quidem,
1152 1289 1224 1374 qnia

78 1414 113 1459 ex
129 1413 264 1474 persona
278 1393 417 1458 omnium
433 1393 620 1477 loquebatur,
644 1414 683 1459 ne
699 1395 791 1458 adeo
807 1396 954 1473 tradatur,
970 1402 1046 1460 orat
1083 1401 1222 1460 ceterum
1250 1422 1275 1460 ro

78 1497 234 1581 rpostolus
267 1496 363 1562 habet
395 1498 457 1562 iam
490 1498 520 1562 id
556 1499 587 1562 in
611 1517 644 1562 se
677 1497 808 1577 fiducie,
843 1505 876 1563 ut
897 1506 1075 1579 peccatores
1098 1498 1221 1564 diabolo

78 1602 180 1668 radat
202 1603 277 1683 ipse,
301 1621 372 1666 cum
394 1602 434 1666 ad
459 1600 634 1667 Corinthios
658 1601 696 1666 de
720 1622 765 1680 eo,
789 1601 841 1686 qui
871 1602 1088 1669 fornicationes
1111 1622 1219 1669 omnes

78 1725 269 1791 traegressus
291 1724 419 1770 uxorem
441 1705 537 1787 patris
560 1706 607 1770 sui
629 1714 800 1787 acceperat,
823 1706 945 1771 scribit:
977 1726 1050 1791 ego
1086 1713 1221 1773 sutem

78 1813 227 1877 ,bsens
258 1829 435 1890 corpore,
465 1829 645 1891 praesens
675 1816 805 1876 autem
833 1811 986 1892 spiritu
1020 1812 1097 1876 iam
1120 1811 1220 1877 iudi·

78 1916 168 1982 :aui
192 1920 394 1997 tamquam
417 1933 596 1995 praesens
620 1915 800 1999 eumqui
823 1913 897 1980 hoc
919 1915 1030 1993 fecit,
1054 1935 1220 2002 congre·
1250 1940 1275 1977 rs

78 2019 188 2104 gatis
220 2018 337 2083 nobis
372 2026 410 2083 et
443 2037 526 2083 meo
564 2019 717 2098 spiritu
751 2038 837 2084 cum
873 2020 1031 2086 uirtute
1070 2020 1222 2085 domini

90 2143 169 2189 esu
216 2123 379 2187 tradere
424 2122 547 2187 istius
585 2123 689 2187 modi
728 2129 880 2188 satanae
924 2124 964 2188 in
1005 2125 1222 2190 interitum

78 2226 225 2303 tarnis,
255 2235 296 2290 ut
326 2226 503 2306 spiritus
533 2224 674 2291 saluus
705 2226 784 2291 fiat
805 2227 844 2291 in
868 2228 933 2293 die
957 2228 1119 2293 domini.
1165 2229 1221 2294 sed

78 2332 147 2397 icet
169 2328 328 2411 apostolus
350 2332 459 2408 tradat,
482 2330 540 2395 scit
563 2337 666 2395 tamen
690 2350 724 2396 ee
747 2330 778 2394 in
802 2331 915 2396 uirtute
931 2330 1048 2397 Christi
1063 2339 1094 2397 et
1116 2332 1147 2396 in
1164 2351 1220 2396 suo

78 2435 185 2514 spiritu
207 2433 399 2499 traditurum.
445 2435 500 2500 sed
532 2439 563 2499 et
591 2434 621 2498 in
653 2432 714 2498 alia
737 2434 868 2516 epistula
889 2435 932 2500 ait
954 2437 993 2501 de
1015 2434 1167 2520 Phygello
1191 2442 1222 2501 et
1249 2456 1274 2494 so

78 2536 293 2622 Hermogene:
324 2557 423 2621 quos
446 2538 609 2617 tradidi,
631 2539 775 2622 inquit
806 2545 964 2617 satana,
987 2545 1028 2604 ut
1058 2539 1222 2623 discant

78 2660 152 2707 non
175 2641 473 2723 blasphemare.
509 2642 561 2726 qui
577 2642 659 2708 enim
674 2643 714 2707 ab
730 2641 870 2708 ecclesiae
885 2662 1013 2724 corpore
1024 2649 1219 2724 respuuntur,

78 2761 145 2826 lue
168 2745 285 2811 Christi
320 2752 368 2811 est
401 2765 521 2827 corpus,
556 2751 715 2829 tamquam
749 2747 906 2830 peregrini
940 2754 970 2814 et
999 2747 1091 2814 alieni
1121 2768 1139 2812 a
1170 2749 1220 2814 dei

78 2862 204 2932 wrpore
227 2850 396 2916 dominatui
420 2849 534 2915 diaboli
558 2850 730 2915 traduntur.

121 2987 154 3044 ra
171 2991 184 3043 1
202 2989 265 3043 eor.
283 2990 308 3054 a,
326 2992 351 3043 e.
387 2990 419 3044 ar
440 2990 453 3042 1
471 2989 542 3043 urm.
562 2992 585 3058 1,
603 2993 647 3058 ao,
665 2990 699 3043 cr.
718 2991 745 3043 rr
762 2989 833 3042 rim.
853 2993 877 3057 1,
896 2992 936 3043 rs.

115 3106 129 3158 l
155 3111 278 3164 amicitia
305 3110 452 3165 concorrlia
473 3113 495 3164 t'
510 3111 648 3165 amicitiae
676 3110 825 3165 concordia
854 3111 924 3181 VpE
974 3112 1176 3166 umanimitatis
1196 3113 1221 3165 R

101 3194 204 3251 tamen
222 3214 274 3251 nec
293 3202 423 3251 eorumt'
472 3199 574 3251 buero
587 3200 672 3251 oms
720 3197 840 3251 hominis
853 3199 962 3252 enimC
1012 3199 1099 3253 odeo
1117 3216 1221 3253 uacuus

78 3275 103 3320 ⁸⁸
129 3300 185 3337 om.
207 3285 230 3337 C
281 3291 309 3337 et
327 3284 375 3339 nbi
394 3284 462 3339 deus
480 3312 513 3320 —
532 3286 609 3338 loeus
627 3291 670 3338 est
688 3302 772 3355 emp
827 3285 882 3338 erit
899 3284 1076 3340 add.n1.2V
1126 3286 1219 3340 'ldis-

78 3354 135 3415 ³¹0
161 3372 183 3424 (Γ
229 3382 289 3442 post
308 3372 384 3425 locus
403 3377 445 3424 est
463 3373 541 3425 uerbo
560 3372 654 3425 stubi
672 3370 705 3425 ds
724 3372 1057 3441 estrepctirodel.m.2V
1105 3375 1220 3440 Sopor*

78 3448 224 3511 mitatem
240 3458 308 3511 Vrsa
327 3458 563 3527 opportunitatem
574 3458 625 3528 Ope
636 3458 765 3527 efficaci.
780 3477 810 3528 p.
823 3455 862 3511 28
914 3458 1029 3513 donhV
1081 3462 1114 3514 10
1130 3459 1220 3528 loqui·

78 3529 160 3597 *tur
183 3542 216 3599 ν’
271 3547 302 3599 11
322 3545 378 3599 am
394 3546 431 3599 ae
449 3544 478 3598 sn
496 3560 525 3598 a
543 3545 573 3598 sn
590 3543 708 3598 caueae
725 3543 910 3598 eaeor
961 3548 993 3599 12
1011 3544 1046 3599 aa
1064 3545 1219 3600 stanneos

115 3665 273 3720 eorinmiis
305 3664 444 3729 (corintiis
474 3664 507 3732 (')
539 3666 592 3736 Cpb
645 3664 844 3720 fornicationes
876 3666 901 3719 V
950 3666 1025 3720 omni
1059 3667 1083 3720 V
1109 3667 1170 3721 hrhs
1200 3669 1223 3719 C

78 3733 88 3786 3
111 3757 319 3823 tupergressus
334 3753 385 3823 pE
438 3755 470 3806 14
488 3769 618 3821 praesens
636 3756 687 3820 spu
700 3772 730 3805 ez
742 3769 872 3821 praesens
890 3769 1006 3822 corpore
1023 3769 1155 3822 praesens
1168 3759 1219 3823 spu

78 3844 96 3878 ¹·
128 3832 154 3885 ⁴2
174 3840 199 3892 V
247 3839 382 3894 indicauit
405 3838 440 3894 V¹
494 3843 527 3893 16
545 3839 748 3893 uirtuzzce
767 3840 793 3892 h
846 3838 952 3893 domini
977 3839 1033 3893 mei
1051 3840 1113 3895 lesu
1127 3840 1219 3912 p(A)b

78 3965 160 4030 19⁸0
184 3982 212 4033 et
238 3980 268 4033 in
288 3981 342 4049 (pt
360 3970 418 4032 eti
441 3978 467 4029 V
497 3980 533 4033 20
551 3979 590 4032 ait
608 3997 656 4032 om.
682 3979 706 4032 V
756 3936 833 4047 philo
851 3976 886 4043 (l)
905 3995 972 4032 corr.
991 3977 1063 4032 Μ
1085 3979 1111 4032 V
1126 3980 1219 4050 fygslo

84 4052 180 4127 ssflcro
193 4066 216 4118 C
221 4064 298 4119 fileto
304 4064 341 4136 p(
342 4066 379 4130 A)
416 4067 449 4119 21
459 4064 626 4133 hermogene
635 4085 666 4118 er
674 4065 871 4133 hermogenem
881 4063 945 4118 oa?
959 4065 984 4119 V
998 4080 1033 4110 Ξ
1042 4082 1189 4135 ermogenes
1197 4088 1219 4139 p

90 4156 224 4219 efflorens
252 4153 303 4206 RC
353 4156 384 4206 ut
410 4151 520 4206 discant
550 4170 598 4206 om.
628 4153 651 4204 (ξ’
699 4155 734 4206 22
751 4151 916 4206 blasfemare
948 4152 997 4207 VR
1050 4153 1167 4209 eclesiae
1199 4155 1223 4209 V

91 4234 271 4303 maeres
323 4240 358 4292 24
376 4238 520 4293 dominatu
538 4257 564 4309 p.

137 4356 201 4398 mr.
216 4357 288 4398 auu.
301 4358 358 4399 rsa.
372 4367 424 4408 pm
438 4358 458 4399 r.
1029 4345 1064 4399 22
