2790 4844
152 272 214 338 692
490 277 609 329 sancti
634 276 771 330 Hilarii
796 277 959 346 episcopi

151 464 263 528 atrium
288 470 349 529 est:
381 465 507 530 interior
536 472 638 531 autem
662 473 693 532 et
716 465 898 532 familiarior
926 466 993 531 atrii
1026 469 1119 533 sedes
1153 480 1215 534 est.
1261 472 1305 535 iu-

152 569 281 633 ten'ores
304 570 431 634 stabunt
453 588 538 653 ergo,
561 571 613 654 qui
636 571 667 635 in
691 571 767 635 atrio
791 579 870 647 sunt,
899 571 980 655 quia,
1004 573 1044 636 sit
1066 571 1142 638 licet
1167 574 1304 659 dignitas

150 674 181 736 in
205 673 297 736 domo
320 682 410 751 stare,
434 675 583 754 praeuenit
605 681 708 738 tumen
729 674 788 750 ille,
811 675 863 758 qui
880 674 910 739 iu
927 675 1005 740 atrio
1021 677 1155 742 steterit.
1204 678 1302 744 diuer-

151 796 203 841 sos
225 796 298 842 uero
322 797 391 843 esse
414 799 476 852 eos,
507 780 559 862 qui
584 780 614 843 in
638 780 736 855 domo,
760 788 789 843 et
814 799 875 856 eos,
898 781 951 863 qui
974 779 1004 844 in
1028 781 1106 844 atrio
1129 781 1207 854 sint.
1231 781 1300 847 abbi

111 909 123 944 s
151 880 303 964 propbeta
333 884 524 947 demonstrat
557 882 679 947 dicens:
715 883 889 963 plantati
922 885 961 948 in
995 885 1110 949 domo
1146 887 1299 951 domiui

151 985 188 1048 in
212 986 333 1050 atriis
357 987 419 1051 dei
444 987 574 1051 nostri
598 985 780 1052 florient.
805 987 1297 1055 maiorsruotusestellloruisse

151 1096 181 1154 et
213 1088 284 1154 licet
316 1090 464 1170 plantatio
496 1090 610 1156 babeat
642 1092 836 1175 dignitatem,
860 1091 1009 1172 praecellit
1038 1099 1148 1159 tamen
1181 1094 1296 1159 efdore

150 1195 302 1258 scentiam
326 1193 432 1271 bonor,
457 1197 536 1279 quia,
557 1202 589 1260 ut
611 1196 733 1260 initium
756 1196 786 1260 in
811 1195 999 1277 plantatione
1019 1202 1074 1273 est,
1090 1198 1132 1261 ita
1149 1199 1294 1282 gaudium

151 1297 224 1361 boni
247 1299 349 1376 operis
372 1299 402 1362 in
427 1298 501 1364 flore
525 1307 580 1364 est.

100 1421 125 1459 ιο
195 1402 224 1465 4.
250 1400 383 1482 Repperi
407 1408 510 1467 autem
533 1403 683 1486 quosdam
708 1404 872 1487 ambiguos
895 1404 978 1469 circa
1001 1402 1075 1469 boc:
1111 1406 1150 1469 in
1176 1406 1291 1470 atriis

151 1505 289 1571 domus
312 1507 465 1572 domini
496 1507 591 1572 fuisse
621 1507 772 1585 dicentes,
795 1507 911 1574 idcirco
936 1507 995 1573 hoc
1019 1530 1037 1573 a
1060 1509 1289 1574 translatoribus

150 1611 258 1690 primis
281 1610 438 1675 adiectum
461 1631 537 1683 esse.
562 1613 634 1696 quia
655 1613 713 1678 sub
729 1612 840 1677 iisdem
855 1612 998 1677 uersibus
1014 1614 1159 1696 sequenti
1175 1613 1287 1694 psalmo

150 1715 328 1793 continetur,
352 1715 548 1795 opinantibus
571 1716 646 1797 ipsis
669 1716 851 1797 scriptorum
875 1716 950 1780 uitio
972 1717 1005 1781 in
1029 1716 1117 1781 libris
1141 1716 1285 1782 hebreicis

150 1818 244 1883 fuisse
268 1820 466 1899 preteritum.
513 1823 569 1885 sed
592 1821 664 1885 noui
686 1821 880 1900 interpretes.
905 1840 974 1903 quae
1005 1821 1121 1895 uolunt,
1146 1827 1283 1886 tractent:

97 1943 123 1978 us
150 1922 239 1987 nobis
273 1943 346 1988 uero
380 1924 611 2008 obsequendum
646 1913 693 1990 est
727 1931 759 1990 et
792 1925 961 1990 auctoritati
996 1924 1229 1990 translationum
1258 1934 1282 1985 et

149 2028 305 2091 uetustati.

193 2133 221 2196 b.
247 2131 282 2195 ln
307 2131 386 2196 hane
409 2139 511 2198 autem
535 2153 623 2212 spem
647 2133 749 2197 standi
772 2132 803 2197 iu
827 2134 919 2199 domo
941 2139 973 2198 et
1002 2135 1033 2197 in
1064 2134 1153 2198 atriis
1175 2128 1276 2197 domini

150 2234 300 2315 propheta
337 2256 392 2299 nos
432 2235 568 2300 hortatur
613 2237 734 2302 dicens:
782 2237 819 2301 in
866 2237 1057 2303 noctibus
1102 2234 1274 2302 extollite

152 2359 290 2404 manus
322 2346 483 2405 uestras
514 2341 551 2404 in
583 2346 726 2406 sancta
749 2347 788 2405 et
810 2341 1049 2406 benedicite
1080 2341 1271 2405 dominum.

97 2460 122 2498 20
150 2444 272 2527 agimus
307 2445 388 2508 enim
434 2445 604 2510 secundum
638 2445 808 2526 apostolum
853 2445 910 2510 sub
955 2445 1147 2528 principibus
1180 2442 1269 2506 baruut

150 2549 355 2627 tenebrarum,
380 2555 411 2613 et
434 2569 492 2612 nox
514 2570 571 2615 nos
601 2549 704 2614 saeculi
728 2549 851 2627 detinet,
886 2568 956 2632 quae
990 2569 1046 2633 per
1077 2545 1266 2632 euangelicam

150 2652 402 2732 praedicationem
424 2653 485 2717 iam
510 2653 631 2734 proficit
653 2654 684 2718 in
709 2653 818 2718 lucem.
864 2673 924 2717 nox
954 2653 1039 2718 enim
1071 2655 1133 2717 iam
1161 2645 1267 2732 proficit

150 2757 228 2821 sicut
250 2758 356 2822 in‘die
380 2757 525 2823 decenter
547 2757 710 2823 ambulate.
756 2759 787 2822 in
811 2756 870 2822 bac
886 2757 982 2841 igitur
996 2762 1088 2822 nocte
1103 2751 1266 2840 ignorantia.

149 2863 341 2939 insidiarum,
365 2862 586 2938 infirmitatum,
610 2861 939 2941 concupiscentiarum,
962 2861 1108 2925 uitiorum
1135 2853 1267 2926 elenando

97 2983 122 3021 ²⁶
151 2986 260 3030 manus
284 2972 356 3031 sunt
377 2967 408 3030 in
432 2975 547 3042 sancta,
578 2986 638 3031 non
663 2966 701 3029 ad
725 2966 912 3045 precandum
937 2971 967 3029 et
989 2966 1143 3030 orandum
1165 2970 1269 3028 tautum.

150 3070 205 3136 sed
239 3080 270 3135 et
308 3071 347 3134 ad
385 3071 583 3150 operandum.
628 3090 735 3149 preces
774 3070 857 3134 enim
896 3071 987 3134 nudae
1024 3089 1086 3135 nou
1121 3065 1272 3149 proliciunt

150 3173 299 3239 eleuanda
322 3181 425 3239 autem
447 3195 541 3254 opera
564 3181 668 3238 nostra
690 3179 762 3239 sunt
785 3174 814 3236 in
840 3174 889 3237 dei
905 3179 1022 3251 sancta,
1045 3172 1076 3237 id
1094 3173 1185 3238 estin
1201 3166 1274 3234 nudis

149 3278 328 3352 uestiendis,
352 3279 383 3342 iu
407 3278 611 3343 esurientibus
641 3278 790 3354 cibandis,
819 3277 850 3341 in
881 3276 1056 3342 sitientibus
1085 3272 1279 3356 potentian

150 3383 282 3448 adflictis
316 3381 519 3455 consolandis,
549 3382 579 3445 in
611 3383 768 3463 oppressis
791 3380 983 3457 adiuuandis,
1003 3381 1035 3444 in
1058 3381 1203 3446 omnibus
1224 3376 1282 3444 dili·

98 3502 123 3539 ³⁰
150 3487 271 3571 gendis.
316 3486 383 3551 luae
406 3488 490 3551 enirn
514 3507 569 3551 nos
592 3486 624 3550 in
648 3485 707 3551 hac
732 3485 866 3566 corporis
890 3485 987 3550 nostri
1009 3482 1192 3551 infirmitate
1206 3503 1285 3551 sanc

150 3591 277 3663 tificant‚
301 3590 369 3655 baec
393 3590 450 3655 deo
478 3590 587 3670 placita
610 3595 641 3654 et
664 3595 784 3654 saneta
802 3594 881 3653 sunt.
928 3593 960 3654 et
989 3587 1049 3654 hoc
1079 3608 1143 3653 non
1176 3590 1294 3674 ignorat

193 3733 269 3787 bPe.
289 3731 358 3797 XCI,
380 3735 418 3786 14.
456 3735 490 3787 20
508 3732 608 3801 Ephes.
628 3731 673 3799 VI,
696 3735 734 3797 12,
770 3733 805 3784 29
823 3731 901 3784 Rom.
919 3731 993 3794 XIII,
1014 3731 1047 3783 12
1066 3747 1109 3799 sq.

196 3909 207 3957 l
229 3906 375 3959 interiores
395 3907 507 3959 stabunt
519 3863 538 3975 ἓ
549 3905 698 3958 'l'iuterior
718 3905 805 3958 stab‘t
818 3921 884 3970 ergo
896 3903 921 3955 P
930 3900 1049 3957 interius
1062 3920 1134 3974 ergo
1147 3909 1266 3964 stabunt
1277 3909 1302 3961 Ε

150 3990 277 4044 ddidsoa
304 3993 329 4044 T
380 3993 526 4047 (illorient
553 3993 603 4044 ΡΤ
628 3992 765 4045 florente
824 3989 1087 4044 ”lefllorisoentium
1117 3992 1145 4045 P
1201 3998 1235 4050 12
1254 3996 1302 4050 sub

151 4077 238 4130 isdem
267 4079 359 4132 uerbis
391 4080 449 4144 (sed
475 4082 501 4131 in
528 4098 608 4147 mery.
636 4079 774 4140 uorsibus)
804 4078 828 4129 T
879 4077 966 4130 salmo
993 4075 1020 4128 P
1078 4079 1117 4133 22
1136 4081 1255 4149 proficii
1281 4084 1304 4136 P

152 4164 253 4232 ,pfecit
282 4166 307 4216 T
332 4165 435 4233 prodiit
462 4167 490 4218 E
521 4163 684 4234 (προέκοψεν)
749 4163 860 4233 proficit
887 4161 922 4215 P¹
949 4162 1070 4241 profecit
1098 4164 1168 4220 ΡΤ
1195 4170 1305 4239 prolici-

151 4251 238 4305 scitur
259 4251 285 4303 Ε
301 4251 335 4318 cs.
354 4253 482 4305 addenda
534 4254 568 4306 29
586 4246 694 4306 omibus
714 4252 738 4303 T
755 4250 913 4305 bominibus
931 4267 962 4304 ez
979 4249 1110 4306 omnibus
1131 4273 1167 4309 ra.
1186 4255 1210 4310 2
1230 4259 1263 4313 P.
