2790 4844
363 281 544 331 tractatus
563 277 597 330 in
620 276 793 346 psalmum
813 275 930 331 CXLVI.
1157 277 1219 344 851

70 571 201 637 scimus.
247 579 278 638 et
300 570 368 638 haec
391 572 512 656 eloquia
534 571 639 637 diuina
662 578 819 654 tamquam
849 572 981 638 imbrem
1011 571 1221 658 intellegenda

71 695 144 740 esse
168 675 295 759 Moyses
319 682 448 742 testatus
472 675 659 742 estdicens:
685 682 927 757 expectetur
950 677 1058 742 sicut
1080 675 1220 757 pluuia

72 779 283 863 eloquium
320 801 444 847 meum
482 788 520 846 et
558 780 811 846 descendant
847 782 955 846 sicut
992 801 1057 846 ros
1095 781 1220 847 uerba

72 904 167 961 mea,
199 891 239 949 nt
268 884 409 967 pluuia
442 903 764 968 supergrameu.
810 884 877 949 hac
901 904 977 970 argo
1001 892 1091 950 terrae
1114 884 1219 967 pluuia
1259 913 1273 950 a

69 997 271 1070 praeparatnr‚
288 996 356 1070 post
372 1010 464 1073 qnam
481 990 602 1054 fanum
612 991 643 1054 in
660 988 818 1054 montibus
834 989 1013 1069 producitur
1028 996 1059 1055 et
1075 990 1220 1056 iumentis

71 1093 104 1156 iu
128 1112 234 1158 escam
255 1094 413 1175 propriam
433 1095 596 1175 praebetur.
643 1093 751 1177 opinor
767 1093 962 1160 fecundiores
979 1113 1049 1160 esse
1065 1094 1219 1160 montibus

71 1195 179 1274 ualles,
203 1218 271 1281 quae
287 1198 554 1264 circumiectorum
570 1196 692 1264 collium
709 1218 846 1264 concano
863 1196 973 1263 declini
989 1198 1020 1262 in
1037 1218 1072 1263 se
1088 1197 1220 1264 humore

71 1301 292 1383 pinguescant3
327 1310 357 1368 et
391 1303 466 1385 quid
499 1302 627 1367 rationis
661 1309 716 1377 eet,
750 1309 783 1367 ut
813 1305 854 1367 ad
885 1322 990 1368 escam
1012 1302 1218 1368 iumentorum

70 1406 200 1485 produci
234 1407 315 1472 saena
349 1406 511 1472 laudentur
544 1407 575 1471 in
610 1405 789 1473 montibus?
835 1412 865 1472 et
888 1426 1080 1490 quamquam
1113 1406 1219 1498 plures
1246 1429 1271 1469 ιο

69 1517 194 1575 montes
232 1511 372 1576 fecundis
403 1510 571 1576 uerticibus
601 1519 694 1594 atque
717 1510 858 1576 herbidis
881 1518 960 1589 sunt,
984 1518 1088 1576 tamen
1112 1531 1218 1576 rerum

68 1614 273 1695 corporalium
287 1615 465 1681 nominibus
481 1615 627 1696 spiritalis
640 1615 779 1681 doctrina
791 1623 932 1680 conserta
944 1623 999 1679 est.
1045 1616 1218 1696 producunt

66 1739 144 1804 ergo
168 1728 290 1785 montes
313 1721 459 1785 iumentis
484 1720 515 1784 in
536 1739 752 1785 escemsuam
775 1719 907 1798 faeuum;
931 1719 985 1784 sed
1010 1725 1142 1796 montes,
1165 1719 1218 1802 qui

64 1810 361 1889 exultauerunt
387 1825 494 1889 sicut
520 1824 684 1901 arietes,
707 1824 738 1888 in
764 1842 842 1907 qnos
864 1823 1044 1906 frequentor
1067 1823 1218 1904 propheta

61 1926 174 1994 oculos
198 1930 296 1993 erexit
319 1929 441 1994 dicens:
466 1927 604 1994 lenaui
627 1928 767 1993 oculos
791 1947 898 1993 meos
920 1928 959 1991 in
984 1935 1151 1994 montes.
1181 1926 1215 1992 hi
1243 1945 1269 1988 rs

58 2053 143 2118 ergo
162 2038 295 2115 montes,
318 2032 563 2114 patriarcharum
580 2031 799 2114 prophetarum
817 2032 1027 2112 apostolorum
1042 2037 1217 2116 martyrum

55 2137 254 2215 altitudines,
278 2137 359 2202 faena
374 2137 538 2219 pecoribus
563 2136 744 2222 producunt.
790 2143 820 2202 et
843 2137 956 2220 quibus
979 2137 1106 2202 tandem
1130 2157 1219 2221 peco-

53 2243 179 2309 ribus?
226 2240 351 2307 Esaiam
378 2243 556 2309 audiamus:
591 2243 770 2327 agnouit,
806 2241 915 2324 inquit,
953 2241 1023 2305 bos
1056 2260 1217 2321 posses·

53 2366 201 2413 sorem
243 2366 355 2411 suum
397 2353 435 2412 et
473 2346 615 2412 asinus
653 2347 904 2426 praeeaepium
943 2345 1095 2410 domini
1138 2345 1216 2422 eui;

52 2448 232 2516 Israhel
262 2471 357 2518 uero
392 2472 448 2517 me
482 2471 555 2515 non
591 2451 795 2535 cognouit.
842 2457 873 2516 et
896 2449 968 2533 qnia
1002 2469 1058 2530 per
1092 2447 1215 2515 hebetis
1243 2472 1269 2511 co

50 2561 187 2620 natnrae
224 2554 438 2639 irreligiosam
475 2555 701 2640 ignorationem
739 2573 850 2636 pecora
888 2560 960 2619 sunt
998 2553 1088 2630 dicta,
1129 2552 1217 2618 cibus

49 2679 191 2744 quoqne
226 2679 330 2724 eorum
365 2659 556 2743 significatus
587 2660 617 2723 in
648 2659 735 2724 faeno.
783 2658 840 2724 hoc
870 2677 944 2740 ergo
974 2657 1088 2723 lanum
1112 2662 1144 2723 et
1165 2656 1235 2750 his·

48 2763 216 2829 iumentis
239 2763 395 2843 praebetur
416 2765 447 2827 in
471 2764 635 2828 montibus.

108 2866 162 2932 10.
194 2867 230 2930 In
265 2866 404 2948 pluribus
441 2873 543 2932 autem
583 2867 741 2933 codicibus
779 2867 928 2932 inscrtum
966 2865 1049 2931 hunc
1088 2883 1215 2931 uersum

50 2971 349 3053 deprehendimus:
385 2978 423 3037 et
456 2970 621 3037 herbam
656 2964 852 3038 seruituti
877 2969 1088 3047 hominum,
1112 2975 1213 3042 utea,
1241 2987 1273 3028 aa.

40 3096 137 3162 quae
153 3080 296 3156 superius
311 3077 394 3141 dicta
409 3085 487 3153 sunt,
512 3076 550 3141 de
566 3075 693 3141 homine
706 3076 789 3140 dicta
801 3094 871 3141 esse
883 3095 939 3156 per
952 3074 1212 3155 nuncupationem

52 3180 168 3264 ipsius
192 3179 328 3260 hominis
352 3179 613 3265 intellegerentur.
659 3179 715 3245 sed
731 3200 787 3245 nos
804 3200 864 3243 uon
880 3198 1008 3263 egemus
1027 3177 1086 3243 hoc
1110 3196 1214 3243 sensu.

52 3303 140 3349 nam
164 3282 236 3350 licet
257 3304 317 3349 nou
341 3285 479 3368 inpediat
500 3285 646 3361 adiectae,
670 3304 729 3348 non
747 3291 946 3361 tamencum,
970 3291 1129 3366 tamquam
1151 3300 1214 3346 nou

109 3480 127 3531 a
147 3477 230 3531 naut.
249 3477 360 3543 xxxii,
379 3479 404 3531 e.
441 3480 473 3531 14
491 3475 535 3530 rs.
556 3476 651 3543 curu,
668 3478 694 3529 4.
732 3477 764 3530 rs
782 3475 824 3530 rs.
845 3475 925 3543 cxrc
946 3480 968 3529 1.
1006 3479 1039 3530 ra
1058 3475 1130 3528 asar.
1150 3475 1171 3541 1,
1189 3477 1215 3532 a.

111 3650 183 3704 lad
200 3649 344 3718 eligendos
360 3650 386 3702 R
438 3648 654 3715 &hymbrcmR
706 3648 894 3717 intellegenda
912 3668 943 3703 ex
960 3649 1214 3717 intellegendamR

63 3737 252 3806 Bexepeotur
279 3736 305 3789 R
374 3739 392 3790 4
418 3735 574 3804 aeloqnium
603 3736 628 3788 R
698 3739 715 3789 6
738 3739 802 3804 post
832 3752 915 3803 quam
946 3736 972 3789 R
1001 3753 1051 3804 per
1081 3752 1163 3803 quam
1188 3735 1218 3788 E

120 3823 135 3862 n

70 3877 83 3928 7
101 3876 203 3945 opinor
220 3878 256 3929 sic
274 3875 335 3929 ml
344 3876 370 3929 R
425 3877 457 3931 13
476 3875 523 3943 qni
542 3893 607 3929 eras.
622 3876 647 3928 R
703 3875 734 3929 15
752 3821 825 3928 hilR
880 3877 911 3928 17
928 3874 1001 3928 faeni
1021 3875 1047 3927 R
1064 3874 1176 3928 foenum
1189 3875 1218 3927 E

70 3962 148 4018 laena
162 3965 263 4032 rcripri,
278 3962 338 4032 quia
353 3963 363 4016 i
379 3974 402 4016 et
418 3980 433 4016 a
448 3965 552 4034 saepiae
567 3964 593 4015 in
609 3964 704 4015 nostris
719 3963 790 4014 librlr
805 3980 863 4015 nors.
878 3961 1072 4025 consumuntur
1084 3962 1119 4030 cs.
1126 3962 1218 4031 praef.

70 4061 177 4121 etcnpr.
188 4051 232 4104 lin.
246 4050 279 4103 10
334 4052 366 4104 19
383 4049 573 4118 praesaepium
584 4050 751 4118 Rpraesepa
762 4049 790 4100 E
840 4048 1027 4136 acuebatur
1080 4050 1115 4103 22
1134 4048 1217 4104 ahia

70 4154 106 4210 R¹
124 4155 168 4209 his
184 4151 250 4209 R'E
299 4157 335 4210 25
352 4155 635 4224 depraehendimusR
688 4155 867 4223 recupertus
887 4153 1061 4208 dictaom.R
1115 4154 1149 4207 27
1167 4170 1217 4208 nos

68 4263 116 4298 om.
138 4244 163 4296 R
216 4245 252 4299 28
269 4259 324 4296 non
343 4248 435 4297 tamen
454 4260 517 4296 cnm
536 4243 569 4295 R.
