2790 4844
355 261 536 311 tractatus
555 257 591 310 in
608 258 779 325 psalmum
799 258 918 313 CXLIII.
1144 257 1224 322 817·

61 466 124 510 non
149 447 301 530 cognouit,
324 467 398 511 suns
422 448 469 522 sit,
493 447 655 530 euangelia
678 449 797 525 docent,
833 468 904 513 oum
928 448 1030 513 aiunt:
1065 449 1103 512 in
1138 456 1236 513 sua

61 551 184 627 uenit,
208 557 246 616 et
268 551 330 616 sni
354 571 440 616 eum
464 571 537 616 non
561 560 820 633 receperunt.
865 553 904 616 in
935 552 1078 617 mundo
1109 559 1206 631 erat,

62 662 101 719 et
124 656 294 720 mundus
317 675 387 736 per
410 676 495 720 eum
519 655 653 721 faetus
676 663 746 734 est,
771 659 1001 722 otmundus
1025 676 1206 721 enmnon

61 759 266 842 cognouit.
312 760 367 824 sed
383 779 422 824 ne
439 759 516 824 sorte
532 758 583 825 hie
599 759 738 840 populns,
756 779 850 843 quern
868 780 928 824 non
941 761 1087 844 cognouit
1103 768 1133 826 et
1148 761 1206 825 sibi

60 864 198 941 semiuit,
210 883 271 927 non
284 883 357 927 suus
373 863 476 938 fnisse,
490 864 563 946 qula
575 884 635 928 non
647 871 713 929 erat
724 865 876 948 oognitus‚
890 864 1088 935 existimetur,
1102 863 1207 929 diuina
1246 887 1259 925 a

60 966 114 1031 illa
140 967 240 1051 Moysi
264 967 363 1032 cantio
387 986 525 1032 errorem
559 966 641 1033 huno
675 988 802 1033 omnem
836 968 1050 1052 ambiguitatis
1073 967 1206 1033 excludit

60 1071 186 1136 dicens:
232 1090 318 1136 oum
356 1071 577 1136 diuisisset
621 1072 810 1137 eroelsus
855 1078 1013 1157 gentes,
1059 1072 1207 1137 statuit

59 1177 172 1240 sines
220 1176 405 1260 gentium
451 1177 671 1241 seeundum
716 1196 923 1242 numerum
967 1176 1205 1261 angelorum

59 1299 235 1356 suorum,
270 1286 308 1344 et
330 1280 441 1344 saeta
465 1287 525 1344 est
548 1280 681 1360 portio
705 1281 855 1346 domini
887 1279 1059 1364 populus
1084 1280 1204 1345 laoob

59 1395 100 1448 et
131 1382 357 1448 funiculum
389 1382 643 1449 hereditatis
674 1384 760 1448 eius
783 1383 956 1449 Israhel.
1002 1383 1123 1449 Israhel
1145 1385 1204 1461 iste
1232 1411 1257 1447 a

57 1489 90 1552 in
116 1493 265 1553 aeternam
281 1487 485 1553 hereditatem
509 1488 607 1553 suerat
629 1487 761 1567 electus;
785 1495 815 1553 et
836 1488 914 1567 ideo,
938 1489 1009 1572 quia
1031 1487 1082 1552 illa
1105 1488 1204 1568 portio

58 1591 179 1656 domini
204 1598 275 1668 erat,
298 1593 392 1657 ceteri
415 1592 503 1676 quasi
526 1593 675 1676 incogniti
699 1592 902 1670 habebantur,
933 1593 1005 1676 quia
1035 1591 1080 1656 illi
1102 1597 1207 1657 essent

58 1718 117 1776 per
148 1695 345 1780 priuilegium
376 1697 522 1776 portionis
554 1696 651 1762 eleoti.
696 1697 743 1762 sui
774 1702 876 1762 autem
900 1716 1016 1768 omnes,
1040 1697 1114 1780 qnia
1135 1696 1205 1779 sibi,

58 1800 146 1884 quod
169 1806 248 1877 sunt,
272 1808 431 1884 tamquam
454 1801 570 1865 auctori
592 1821 647 1866 suo
671 1802 794 1866 debent.

105 1903 134 1968 1.
160 1902 281 1968 Subditi
305 1911 409 1969 autem
433 1906 459 1969 ei
483 1914 563 1984 sunt,
587 1925 656 1969 oum
682 1905 809 1970 dieitur:
846 1905 951 1970 siout
984 1904 1138 1969 dedisti
1170 1904 1204 1968 ei
1234 1933 1258 1971 a

59 2014 314 2091 potestatem
339 2009 466 2073 omnis
489 2009 637 2086 carnis,
661 2016 700 2073 ut
722 2029 835 2073 omne
855 2010 961 2092 quod
985 2007 1138 2073 dedisti
1162 2008 1206 2086 ei,

60 2115 130 2177 det
154 2110 217 2175 illi
249 2111 374 2176 uitam
415 2123 605 2178 aternam
643 2118 673 2178 et
695 2112 788 2177 illud:
824 2112 954 2176 omnia
988 2112 1080 2175 data
1114 2120 1207 2176 sunt

60 2214 224 2280 mihiin
248 2215 343 2280 oaelo
368 2217 464 2281 etin
489 2223 608 2282 terra.
654 2218 842 2282 dataautem
859 2237 920 2281 non
936 2223 1001 2280 tum
1017 2217 1044 2280 ei
1060 2215 1206 2298 primum,

60 2321 136 2404 quia
160 2320 221 2383 iam
245 2320 276 2383 in
301 2321 415 2384 mundo
450 2329 522 2398 erat,
546 2341 602 2401 per
637 2341 729 2404 quem
764 2320 897 2385 mundus
921 2327 987 2385 erat
1010 2320 1119 2396 laetus,
1154 2318 1206 2402 qui

59 2424 195 2508 gloriam
219 2425 336 2505 repetit,
360 2445 453 2508 quarn
477 2433 548 2490 ante
571 2426 817 2489 constitutionem
833 2425 943 2488 mundi
959 2423 1110 2488 habuerat
1125 2424 1205 2503 apud
1234 2450 1258 2488 oo

60 2538 203 2609 patrem;
227 2531 283 2594 sed
307 2529 377 2592 data
400 2536 469 2610 post
491 2528 625 2593 hominis
649 2529 905 2608 adsumptionem,
929 2528 1002 2611 quia
1023 2528 1065 2591 ita
1088 2527 1206 2592 dietum

61 2640 124 2698 est:
166 2633 231 2716 qui
270 2653 354 2697 oum
393 2634 432 2696 in
471 2633 598 2697 forma
635 2633 699 2697 dei
737 2641 854 2711 esset,
893 2633 1058 2696 formam
1096 2630 1206 2696 serui

61 2737 240 2817 aooepit:
279 2743 447 2818 propter
484 2738 588 2820 quod
634 2736 839 2801 exultauit
880 2735 996 2800 illurn
1035 2736 1132 2800 deus
1169 2740 1207 2800 et

62 2841 233 2905 donauit
266 2839 330 2904 illi
365 2861 514 2918 nomen,
539 2843 644 2924 qnod
679 2847 739 2905 est
769 2861 890 2920 snper
920 2860 1031 2904 omne
1055 2859 1205 2903 nornen.

62 2946 138 3028 quid
163 2965 237 3026 ergo
260 2944 308 3010 uel
333 2944 381 3009 oui
416 2942 569 3009 donatur?
614 2965 675 3008 non
699 2945 727 3009 ei
750 2944 864 3027 utique,
895 2944 948 3026 qui
978 2944 1009 3007 in
1034 2943 1134 3007 forma
1157 2943 1206 3007 dei
1233 2969 1259 3008 a

63 3057 137 3126 erat,
163 3049 302 3123 donatur,
325 3055 360 3113 ut
389 3049 438 3112 dei
469 3047 569 3113 forma
600 3050 655 3124 sit;
690 3049 859 3113 eratenim
892 3054 929 3124 et,
953 3048 1025 3130 quia
1048 3057 1121 3123 erat,
1144 3047 1207 3110 iam

64 3173 123 3217 non
155 3152 269 3236 egebat
298 3152 357 3217 hoo
388 3153 478 3218 dono.
525 3153 581 3217 sed
611 3151 667 3217 fuit
697 3171 791 3217 eausa
821 3151 965 3230 donandi,
997 3151 1076 3234 quia,
1099 3151 1152 3234 qui
1174 3150 1207 3215 in

64 3257 163 3321 forma
195 3257 245 3322 dei
280 3265 355 3333 erat,
389 3257 521 3320 formam
556 3257 639 3322 serui
674 3257 794 3340 accepit
829 3265 859 3320 et
892 3276 925 3320 se
959 3256 998 3321 de
1029 3255 1128 3319 forma
1157 3255 1207 3319 dei

65 3381 227 3437 emanans,
250 3360 383 3424 sormam
406 3363 487 3425 serui
512 3361 679 3425 adsumens
701 3380 800 3443 usque
823 3362 863 3424 ad
887 3368 1017 3424 mortem
1047 3358 1206 3423 oboediens

66 3465 128 3530 snit
174 3465 367 3529 oboedientiae
391 3484 464 3548 ergo
487 3463 540 3541 illi,
564 3484 618 3545 per
639 3484 733 3549 quam
749 3464 875 3528 habitus
891 3462 1011 3528 seruilis
1027 3462 1206 3541 adsumitur,
1233 3489 1259 3525 oo

108 3604 288 3670 lloh.I,Il;
309 3606 350 3659 10.
387 3605 496 3658 IDeut.
509 3605 622 3672 XXXII,
641 3605 658 3654 8
677 3622 716 3672 aq.
756 3607 787 3657 15
806 3604 863 3657 Ioh.
881 3603 965 3670 XVII,
984 3605 1008 3656 2.
1058 3604 1090 3656 17
1108 3601 1206 3655 Matth.

67 3691 188 3756 xxvnl,
209 3693 248 3745 18.
284 3694 319 3744 22
338 3691 406 3744 Phil.
427 3693 460 3758 ll,
480 3695 496 3744 6
515 3709 554 3759 aq.

105 3816 197 3868 iinon
220 3821 411 3882 cognouerunt
430 3815 455 3866 R
507 3818 525 3867 4
549 3831 631 3882 quem
656 3832 710 3866 non
735 3813 866 3881 cognouit
884 3814 910 3866 R
932 3829 1014 3880 quem
1033 3811 1164 3878 cognouit
1183 3813 1210 3862 E

66 3901 125 3963 sora
144 3907 174 3954 et
198 3901 246 3969 qui
272 3901 325 3955 sibi
387 3901 539 3969 apopulue
558 3900 637 3954 iacob
658 3901 683 3952 G
701 3901 779 3953 iaoob
799 3900 813 3951 1
825 3900 852 3950 E
914 3901 945 3953 10
963 3903 991 3951 et
1008 3898 1163 3951 iunioulum
1183 3898 1208 3949 G

67 3987 204 4041 funiculus
215 3986 241 4050 (a
253 3989 280 4040 in
289 4005 342 4040 raa.
352 4005 369 4040 α
379 4006 410 4038 m.
420 3986 453 4052 0¹1)
465 3987 634 4055 1111011111.
646 3988 661 4037 I
668 3987 695 4048 Γ,
708 3987 738 4038 77
794 3988 823 4038 ll
835 3985 864 4038 in
874 3991 1015 4038 aeternam
1025 3984 1208 4038 hereditatem

69 4075 118 4126 GR
136 4074 166 4127 in
184 4073 369 4127 hereditatem
387 4078 526 4127 aeternam
539 4075 566 4125 E
618 4076 651 4126 15
670 4073 770 4126 dedisti
790 4072 815 4126 ei
830 4072 854 4122 G
867 4071 967 4124 dedisti
980 4071 1055 4124 eisR
1109 4071 1141 4123 18
1153 4087 1208 4124 non

66 4167 122 4215 tum
142 4162 169 4214 R
187 4160 309 4214 nondum
328 4161 356 4212 E
409 4163 441 4214 19
459 4177 509 4228 per
526 4178 608 4228 quern
627 4159 746 4213 mundus
765 4165 824 4212 erat
845 4160 899 4211 GE
915 4177 962 4211 om.
983 4160 1008 4210 R
1060 4160 1095 4212 20
1111 4158 1208 4211 mundi

64 4268 111 4303 om.
133 4249 159 4301 G
213 4249 247 4301 23
266 4247 289 4301 ἀ
308 4253 423 4316 propter
442 4247 559 4314 quodR
612 4250 646 4302 26
665 4247 730 4314 quia
747 4252 807 4300 erat
825 4265 855 4299 ea
872 4246 938 4314 quia
956 4262 1003 4299 era
1021 4245 1054 4297 R.

114 4367 412 4417 xx11.utlu.Pler.om
967 4341 970 4347 ’
1018 4350 1053 4402 62
