2790 4844
151 247 193 312 98
493 243 610 297 sancti
636 241 771 296 Hilarii
795 239 959 311 episcopi

195 437 223 502 3.
246 433 438 511 Abimelech‚
468 432 720 513 interpretatione
751 434 846 509 uerbi,
884 435 1031 502 fratris
1070 437 1146 502 mei
1176 437 1297 516 impe·

150 541 251 606 rium
273 537 436 623 significat.
482 537 565 621 quod
600 536 684 601 enim
715 537 873 602 nobiscum
905 539 1008 604 fratris
1038 540 1099 605 mei
1130 541 1296 624 imperium

150 645 290 712 dicimus,
313 643 346 705 id
369 640 493 707 Hebraei
516 639 700 706 Abimelcoh
724 649 910 723 nuncupant.
935 663 1003 707 cum
1029 665 1104 729 ergo
1120 642 1204 709 Sauli
1218 644 1297 708 dici·

150 753 213 815 tur:
244 746 355 812 uenit
397 744 521 810 Dauid
551 744 590 808 in
628 745 782 808 domum
813 746 1064 826 abimelech,
1094 747 1137 812 illi
1167 749 1296 812 inimico

110 884 123 919 s
151 849 253 915 Dauid
290 849 452 925 nuntiatur,
490 848 572 931 quod
607 848 733 913 domam
763 848 923 932 ingressus
954 850 995 915 sit
1025 849 1128 916 fratris
1162 851 1296 933 imperii.

150 954 258 1018 domus
303 958 407 1017 autem
452 951 573 1035 imperii
621 951 724 1015 fratris
769 971 837 1034 quaa
883 952 938 1028 sit,
984 952 1093 1018 Petrus
1138 955 1297 1035 apostolus

150 1058 240 1123 docet
285 1056 407 1121 dicans:
461 1062 497 1119 et
543 1074 611 1120 uos
656 1056 773 1138 quasi
820 1054 982 1136 lapides
1032 1058 1115 1122 uiui
1168 1053 1297 1124 aedifi-

149 1161 297 1226 camini
343 1159 480 1224 domus
525 1158 736 1239 spiritalis
774 1159 819 1223 ed
865 1161 1141 1225 sacerdotium
1186 1182 1297 1227 sanc·

150 1271 237 1330 tum.
290 1273 321 1329 st
357 1263 453 1328 infra:
491 1283 561 1328 uos
593 1270 729 1328 'autem
768 1282 894 1348 genus
932 1262 1115 1332 electum.
1152 1266 1297 1351 regale

98 1402 122 1437 lo
151 1365 1297 1452 secerdotium,genassancturnplebsedpossidendum.

150 1473 182 1537 in
205 1472 286 1537 hano
316 1473 409 1557 igitur
440 1471 608 1552 spiritalem
639 1473 765 1536 domum
795 1470 970 1538 aedificandi
1001 1473 1032 1538 in
1067 1472 1172 1558 regale
1195 1494 1297 1559 genus

150 1596 265 1654 sumus,
289 1577 315 1640 si
337 1597 394 1657 per
416 1575 586 1657 spiritalem
609 1595 769 1655 corporum
794 1575 1030 1642 {edificationem
1046 1577 1221 1644 conformes
1237 1580 1297 1644 deo

151 1680 222 1746 sacti
252 1699 350 1765 genus
380 1678 488 1760 perfici
518 1678 623 1764 regale
653 1699 835 1744 mereamur.
890 1679 969 1745 hanc
1002 1701 1077 1766 ergo
1108 1682 1295 1748 Abimelech

150 1785 283 1862 domum,
306 1785 337 1848 id
361 1790 409 1849 est
427 1785 553 1849 domum
578 1783 703 1848 fraterni
721 1784 819 1866 regni,
839 1784 937 1849 Dauid
960 1784 1011 1850 ille
1036 1805 1135 1864 uerus,
1159 1794 1297 1864 sanctus,

98 1919 123 1958 1⁵
149 1908 212 1964 rex,
235 1888 341 1964 iustus,
365 1888 468 1952 oriens
492 1888 652 1972 ingressus
675 1893 740 1965 est;
772 1887 871 1953 sactus
895 1887 1014 1954 scilicet
1036 1890 1132 1954 nostri
1156 1891 1297 1971 corporis

151 1992 251 2056 homo.
297 2012 365 2074 qum
389 1993 499 2057 domus
523 1993 694 2057 fraternum
717 1992 746 2057 ei
768 2012 901 2076 regnum
925 1998 981 2068 est,
1004 1993 1076 2075 quia
1099 1994 1129 2056 in
1153 1994 1297 2059 eiusdem

149 2097 286 2177 corporis
310 2096 409 2181 gloria
432 2095 603 2161 coheredes
627 2115 732 2160 sumus
756 2096 845 2179 regni
869 2096 943 2175 eius,
967 2096 1034 2176 ipso
1065 2096 1204 2162 dicente:
1235 2120 1297 2164 ue·

149 2200 243 2279 nite,
267 2200 480 2266 benedicti
504 2199 636 2280 patris
659 2199 745 2277 mei,
775 2200 991 2280 possidete
1022 2207 1296 2282 preparatum

149 2305 263 2369 uobis
300 2323 470 2387 regnum
501 2324 519 2367 a
549 2303 850 2368 constitutione
886 2304 1030 2368 mundi.
1077 2306 1158 2387 quod
1190 2313 1295 2372 antem

97 2441 122 2477 20
149 2407 260 2474 fratres
284 2408 349 2473 eius
372 2408 442 2486 sint,
466 2427 596 2491 quorum
620 2407 746 2472 domum
770 2407 891 2490 regiam
915 2406 1008 2471 fuerit
1037 2408 1208 2491 ingressus,
1241 2430 1298 2491 per

149 2511 332 2593 prophetam
360 2517 490 2576 testamr
512 2512 543 2575 in
567 2509 686 2591 psalmo
710 2511 831 2576 dicens:
867 2511 1117 2576 adnuntiatio
1151 2533 1298 2580 nomen

150 2623 258 2681 tuum
282 2616 485 2682 fratribus
509 2616 617 2690 meis,
641 2616 679 2679 in
703 2615 835 2679 medie
858 2614 1232 2682 ecclesielaudabo
1251 2625 1298 2683 te.

149 2739 296 2786 mnaseas
326 2739 401 2802 ergo
431 2719 603 2784 secundum
640 2717 871 2799 praecedentem
910 2717 1064 2799 psalmum
1094 2727 1294 2801 peccatorum

148 2825 331 2889 remissione
357 2823 488 2888 uerbum
517 2842 589 2888 caro
614 2822 729 2886 sactum
762 2821 882 2887 habitet
911 2823 942 2887 in
974 2823 1071 2900 nobis
1102 2824 1153 2907 qui
1179 2832 1211 2890 et
1235 2825 1294 2890 fra·

97 2960 122 2998 aa
149 2933 212 2992 tres
236 2935 268 2992 et
291 2929 401 2992 domus
424 2926 570 3007 spiritalis
593 2933 625 2992 et
647 2925 754 3010 regale
777 2946 876 3009 genus
901 2947 1017 2991 snmus.

192 3101 330 3155 71Pstr.
349 3103 373 3169 2,
392 3104 416 3154 5.
452 3101 556 3155 aluid.
575 3104 599 3154 9.
638 3104 669 3154 17
688 3101 786 3154 Marah.
806 3100 890 3167 XXV,
908 3103 950 3154 34.
987 3103 1019 3154 21
1039 3101 1081 3154 Pe.
1101 3101 1174 3168 XXI,
1193 3105 1235 3156 93.

194 3363 204 3414 1
236 3361 483 3428 intsrpmetstione
507 3361 555 3414 VR
607 3362 624 3413 3
649 3360 744 3415 hebrei
777 3361 825 3414 VR
851 3360 980 3415 haebraei
999 3361 1049 3467 P¹
1075 3368 1239 3430 nuncupant
1262 3384 1291 3417 ar

147 3486 345 3552 nuncuparent
358 3480 390 3535 V¹
433 3482 906 3551 ofratriszzimperiisssratris
919 3481 1072 3561 imperium
1088 3483 1113 3533 1³
1154 3486 1294 3551 aquam

149 3587 202 3637 que
237 3587 303 3623 corr.
331 3588 355 3621 m
383 3567 403 3621 2
436 3570 459 3621 V
520 3572 537 3624 8
564 3569 659 3623 domos
690 3569 830 3637 spiritales
858 3570 883 3622 R
913 3569 942 3621 in
976 3552 1071 3623 domos
1107 3569 1248 3639 spiritales
1281 3591 1294 3625 e

148 3659 165 3710 9
183 3657 303 3710 electum
321 3675 369 3709 om.
393 3656 419 3709 V
427 3655 543 3718 forsitan
556 3659 584 3708 id
594 3658 664 3710 sacri
674 3666 754 3709 textae
771 3657 920 3708 uocabulum
932 3658 956 3708 t.
969 3658 986 3710 l.
999 3658 1081 3727 ipsum
1097 3657 1150 3708 inm
1160 3656 1294 3711 Hilarium

146 3743 245 3812 supisse
263 3761 293 3794 ar
310 3744 349 3805 iis,
365 3760 430 3811 qrtcc
447 3753 574 3807 secuntur,
592 3745 636 3796 uti
653 3744 788 3796 identidem
801 3744 895 3811 regale
911 3759 999 3811 genus
1013 3745 1168 3805 nominatur,
1181 3746 1297 3800 conum

144 3832 236 3901 possis.
292 3832 324 3883 12
349 3847 367 3898 p
394 3848 466 3899 supr.
493 3848 540 3883 scr.
561 3831 587 3883 R
638 3846 786 3898 corporum
810 3847 858 3883 om.
888 3830 1175 3886 ssessionem.
1230 3847 1296 3886 con·

147 3916 249 3970 formes
267 3917 319 3970 adn
330 3918 355 3969 P
408 3919 440 3971 13
458 3933 597 3970 meremur
615 3917 640 3970 V
690 3919 722 3970 15
738 3928 796 3987 post
815 3918 954 3986 ingressus
973 3922 1014 3970 est
1032 3914 1105 3969 3-4
1124 3918 1171 3970 titt.
1190 3921 1297 3974 emeli

147 4003 237 4056 nostri
255 4005 364 4071 corpori
384 4002 408 4052 R
460 4006 494 4058 16
511 4003 569 4058 nni
586 4003 640 4056 mei
660 4020 774 4072 regnum
795 4008 838 4058 cst
855 4004 880 4056 R
898 4002 1050 4057 fraternum
1068 4020 1187 4071 regnum
1211 4013 1255 4060 ast
1277 4008 1300 4060 P

147 4089 242 4144 fratris
269 4092 324 4145 moi
351 4108 466 4159 regnum
494 4096 567 4145 este
622 4094 654 4145 17
679 4090 797 4160 gloriam
816 4091 842 4142 P
895 4092 926 4143 19
952 4089 1150 4196 constituitipne
1176 4108 1209 4144 ex
1232 4109 1299 4148 con·

146 4210 319 4266 stitutionem
338 4211 410 4266 Μ
433 4213 458 4264 V
507 4215 542 4266 211
560 4213 661 4266 eclesia
682 4213 706 4264 1γ
720 4212 869 4267 aecclesiae
882 4211 908 4264 R
960 4210 1094 4290 laudabor
1131 4211 1162 4264 P.
