2790 4844
371 262 550 310 tractatus
569 257 603 309 in
626 257 796 323 psalmum
817 256 922 310 CXLII.
1153 256 1216 322 807

115 449 144 512 4.
167 447 208 511 Et
229 447 299 512 ideo
322 447 452 512 subiecit
474 449 514 512 ad
538 447 578 525 id,
595 448 676 530 quod
694 467 727 511 ss
743 447 774 510 in
791 446 908 511 iustitio
923 446 973 511 dei
988 447 1088 511 orauit
1103 447 1217 512 audiri:

68 561 109 616 et
133 572 209 615 non
234 551 368 616 intres
392 552 431 615 in
455 551 653 615 iudicium
678 571 762 615 oum
787 571 906 615 seruo
927 556 1007 615 tuo:
1033 551 1217 634 quianon

67 655 380 720 iustificabitur
403 655 441 719 in
466 663 686 734 conspectu
711 661 776 719 tuo
799 654 1096 721 omnisuiuens.
1142 656 1218 739 quid
1312 647 1319 661 '

69 760 156 824 enim
180 759 246 840 spei
270 767 325 837 est,
349 759 374 823 si
398 759 534 823 iudicare
559 779 614 823 nos
646 760 817 824 secundum
849 779 883 823 se
914 761 991 824 deus
1014 758 1096 836 uelit,
1128 760 1153 825 si
1177 761 1218 825 ad

68 865 322 946 conparationem
356 864 404 928 sui
438 864 509 928 uitae
544 869 658 928 nostrae
681 863 889 927 innocentiam
913 861 1104 944 postulabit?
1131 864 1216 930 iusti·
1257 891 1270 926 r

67 967 158 1033 ficari
181 976 283 1033 autem
308 968 338 1032 in
364 973 531 1048 conspectu
562 967 612 1032 dei
643 969 714 1051 quis
743 967 913 1032 uiuentium
944 975 1052 1048 potest,
1085 969 1134 1033 cui
1164 968 1217 1046 ira

66 1072 120 1137 cui
145 1070 239 1142 dolor.
274 1073 321 1136 cui
357 1072 519 1152 cupiditas,
551 1071 598 1136 oui
633 1071 794 1155 ignoratio,
831 1071 879 1136 cui
902 1071 1024 1150 obliuio,
1047 1072 1097 1136 cui
1120 1092 1217 1147 casus,

67 1176 119 1242 cui
144 1175 311 1242 necessitas
345 1175 394 1240 uel
418 1196 474 1256 per
496 1184 638 1240 naturam
661 1177 798 1256 corporis
814 1175 863 1240 uel
886 1197 941 1257 per
965 1182 1082 1241 motum
1106 1177 1217 1242 anime

67 1300 197 1360 semper
233 1280 410 1345 fluctuantis
448 1279 587 1344 admixta
625 1280 673 1357 sit,
711 1279 760 1344 cui
797 1286 827 1344 et
864 1279 975 1344 cotidie
1013 1281 1218 1364 grauissimus

67 1384 171 1449 host-is
195 1384 363 1465 immineat,
388 1382 529 1449 diabolus
552 1383 697 1448 uidelicet
721 1383 832 1448 animae
855 1383 912 1448 uiri
937 1383 1038 1449 fidelis
1067 1384 1217 1450 insidians
1245 1409 1269 1446 ro

68 1508 206 1571 eamque
240 1488 280 1552 ad
313 1487 471 1552 interitum
506 1485 722 1570 persequens?
768 1486 849 1553 hanc
884 1488 966 1551 onim
1001 1508 1069 1553 esse
1092 1487 1217 1553 causam

68 1594 172 1670 docet,
211 1613 271 1676 qua
309 1612 400 1657 nemo
430 1593 540 1657 uiuens
571 1590 730 1656 iustificari
754 1592 784 1655 in
820 1598 987 1672 conspectu
1021 1593 1069 1657 dei
1104 1593 1216 1673 possit:

67 1696 168 1780 quia
190 1703 435 1776 persecutus
458 1703 520 1760 est
541 1695 734 1760 inimicus
751 1697 924 1760 animam
941 1716 1071 1774 meam,
1095 1696 1216 1762 humi·

68 1800 254 1864 liauitin
279 1800 537 1865 terrenitam
573 1820 707 1877 meam,
744 1798 969 1865 collocauit
1001 1821 1058 1865 me
1088 1801 1127 1864 in
1157 1801 1217 1865 ob·

68 1904 208 1969 scuris
242 1904 351 1970 sicut
384 1910 565 1968 mortuos
599 1902 749 1968 saeculi.
795 1903 968 1969 obscuritas
991 1924 1046 1984 per
1080 1904 1217 1984 corporis
1245 1901 1270 1963 ra

68 2009 146 2073 uitia
169 2005 344 2086 effunditur,
368 2019 399 2072 et
421 2027 493 2072 cum
518 2027 573 2088 per
596 2007 711 2071 diaboli
726 2007 854 2090 laqueos
870 2007 902 2071 in
918 2007 1102 2087 cupiditates
1118 2009 1218 2073 caruis

68 2111 247 2189 incidimus,
279 2133 297 2177 c
328 2111 513 2195 cognitionis
548 2109 616 2176 luce
652 2109 773 2192 depulsi
806 2111 837 2175 in
872 2111 1012 2177 obscuris
1035 2110 1219 2176 collocamur

69 2214 237 2300 gentilium
261 2215 398 2280 tenebris
422 2215 558 2280 demersi
581 2221 611 2280 et
634 2214 829 2280 saecularium
845 2234 973 2295 operum
989 2224 1078 2280 nocte
1093 2215 1218 2280 detenti.

115 2320 145 2385 5.
170 2318 232 2385 Sed
256 2319 485 2403 quantumlibet
515 2338 705 2403 persequens
736 2319 873 2383 animam
896 2319 1040 2383 inimicus
1064 2325 1094 2383 et
1117 2317 1218 2382 humi-

71 2424 153 2489 lians
175 2424 208 2487 in
231 2443 358 2504 corpore
382 2430 542 2506 tamquam
566 2430 722 2487 mortuum
746 2421 848 2487 saeculi
872 2422 1000 2488 collocet
1021 2422 1053 2486 in
1080 2423 1218 2492 obscuro,
1246 2453 1271 2490 a

71 2526 221 2609 spiritalis
245 2534 349 2592 tamen
372 2527 430 2591 uiri
454 2527 593 2592 anxietas
623 2525 673 2592 his
696 2527 832 2606 corporis
855 2527 992 2592 tenebris
1015 2546 1074 2590 non
1099 2533 1219 2590 tenetur

71 2639 104 2697 ot
126 2651 181 2697 cor
204 2630 378 2712 superbae
401 2631 470 2711 ipso
492 2636 608 2695 naturae
639 2650 702 2695 susa
732 2630 913 2695 infirmitate
944 2631 1082 2695 turbatur
1104 2649 1218 2713 repug-

72 2755 215 2817 nansque
237 2734 321 2800 uitiis
346 2733 504 2799 hominem
527 2755 618 2799 suum
641 2734 672 2798 in
697 2735 881 2799 memoriam
900 2734 1010 2814 primae
1026 2754 1089 2799 suae
1105 2734 1217 2799 consti-

72 2839 199 2905 tutionis
222 2846 252 2903 et
274 2839 306 2903 in
330 2838 562 2904 meditationem
598 2839 647 2904 dei
682 2858 811 2919 operum
846 2839 1005 2904 conuertit
1051 2837 1217 2903 nonenim

72 2963 144 3009 eum
169 2942 314 3009 inimicus
336 2943 369 3006 in
392 2942 532 3008 obscuris
555 2947 709 3007 mortuum
733 2941 845 3019 saeculi,
873 2944 929 3007 sed
953 2949 1113 3025 tamquam
1137 2961 1218 3006 mor·
1245 2973 1270 3011 ss

74 3054 161 3112 tuum
184 3045 288 3110 saeculi
312 3045 486 3112 collocauit:
509 3065 566 3127 per
588 3049 670 3129 quod
693 3045 819 3111 libertas
843 3046 968 3126 spiritus
983 3066 1107 3126 semper
1128 3045 1160 3110 in
1183 3065 1218 3110 se

74 3151 157 3215 anxii
179 3157 364 3215 reseruntur.

117 3255 149 3320 6.
173 3253 211 3318 ld
234 3253 317 3318 enirn
340 3254 495 3337 sequitur:
530 3261 567 3318 et
601 3254 791 3318 anxiatus
815 3259 877 3319 est
899 3255 937 3317 in
962 3274 1019 3318 me
1042 3253 1218 3334 spiritus

76 3378 200 3424 meus:
235 3357 274 3421 in
309 3378 366 3423 me
400 3358 606 3423 turbatum
631 3364 942 3423 ostcormeum.
988 3356 1216 3422 memorl'ui

76 3462 230 3528 dierum
270 3463 543 3545 antiquorum,
582 3462 805 3527 meditatus
842 3481 926 3526 sum
960 3462 999 3524 in
1032 3460 1218 3526 omuibus
1244 3491 1270 3529 so

76 3566 430 3648 operibustuis‚in
451 3565 578 3630 factis
596 3585 780 3629 manuum
797 3572 953 3629 tuarum
979 3563 1217 3630 meditabar.

76 3671 134 3736 scit
156 3671 263 3735 Adam
286 3690 304 3734 a
327 3669 451 3735 diabolo
474 3677 599 3750 captum
623 3675 653 3733 et
675 3669 789 3734 idcirco
809 3689 930 3733 memor
952 3675 1000 3733 est
1022 3669 1218 3751 antiquorum

76 3775 206 3840 dierum.
252 3773 311 3839 scit
341 3794 412 3838 eum
443 3794 500 3855 per
531 3772 808 3857 transgressionem
840 3771 918 3856 legis
952 3772 1124 3837 constitutas
1148 3778 1220 3837 eta

116 3983 181 4038 ain
200 3983 304 4037 iudicio
323 3984 349 4037 R
401 3982 554 4036 liudicari
570 3984 596 4036 R
649 3981 822 4050 'lignoratio
841 4000 871 4034 cc·
889 3957 1062 4052 ignoratiop
1115 3983 1217 4049 9quo·

73 4069 160 4123 tidisc
187 4070 214 4124 R
279 4069 384 4125 leniri
411 4087 482 4140 supr.
510 4087 559 4122 scr.
584 4088 604 4139 p
670 4071 700 4123 17
719 4069 798 4121 lucae
825 4068 851 4121 R
903 4067 932 4120 in
959 4067 1084 4122 obscuris
1111 4068 1165 4120 RE
1190 4069 1218 4121 in

73 4157 229 4228 obscurop
281 4159 317 4212 90
334 4162 508 4226 mortusmp
560 4159 592 4210 al
616 4173 670 4209 uon
689 4161 800 4208 tenetur
816 4155 865 4225 pE
882 4155 1041 4209 continetur
1059 4155 1085 4208 R
1137 4156 1172 4210 28
1189 4154 1219 4207 in

72 4260 118 4298 ms
137 4244 254 4313 spiritus
271 4243 299 4297 R
316 4259 399 4312 super
417 4259 461 4296 me
478 4242 594 4311 spiritus
609 4243 660 4313 pE
675 4242 708 4306 cs.
728 4243 847 4296 Subotier
864 4241 903 4308 11,
921 4239 986 4296 276.
