2790 4844
380 256 565 309 Addenda
592 263 628 310 et
656 260 911 328 corrigenda.
1146 256 1219 320 XXI

65 403 122 441 Μ.

176 463 263 531 essere
290 462 416 515 extitisse
449 480 484 516 ex
510 464 605 518 multis
634 466 885 520 uetustissimorum
930 466 1065 519 librorum
1093 465 1219 534 uestigiis

175 549 299 613 uidebis3
319 566 370 602 cur
396 549 448 602 hoc
475 550 537 603 loco
558 570 585 603 ec
613 552 684 605 inV
712 552 897 619 interciderit,
916 569 951 606 ex
976 552 1100 620 apicibus
1119 551 1218 604 codP

178 637 220 700 (ee
239 636 461 690 confundebatur
481 654 545 690 cum
563 638 634 704 llaec)
651 638 731 693 lecile
749 640 904 709 intelleges.

67 744 130 801 224,
154 744 185 794 te
204 741 232 792 in
252 742 314 793 sdn.
333 740 467 808 adiunge:
487 758 553 795 erue
570 745 593 795 Ιι.
613 745 629 795 l.
654 744 683 807 1³,
702 747 749 796 ssd
765 745 838 812 infre
857 755 880 796 et
899 747 953 814 ipre
971 744 1055 811 eripe.

67 831 130 892 266,
150 829 166 877 7
185 846 243 879 cnm
264 829 372 880 Graecis
390 827 408 880 l.

67 919 129 973 2¹56,
151 917 184 967 10
203 915 238 967 de
257 915 346 967 forma
362 916 470 982 τράγοις
489 915 523 968 cf.
542 933 612 984 quae
631 917 689 969 dixi
708 916 793 969 Beitr.
812 934 839 984 p.
859 918 918 969 217.

66 1004 164 1066 ’Λῖὴὸ
186 1002 259 1067 quod
287 1002 361 1054 solus
386 1003 412 1054 R
437 1005 550 1070 pontium
577 1004 679 1070 omisit,
709 1004 917 1071 praetermissio
945 1002 1019 1055 illius
1047 1002 1149 1055 codicis
1176 1008 1217 1055 est

174 1088 274 1139 similis
294 1106 396 1151 earum,
416 1088 450 1141 dc
472 1089 571 1156 quibus
590 1107 664 1158 supr.
690 1107 716 1158 p.
736 1091 760 1143 X
782 1089 995 1157 disputauimus,
1015 1106 1077 1141 cum
1096 1088 1162 1141 alibi
1188 1089 1215 1140 in

175 1173 281 1226 talibus
300 1174 367 1226 beec
387 1191 441 1228 uox
459 1192 567 1243 semper
584 1176 679 1229 addita
697 1177 747 1241 sit;
772 1176 806 1229 cf.
825 1194 851 1244 p.
871 1179 912 1242 89,
935 1179 978 1241 133
1004 1177 1062 1240 348,
1084 1178 1129 1240 143
1156 1177 1216 1242 481,

176 1263 208 1325 93
227 1263 288 1326 509,
309 1263 353 1325 173
371 1262 431 1327 680,
449 1262 491 1316 26,

65 1352 126 1401 391.
150 1351 185 1400 16
203 1348 233 1399 in
252 1349 314 1400 adn.
333 1348 416 1400 adde:
443 1351 478 1417 cs.
505 1350 620 1401 Roenscl
645 1350 704 1402 Ital.
727 1369 754 1419 p.
775 1349 837 1414 470,
862 1351 933 1403 Stolz
958 1350 988 1402 L.
1008 1348 1073 1415 ³16,
1103 1350 1216 1417 (leorpec

186 1435 281 1502 Worts.
299 1435 366 1487 «ill.
684 1471 687 1476 -

59 1523 123 1587 407,
148 1523 183 1573 18
200 1522 264 1574 edu.
292 1522 327 1590 cf.
342 1519 447 1591 praefi]
474 1523 508 1586 cs.
537 1524 663 1576 stridendo
682 1523 699 1575 l.
728 1551 760 1559 -
789 1522 922 1576 uitiosum
949 1522 1019 1575 illud
1045 1532 1080 1575 est
1099 1522 1123 1586 (ἓ
1143 1522 1218 1591 post)

173 1610 297 1670 curaque
323 1608 352 1660 in
379 1609 497 1662 lectione
525 1609 548 1662 R
576 1611 737 1676 ceteroquin
765 1627 832 1663 sane
859 1627 890 1662 sc
918 1628 938 1662 s.
976 1609 1116 1662 Ambrosii
1134 1615 1214 1662 textu

174 1694 339 1748 confirmata
365 1711 400 1748 ex
426 1696 540 1762 antiqua
566 1695 762 1765 dittographic,
792 1701 823 1749 ut
841 1697 957 1765 saepius,
985 1701 1076 1749 ortum
1104 1697 1216 1748 uidetur

174 1798 311 1848 errorque
331 1786 438 1835 mature
457 1782 526 1835 alios
545 1782 674 1837 librarios
693 1784 728 1836 sd
746 1783 977 1851 interpolationes
995 1784 1117 1836 adduxit.
1256 1774 1260 1780 ⁵

57 1891 121 1953 12²0,
144 1888 164 1937 2
184 1885 339 1937 notandum
359 1891 401 1938 est
419 1885 536 1939 formam
564 1889 667 1956 aptisque
684 1905 736 1955 pro
754 1889 866 1957 quisquis
894 1886 938 1951 (cf.
967 1887 1050 1939 Acad.
1069 1904 1094 1954 p.
1113 1888 1158 1949 29)
1178 1886 1216 1940 ibi

176 1977 289 2024 tanturn
308 1973 336 2024 in
355 1977 464 2025 textum
483 1990 542 2026 esse
560 1974 715 2040 admissam,
735 1975 782 2027 ubi
802 1974 846 2027 uel
866 1973 959 2026 codice
979 1973 1064 2026 Geel
1084 1990 1216 2026 consensu

176 2059 229 2111 VR
248 2058 361 2124 (VRPT,
380 2058 481 2128 VRCp)
501 2058 723 2114 confirmabatur.

54 2153 122 2213 595,
147 2151 184 2199 16
204 2143 307 2211 tumen]
324 2162 387 2198 cum
409 2146 434 2198 tt
453 2147 577 2213 semaei,
605 2147 639 2200 cf.
664 2148 698 2199 dc
723 2147 807 2200 simili
833 2148 891 2200 eius
915 2147 990 2199 uocis
1016 2164 1065 2198 usu
1083 2145 1141 2212 (ubi
1159 2146 1216 2199 sere

179 2253 210 2274 -τ
233 2231 311 2296 certe)
331 2231 428 2285 Hertel
448 2232 526 2286 Stud.
545 2251 570 2301 p.
588 2237 623 2286 44
641 2240 669 2287 et
688 2234 750 2287 infr.
770 2251 795 2301 p.
814 2238 873 2299 872,
892 2235 916 2286 ὅ.

52 2325 121 2383 627,
144 2326 165 2371 6
185 2319 237 2371 ubi
256 2321 318 2386 quid
330 2335 365 2372 ex
377 2322 437 2388 quin
452 2318 506 2384 (G)
520 2320 657 2387 frequenti
676 2321 725 2373 illa
743 2321 900 2373 litterarum
915 2340 930 2371 a
945 2326 971 2372 et
985 2323 1003 2371 d
1014 2321 1216 2388 permutatione

175 2406 223 2462 (οἱ.
243 2423 317 2473 supr.
329 2423 355 2473 p.
376 2406 463 2470 XVII)
478 2413 602 2460 correcta
614 2407 733 2473 restitui,
752 2425 786 2459 ne
801 2407 871 2459 forte
891 2407 987 2459 credas
1000 2406 1165 2474 simpliciter
1183 2423 1215 2459 ex

183 2493 234 2545 VR
264 2495 307 2560 qai
336 2491 394 2560 (put
413 2514 444 2535 =
465 2493 603 2562 quomodo)
634 2494 824 2561 recipiendum
855 2493 948 2560 fuisse,
978 2494 1103 2546 conferas
1133 2494 1216 2545 uelim

176 2597 205 2647 p.
225 2581 285 2642 634,
304 2582 327 2643 6,
347 2578 394 2633 ubi
412 2580 486 2633 idem
506 2580 528 2632 V
536 2584 633 2648 aperte
650 2597 768 2648 peccans
787 2580 876 2634 denuo
896 2583 938 2649 qui
955 2597 1007 2648 pro
1026 2582 1087 2648 quid
1098 2580 1216 2646 scripsit.

55 2670 124 2734 658,
147 2669 167 2719 3
187 2665 236 2719 ubi
257 2666 286 2717 in
304 2665 366 2719 adn,
386 2669 506 2719 nesciaet
524 2670 551 2719 in
570 2669 638 2735 qnod
660 2669 721 2720 eluti
743 2678 801 2719 sunt
818 2678 983 2736 perseverent
1001 2683 1036 2719 ex
1054 2678 1080 2718 ut
1098 2669 1173 2718 semel
1192 2669 1215 2716 in

179 2754 209 2803 id
223 2755 291 2820 pncd
300 2754 361 2804 elati
371 2764 429 2805 sunt
440 2765 602 2823 perseverent
614 2753 794 2807 reficiendum
807 2771 866 2807 esse
884 2754 990 2822 putaui,
1009 2772 1041 2806 ea
1060 2752 1217 2806 coniectura

176 2839 245 2901 illis,
264 2855 334 2905 quac
347 2857 430 2907 supra
442 2858 467 2909 p.
477 2840 553 2893 XVll
567 2841 600 2894 de
613 2839 638 2892 in
652 2845 680 2894 et
692 2843 720 2893 id
731 2841 852 2894 confusis
865 2840 981 2908 ideoque
997 2840 1136 2893 interdum
1150 2838 1217 2891 salso

176 2926 306 2993 repetitis
325 2926 453 2993 diximus,
477 2927 559 2980 ualde
583 2928 771 2980 commendari
795 2928 907 2981 uidetur
935 2926 972 2996 (p.
994 2929 1051 2993 137,
1070 2929 1104 2978 25
1122 2944 1172 2993 pro
1191 2929 1216 2978 in

175 3032 218 3075 etr,
245 3030 321 3080 wem
348 3015 534 3083 udutmpaerat,
564 3016 706 3066 bumilitate
739 3015 787 3066 VR
805 3013 936 3067 similiter
963 3017 991 3066 in
1018 3016 1047 3065 id
1072 3032 1110 3071 en,
1142 3031 1216 3082 prtum

175 3100 368 3169 cnlonnpesrct,
380 3096 523 3153 hnmilitate
536 3101 708 3169 praebentl);
727 3101 776 3154 sed
789 3118 851 3154 cum
864 3101 891 3152 b.
905 3102 922 3153 l.
936 3103 1004 3153 inid
1018 3103 1086 3169 qttod
1102 3101 1216 3153 forsitan

174 3185 360 3239 nibilominus
378 3187 450 3254 apud
470 3188 529 3240 eius
548 3189 646 3241 setetis
665 3187 831 3255 scriptorem
850 3188 969 3255 quodam
989 3187 1071 3240 modo
1083 3187 1216 3254 explicari

176 3290 259 3340 posse
287 3272 426 3326 llertelius
453 3291 497 3327 rue
525 3274 676 3327 monuisset
700 3272 745 3339 (=
766 3277 793 3326 in
812 3292 848 3341 ec,
867 3277 894 3326 in
914 3274 1003 3343 qnod),
1031 3279 1138 3328 textum
1163 3290 1217 3325 non

176 3358 295 3411 mutaui.
331 3360 403 3412 idem
428 3361 472 3413 nir
496 3360 672 3414 doctissimus
696 3361 781 3414 etiam
806 3361 840 3413 de
859 3361 1018 3414 coniectura
1035 3363 1062 3413 in
1080 3363 1108 3412 id
1126 3359 1170 3424 (z
1191 3363 1216 3410 in

175 3447 222 3507 eo)
242 3461 292 3513 quo
311 3446 428 3514 cogitari
446 3465 525 3515 posse
544 3448 663 3515 benigne
682 3465 790 3500 mecum
809 3447 1033 3501 communicauit.

57 3539 123 3590 tm.
145 3536 184 3586 22
205 3532 291 3584 lectio
319 3531 453 3586 librorum
480 3535 664 3589 uetustiorem
691 3551 707 3586 e
730 3534 810 3587 nobis
837 3535 968 3587 restitute
995 3551 1046 3586 nox
1072 3536 1138 3585 enirn
1166 3535 1217 3584 iam

170 3619 289 3691 proficit,
309 3618 331 3670 si
352 3621 379 3670 in
397 3621 477 3673 lucem
504 3637 539 3673 ex
557 3621 785 3674 antecedentibus
813 3621 895 3674 simul
915 3620 1035 3685 cuditur,
1060 3620 1133 3672 idem
1153 3636 1218 3672 sane

174 3705 322 3773 exprimit,
351 3706 423 3772 quod
442 3706 531 3759 alters
549 3707 686 3761 recentior
704 3726 754 3759 nox
772 3710 838 3760 enim
857 3711 908 3760 iane
927 3708 1112 3776 proficiscitur:
1131 3705 1164 3757 cf.
1185 3707 1218 3757 de

173 3794 239 3846 sim.
262 3792 340 3843 uerbi
356 3794 464 3861 proficio
483 3811 534 3846 usu
553 3794 658 3847 Hartel.
678 3794 754 3846 Stud.
773 3795 793 3858 I,
813 3796 854 3846 27.

58 3887 121 3945 733,
147 3882 184 3935 10
206 3880 229 3930 si
248 3877 343 3930 omnia
361 3879 430 3932 bene
450 3880 655 3948 perdomueris,
674 3897 728 3933 non
747 3896 810 3932 cum
829 3880 1017 3933 Benedictinis
1037 3879 1218 3931 lectionsmlt

172 3966 319 4035 glossema
337 3966 456 4033 nocebis,
475 3967 523 4019 sed
543 3984 611 4032 eam,
639 3985 709 4034 quae
728 3984 744 4018 a
763 3967 876 4020 librario
902 3967 1005 4019 codicis
1026 3967 1050 4018 Τ
1067 3964 1158 4018 efficta
1177 3972 1217 4018 est

172 4052 211 4106 sd
232 4051 392 4117 coruptelss
411 4052 472 4106 illes
492 4070 556 4106 suae
574 4054 695 4106 familiae
715 4053 858 4120 sanandas,
878 4070 992 4121 querum
1007 4069 1086 4104 ueras
1098 4052 1219 4119 origines

173 4136 302 4205 uestigia
320 4136 427 4191 Pestis
447 4140 591 4193 manifeste
609 4140 693 4193 etism
713 4156 786 4192 nunc
805 4140 928 4207 produnt
934 4159 941 4206 ;
961 4139 994 4191 cs.
1008 4155 1077 4206 quae
1090 4140 1123 4190 de
1137 4140 1218 4191 rebus

171 4224 319 4281 similibus
336 4227 451 4293 exposui
471 4228 554 4280 Acad.
572 4244 598 4295 p.
618 4228 651 4279 77
670 4244 710 4294 sq.
