2790 4844
149 239 190 305 72
487 240 604 293 saneti
629 240 762 293 Hilarii
786 241 948 309 episcopi

192 430 242 494 45.
267 429 490 513 Intellegentiae
513 437 614 495 autem
638 429 728 494 huius
751 435 844 513 atque
867 430 1047 496 eruditionis
1060 451 1134 511 opus
1147 433 1293 496 continuo

149 533 300 616 propheta
322 534 459 608 subiecit,
484 534 605 598 dicens:
637 535 793 598 seruite
825 534 985 598 domino
1016 535 1054 598 in
1085 535 1231 601 timore
1255 544 1294 600 et

149 637 331 704 exultate
354 657 438 701 enm
462 644 645 704 tremore.
691 658 751 701 non
775 657 917 702 securum
934 639 1047 719 patitur
1057 645 1109 702 aut
1120 638 1293 723 neglegens

150 763 218 809 esse
242 742 416 807 seruitium:
439 741 504 805 uult
525 742 557 805 in
579 742 663 806 omni
695 743 850 806 seruitutis
881 740 982 806 officio
1013 743 1179 807 admisceri
1203 744 1293 807 timo-

110 866 225 912 arem.
270 854 303 910 ut
326 847 410 911 enim
431 852 604 911 metuentes
628 847 709 910 serui
740 845 918 929 diligentins
950 846 1084 911 dominis
1115 846 1291 911 carnalibus

149 951 295 1024 seruiunt,
319 969 391 1014 enm
413 949 601 1015 uoluntatem
626 949 803 1014 sollertioris
826 950 966 1033 obsequii
983 964 1082 1015 metus
1105 950 1293 1034 obsequelle

149 1055 302 1119 admixtus
326 1052 435 1122 eliciat.
473 1054 515 1117 ita
545 1059 577 1117 et
607 1055 664 1119 deo
695 1055 872 1127 sarcientes,
904 1055 930 1118 si
962 1055 1090 1119 timeant
1119 1074 1174 1134 per
1204 1055 1294 1118 inmi-

150 1163 274 1223 nentem
298 1157 449 1233 timorem,
471 1177 532 1222 non
549 1156 751 1242 neglegentes
767 1158 799 1221 iu
815 1178 852 1222 aa
867 1170 964 1232 amnt,
981 1178 1072 1240 quarn
1089 1158 1293 1238 susceperint,

149 1263 304 1328 seruitute.
349 1281 386 1326 ae
419 1281 458 1325 ne
493 1262 645 1345 tyrannici
679 1263 804 1326 terroris
835 1261 886 1326 hic
916 1269 1017 1326 metus
1049 1282 1116 1327 esse
1151 1261 1291 1327 fidelium

98 1392 124 1429 ιι
151 1367 336 1443 crederetur,
352 1367 392 1430 ad
415 1366 455 1443 id,
479 1366 560 1449 quod
581 1367 713 1430 dixerat:
738 1366 894 1430 sernite
920 1367 958 1429 in
983 1366 1137 1446 timore,
1162 1366 1292 1430 adiecit:

150 1475 189 1535 et
211 1463 411 1535 exultate:
435 1477 469 1534 ut
491 1477 609 1534 metum
633 1471 790 1534 semitutis
814 1471 920 1554 gaudii
937 1469 1080 1534 exultatio
1097 1474 1293 1550 temperaret,

149 1594 220 1639 cum
243 1575 310 1655 ipss
333 1576 427 1639 timor
449 1594 574 1639 causam
597 1573 712 1638 laetitiae
735 1593 790 1654 per
813 1575 1034 1639 conscientiam
1058 1574 1174 1638 seruitii
1191 1572 1293 1638 fidelis

149 1677 294 1743 adferret.
318 1698 408 1760 porro
432 1685 544 1753 autern,
577 1698 614 1743 ne
637 1677 766 1742 libertas
789 1679 895 1761 gaudii
919 1677 997 1741 lines
1020 1696 1164 1760 congruae
1187 1677 1291 1741 mode-

150 1782 276 1846 rationis
299 1782 469 1860 excederet,
493 1783 536 1846 ita
558 1782 711 1846 subdidit:
736 1780 917 1846 exultate
940 1783 977 1845 in
1003 1789 1195 1858 tremore,
1220 1782 1293 1864 qnia

98 1911 123 1946 ιι
150 1885 320 1967 periculosa
343 1886 382 1950 ad
405 1886 592 1951 obliuionem
617 1886 735 1950 timoris
759 1891 841 1951 esset
862 1884 961 1950 libera
983 1905 1002 1948 a
1026 1892 1160 1949 tremore
1178 1883 1293 1949 laetitia.

149 1993 242 2073 atque
265 1991 306 2054 ita
329 1989 397 2055 haee
420 1989 590 2071 prophetici
614 1989 725 2073 eloquii
749 1990 827 2053 ratio
842 1996 965 2053 seruata
981 1994 1036 2065 est,
1060 1995 1093 2051 ut
1109 1989 1293 2052 seruitutem

150 2093 243 2158 timor
264 2095 425 2172 detineret,
449 2095 593 2159 timorem
617 2092 759 2158 exultatio
782 2094 1003 2167 moderaretur,
1027 2098 1058 2156 et
1073 2090 1292 2156 exultationem

150 2203 267 2262 tremor
289 2218 480 2280 consequens
503 2199 683 2262 contineret.

193 2300 245 2364 46.
270 2301 367 2366 Huius
391 2310 493 2366 autem
517 2302 633 2366 semitii
665 2308 696 2366 et
726 2302 868 2365 timorem
902 2299 1089 2364 exultantem
1120 2306 1151 2364 et
1174 2299 1292 2364 exulta·

99 2427 123 2464 ιι
152 2405 265 2468 tionem
302 2412 488 2470 trementem
526 2405 629 2469 docuit
665 2406 696 2470 in
735 2426 780 2480 eo,
819 2405 899 2488 qnod
938 2405 1084 2487 seqnitur,
1115 2405 1297 2475 consistere.

151 2509 271 2574 diceus:
295 2509 598 2589 adprehendite
629 2509 904 2589 disciplinam.
951 2510 1063 2573 uirtute
1086 2507 1173 2573 uerbi
1197 2509 1296 2592 signi·

150 2611 327 2677 ficationem
361 2614 538 2694 inpatientis
572 2619 603 2678 et
636 2613 719 2678 uelut
752 2633 956 2697 praepropere
991 2614 1029 2675 ad
1064 2613 1095 2676 id
1125 2611 1295 2676 uoluntatis

150 2716 293 2795 ostendit,
306 2737 364 2781 non
379 2725 443 2782 tam
459 2718 672 2798 expetendam.
689 2736 782 2801 quam
806 2715 1100 2798 adprehendendum
1123 2716 1225 2796 potius
1251 2716 1299 2780 di·

151 2819 312 2900 seiplinam
335 2822 465 2887 doeens:
488 2842 550 2886 non
574 2828 677 2903 tepore
700 2821 773 2887 fidei
803 2821 833 2884 in
859 2820 947 2885 huius
971 2821 1166 2885 oboedientia>
1189 2819 1299 2884 ohser-

100 2945 125 2982 ιι
151 2925 274 2989 natione
298 2931 467 3002 contentus,
491 2927 545 2990 sed
569 2926 713 2991 ardorem
736 2926 860 3007 spiritus
883 2925 914 2988 in
945 2923 1198 3005 adprehendendi
1231 2924 1298 2989 aui-

152 3027 248 3092 ditate
281 3029 470 3094 desidamus.
515 3030 560 3094 sie
592 3030 623 3094 in
658 3030 806 3110 rapiendo
840 3048 937 3113 regno
975 3026 1119 3093 carlorum
1155 3033 1299 3108 raptores

152 3131 312 3196 dominum
343 3130 505 3199 delectant.
532 3152 602 3197 eum
626 3133 682 3196 ait:
717 3133 902 3197 adiebus
936 3138 1068 3196 eutem
1094 3129 1297 3195 Iohannis

195 3254 228 3306 ιι
246 3253 347 3306 Μιιιι.
367 3255 412 3320 xl,
435 3256 473 3307 ra.

195 3358 258 3410 det
276 3357 398 3411 exultate
417 3359 442 3410 ei
462 3359 516 3409 Ite
570 3360 635 3412 3ut
649 3358 798 3427 neglegens
823 3358 848 3410 V
896 3361 987 3411 desse
1007 3359 1083 3409 cml)
1136 3355 1300 3408 dseruiunt

151 3448 262 3496 etcum
286 3443 310 3496 V
359 3444 510 3498 solertioris
535 3445 559 3497 V
609 3445 786 3513 obsequellee
805 3446 831 3498 R
892 3447 959 3499 Bea
977 3463 1034 3513 sup.
1053 3445 1098 3494 lin.
1127 3461 1143 3493 a
1170 3458 1204 3493 m.
1233 3441 1253 3494 2
1279 3441 1303 3493 V

151 3530 321 3583 dseruitute
339 3549 369 3583 er
387 3532 518 3584 seruitem
537 3531 608 3584 aa?
631 3533 656 3586 V
708 3534 740 3585 10
767 3532 896 3585 credetur
920 3531 945 3583 V
995 3531 1098 3583 seruita
1126 3529 1240 3582 domino
1268 3530 1299 3582 in

151 3616 251 3670 timore
271 3617 298 3669 E
350 3621 379 3670 ll
400 3621 429 3671 et
447 3617 569 3671 exultata
588 3619 614 3672 ei
633 3623 664 3672 ut
685 3619 711 3671 E
763 3621 795 3672 13
822 3619 944 3671 adferret
971 3636 1001 3669 rr
1028 3616 1135 3669 adferet
1162 3634 1196 3668 m.
1225 3614 1246 3668 2
1280 3615 1304 3668 V

151 3701 253 3757 finisV
304 3706 336 3756 14
348 3707 510 3758 tremorem
527 3708 711 3758 traemerem
724 3704 786 3759 t>V
837 3701 1301 3767 raserurtusauerumrmrm)1r

151 3789 445 3857 dladpraahenditeR
491 3790 1091 3860 uirtutemuerbisignifieatioipatientisV
1132 3788 1298 3872 ddpsludli

151 3892 342 3959 praepropere
363 3876 426 3942 (e
417 3896 443 3929 m
470 3877 534 3943 ras.)
562 3879 587 3931 R
613 3895 797 3946 praepropere
831 3879 854 3930 l
875 3894 1040 3945 properaee
1096 3877 1130 3928 24
1148 3880 1247 3942 tepore
1274 3875 1300 3927 R

150 3967 276 4030 tempore
291 3941 342 4016 Vem
372 3964 633 4018 obseruationeml
664 3961 1233 4032 25adpraehendeudieradpraehendim.
1244 3959 1302 4014 2V

151 4050 186 4102 26
211 4053 337 4117 raptores
367 4049 509 4103 dominum
539 4052 679 4105 delectant
709 4068 771 4104 eum
801 4050 882 4104 ait
870 4052 962 4120 cripui
991 4053 1116 4117 raptores
1153 4047 1297 4101 domiuum

152 4134 291 4188 delectatd
320 4137 360 4189 ait
391 4135 415 4185 R
443 4142 567 4206 raptores
597 4138 664 4191 dnm
694 4138 861 4191 delectatum
892 4138 932 4190 ait
965 4137 1005 4189 Va
1031 4139 1142 4203 raptore
1169 4133 1298 4188 domium

150 4220 307 4275 delectatus
325 4223 364 4275 ait
382 4243 402 4276 e.
