2790 4844
148 232 211 298 298
489 235 605 288 sancti
624 234 758 288 Hilarii
778 236 940 304 episcopi

148 424 388 508 profundiorque
411 424 491 490 ratio
514 430 668 491 tractatur.
714 444 750 489 eo
773 424 909 507 primum
931 424 1008 509 quid
1024 425 1056 490 in
1071 426 1174 491 crucis
1189 445 1294 491 secra·

148 534 253 594 mento
286 535 378 612 atque
411 528 519 592 mortis
552 528 591 592 ah
624 527 784 612 unigenito
819 529 875 593 deo
909 535 939 594 st
972 529 1097 595 domino
1121 530 1293 596 maiestatis

147 631 290 699 affectum
322 631 370 710 sit,
401 653 455 713 per
493 632 662 716 apostolum
692 630 919 717 intellegamus,
961 643 994 698 ut
1028 634 1104 699 duce
1138 654 1176 700 ao
1212 635 1291 701 docti

148 737 318 819 prophetiae
341 738 501 803 scientiam
526 756 762 821 consequemur.
806 737 849 802 eit
864 736 948 802 euim
962 736 1020 802 ite:
1044 745 1082 803 et
1104 758 1184 816 uos,
1208 758 1290 805 cum

110 876 121 912 e
149 842 302 908 essetis
332 842 477 908 mortui
509 843 548 905 iu
578 842 764 926 peccatis
801 849 839 907 et
874 842 1072 923 praeputio
1103 842 1289 924 eorporis

148 947 287 1023 uestri,
304 946 725 1012 conuiuificauiteum
746 945 819 1012 illo
843 948 998 1013 donans
1020 947 1139 1011 uobis
1162 947 1290 1012 omnia

147 1058 326 1132 peccate,
351 1049 494 1116 delens
517 1052 620 1134 quod
649 1050 846 1117 aduersus
876 1071 946 1116 nos
976 1051 1054 1116 fuit
1081 1050 1289 1136 chirogre·

148 1155 264 1241 phum
301 1155 339 1219 in
375 1155 608 1230 sententiis,
631 1155 736 1239 quod
768 1164 854 1220 eret
883 1155 1135 1222 eontrarium
1165 1154 1289 1231 nohis,

148 1259 299 1325 tollens
322 1259 426 1325 illud
450 1260 496 1324 de
519 1258 913 1342 uredioetedsigeus
937 1258 1040 1324 illud
1062 1259 1184 1338 ornei,
1208 1279 1289 1341 spo·

96 1393 120 1428 e
148 1363 256 1429 lians
279 1384 319 1429 se
343 1383 474 1437 carne,
497 1376 535 1427 ot
558 1362 817 1444 principatus
841 1372 878 1428 et
906 1371 1136 1445 potestates
1160 1371 1289 1430 osteu-

148 1469 199 1533 tui
224 1467 327 1533 fecit
349 1488 433 1533 cum
457 1466 889 1548 fiducietriurnphsns
909 1486 976 1532 eos
997 1466 1035 1532 in
1060 1468 1289 1549 semetipso.

148 1577 376 1637 sacramentum
401 1572 505 1655 itaque
528 1571 635 1636 selutis
662 1580 774 1636 nostrie
805 1572 935 1653 primum
967 1591 1135 1656 resurgens
1164 1572 1232 1653 ipss
1254 1591 1290 1638 ax

149 1676 276 1740 mortuis
299 1676 519 1759 decretumque
542 1675 649 1741 mortis
672 1684 794 1752 nostrae,
818 1695 880 1758 quo
901 1682 971 1741 ante
988 1675 1216 1754 detinebamur,
1238 1676 1291 1741 ah

148 1778 270 1845 soluens
293 1779 323 1843 in
347 1799 381 1844 se
404 1779 479 1860 ipso,
503 1779 556 1863 qui
579 1799 617 1843 ar
637 1779 764 1844 mortuis
780 1788 913 1845 eetemus
928 1779 989 1845 iem
1007 1788 1160 1859 maneret,
1182 1778 1290 1861 impie

97 1911 121 1946 n
149 1883 200 1947 uit.
247 1883 302 1948 sed
330 1882 362 1948 iu
385 1904 421 1949 eo
444 1883 521 1964 ipso,
553 1884 632 1966 quod
665 1883 752 1948 nohis
782 1883 854 1949 uitse
885 1891 991 1949 auctor
1020 1883 1051 1948 in
1074 1903 1109 1950 se
1132 1891 1188 1961 est,
1216 1883 1291 1949 dum

149 2008 204 2068 por
226 1987 474 2069 adsumptionem
499 1986 636 2067 corporis
658 1986 753 2052 homo
769 1999 857 2053 natus
874 1996 905 2053 et
921 1995 1060 2053 mortuus
1082 1988 1143 2052 iarn
1168 2007 1292 2053 rursum

148 2098 282 2157 :eternus
305 2111 342 2156 ex
365 2091 493 2156 mortuis
508 2100 564 2168 est,
590 2110 699 2156 omnes
716 2111 839 2175 quoque
861 2091 1001 2157 inimices
1024 2091 1152 2157 uirtutes
1168 2091 1291 2157 mundi·

148 2215 208 2278 que
231 2200 397 2276 potestates
420 2195 637 2278 principesque
661 2195 741 2260 seris
764 2195 854 2260 huius
875 2197 1005 2262 ostentui
1021 2194 1164 2272 reddidit,
1187 2196 1293 2261 idest

147 2297 197 2363 uel
221 2305 333 2364 nostres
356 2299 421 2382 spei
444 2299 491 2365 uei
516 2320 578 2365 suae
602 2300 809 2366 denrnatiouis
833 2300 906 2365 fecit
927 2306 1048 2366 ostents
1062 2308 1093 2366 st
1107 2299 1193 2382 ipsos
1208 2319 1291 2383 qum·

96 2429 122 2464 eo
148 2402 219 2467 dam
242 2403 329 2486 qussi
358 2424 395 2468 er
427 2403 485 2468 diis
515 2402 619 2469 saeculi
651 2411 792 2484 portenta
821 2403 979 2470 coustituit
1007 2402 1057 2468 hia
1087 2403 1164 2485 ipsis
1194 2403 1227 2469 iu
1256 2424 1291 2470 sa

148 2525 216 2571 cum
247 2504 360 2572 fiducie
390 2505 602 2588 triumphetis:
634 2509 709 2572 dum
740 2517 770 2573 et
800 2529 856 2589 per
884 2508 1079 2573 securimtem
1109 2508 1293 2575 aternitatis

149 2630 231 2675 mors
247 2611 359 2692 ipsein
377 2612 434 2675 deo
451 2611 601 2677 moriente
617 2611 732 2677 fiducia
748 2619 795 2678 est
809 2621 841 2677 et
855 2622 996 2677 auctores
1013 2611 1119 2678 mortis
1135 2610 1292 2688 humanae,

148 2715 219 2779 dum
253 2714 344 2780 etiem
368 2715 398 2778 iu
423 2735 457 2780 se
489 2715 557 2796 ipso
579 2735 635 2796 per
657 2723 837 2797 occupatum
862 2735 880 2778 a
902 2724 1011 2781 satana
1033 2735 1087 2780 cor
1108 2714 1196 2780 Iudae
1217 2736 1293 2782 aue·

148 2828 230 2883 toras
260 2826 333 2883 sunt
362 2819 480 2896 mortis,
520 2818 688 2900 triumphet
725 2840 762 2885 ex
792 2819 928 2896 mortuis,
958 2826 991 2884 ut
1020 2838 1121 2902 neque
1151 2840 1172 2883 a
1201 2838 1293 2904 pmne

97 2943 122 2982 ee
148 2923 254 2987 mortis
277 2924 428 2996 abessent,
453 2944 522 2989 cum
539 2945 573 2989 se
589 2942 688 3006 usque
704 2925 742 2988 ed
759 2924 865 2989 mortis
882 2923 1091 2990 infirmitatem
1108 2922 1294 2990 subiecisset

191 3063 327 3116 ecolore.
347 3064 381 3131 li,
402 3066 434 3119 13
453 3081 513 3132 sqq.

191 3217 482 3272 idmocdd.m.2V
530 3219 786 3289 4prophetnePT
838 3218 1119 3274 aiteasntm.1V
1170 3186 1295 3276 tiasae⁸³¹

149 3305 175 3357 h
226 3305 330 3359 mortui
349 3324 379 3358 er
396 3306 500 3360 murtei
519 3325 552 3360 m.
574 3307 588 3359 1
607 3306 633 3359 R
686 3309 799 3362 tinohis
822 3325 894 3378 supr.
921 3325 971 3360 scr.
991 3325 1023 3360 m.
1043 3306 1104 3360 IR
1159 3307 1296 3362 induer-

149 3460 209 3497 sum
236 3444 291 3496 RE
342 3443 530 3513 chirografum
555 3445 603 3498 VP
627 3402 752 3516 ογτοῗὴῦ
778 3463 844 3499 corr.
866 3464 899 3498 m.
922 3445 942 3498 2
970 3446 994 3498 R
1046 3447 1097 3499 se
1121 3446 1219 3500 medio
1248 3447 1298 3501 Pr

149 3581 288 3649 eponliana
315 3598 381 3635 corr.
409 3600 442 3634 m.
464 3581 485 3635 2
512 3583 535 3636 V
588 3586 621 3638 lo
638 3599 667 3637 se
685 3600 796 3637 samem
823 3601 854 3637 ex
880 3590 989 3638 stamen
1017 3601 1048 3639 m.
1068 3585 1084 3636 1
1107 3543 1299 3642 Veemmp

149 3651 306 3765 potestastis
337 3685 360 3738 V
426 3688 453 3738 11
475 3685 622 3738 triumfans
652 3686 678 3738 R
744 3688 775 3739 12
794 3704 925 3756 esurgaus
955 3689 981 3741 R
1042 3690 1075 3742 18
1093 3688 1298 3762 decretumque

148 3840 247 3893 mortis
274 3843 334 3894 add.
362 3860 394 3895 nr.
416 3841 436 3894 2
465 3843 486 3894 V
554 3843 702 3897 absorbens
721 3843 771 3896 PT
843 3847 875 3899 lo
893 3845 940 3898 dm
966 3861 1017 3913 per
1042 3843 1065 3896 V
1135 3847 1169 3898 17
1188 3805 1299 3903 mortha

148 3944 214 3980 corr.
234 3945 265 3980 m.
284 3926 305 3979 2
328 3927 492 4013 Vmortg'us
511 3928 540 3994 (u
559 3932 585 3981 in
606 3933 825 3995 ras.,usodiect.
845 3927 1115 3995 insenescentem
1173 3935 1206 3986 18
1226 3935 1299 3989 sert·

149 4048 179 4083 eu
196 4030 270 4084 heris
289 4049 321 4084 m.
341 4031 361 4084 :1
379 4033 403 4082 V
453 4034 574 4087 ostentui
593 4034 660 4087 feeit
683 4035 708 4087 V
757 4037 789 4088 21
810 4034 979 4088 triumfantis
998 4033 1025 4086 P
1073 4035 1109 4087 22
1128 4038 1299 4093 austorisP

148 4118 269 4171 auctoris
296 4136 327 4171 ea
350 4119 500 4172 auctoritas
524 4118 597 4172 m.2
620 4120 644 4171 V
693 4123 859 4174 sonanter
877 4137 931 4173 uno
950 4118 1021 4172 et?
1045 4119 1069 4172 V
1119 4123 1257 4179 triumfat
1273 4126 1299 4180 R

149 4203 322 4272 triumphent
339 4223 369 4258 ex
387 4205 583 4275 triumphantis
603 4225 634 4259 m.
654 4205 674 4259 2
698 4208 722 4260 V
772 4207 806 4259 ad
825 4223 941 4274 poenam
965 4206 993 4260 V.
