2790 4844
386 263 568 313 tractatus
587 260 622 313 in
641 260 815 328 psalmum
833 259 979 315 CXXXIV.
1193 259 1254 325 697
1299 216 1301 219 ¹

106 470 201 530 opera
236 449 376 528 retertur,
410 459 443 514 ut
476 471 531 531 per
565 451 675 534 organi
709 452 816 528 nostri,
846 452 876 516 id
910 457 958 515 est
987 451 1125 532 corporis
1156 451 1254 516 multi-

107 554 202 619 moda
224 573 318 634 opera
341 574 514 620 consonans
539 555 597 620 deo
621 554 675 619 fiat
698 560 728 620 et
750 561 821 635 apta
844 554 985 620 laudatio.
1030 554 1163 635 psallere
1180 575 1255 639 ergo
1318 571 1320 575 ’

107 658 226 722 nourini
251 658 316 723 eius
338 659 489 735 iubemur,
524 659 619 741 quia
641 647 763 724 suane
788 666 856 724 est.
902 679 997 724 suane
1020 659 1101 724 enirn
1127 665 1174 723 est
1197 661 1255 724 deo

106 782 235 845 corpora
264 770 366 826 nostra
390 762 561 842 conplacito
585 762 757 828 ministerio
779 762 995 846 probabilique
1019 762 1175 827 famulari:
1204 762 1254 828 uel
1310 831 1312 834 Α

105 866 211 946 ipsum
235 865 309 931 illud
332 867 432 948 potius
456 851 568 931 nomen
593 867 711 932 domini
734 887 829 932 suane
852 873 908 932 est.
1295 894 1307 930 a

151 970 180 1035 5.
204 969 249 1034 Et
278 971 352 1054 quid
387 971 547 1036 suauitatis
577 971 608 1035 iu
639 991 673 1036 se
704 970 817 1036 habeat
847 971 896 1037 uel
925 991 1039 1036 nornen
1062 971 1129 1037 eius
1151 971 1199 1037 uel
1225 973 1253 1036 ei

107 1073 251 1156 psallere,
275 1074 417 1140 continuo
441 1075 572 1140 subiecit
594 1075 716 1140 dicens:
751 1075 941 1159 quoniam
971 1074 1091 1141 Iacob
1125 1074 1254 1160 elegit

105 1179 188 1244 sibi
212 1180 410 1254 dominus,
428 1178 593 1244 Israhel
617 1180 654 1243 in
679 1180 986 1260 possessionem
1009 1180 1098 1244 sibi.
1133 1179 1253 1244 initium

106 1283 237 1366 originis
261 1283 436 1348 Iudaeorum
459 1284 631 1348 secundum
654 1272 931 1349 sanctificationem
954 1283 1079 1368 generis
1094 1283 1253 1348 Abraham

106 1392 162 1465 est,
186 1386 226 1451 ad
250 1385 333 1452 hunc
357 1387 438 1452 enirn
464 1387 599 1467 primurn
624 1387 673 1452 dei
697 1388 754 1452 tuit
776 1407 894 1466 sermo;
918 1394 949 1453 et
971 1408 1026 1452 cur
1047 1386 1252 1469 potiuslacob
1281 1413 1305 1450 ιο

106 1510 202 1574 quarn
226 1490 387 1555 Abraham
412 1491 555 1556 dominus
579 1489 699 1576 elegit?
745 1491 859 1557 dehinc
882 1512 952 1558 curn
975 1493 1058 1557 idern
1082 1494 1253 1558 secundum

103 1594 342 1675 nuncupationis
365 1594 578 1660 allocutionem
602 1597 644 1660 sit
667 1595 788 1661 Israhel
810 1597 863 1680 qui
887 1603 917 1661 et
940 1596 1040 1674 Iacob,
1064 1584 1118 1661 cur
1141 1598 1253 1661 iterum

103 1699 246 1764 additur:
281 1698 440 1765 Israhel
471 1700 508 1763 ia
532 1700 839 1780 possessionem
863 1701 967 1766 sibi?
1012 1702 1087 1767 ordo
1110 1700 1254 1785 exigebat

104 1803 281 1886 principem
312 1802 471 1869 electionis
496 1803 667 1882 Abraham,
703 1824 761 1868 nou
796 1824 876 1878 eum,
910 1806 961 1889 qui
992 1805 1055 1869 iarn
1090 1806 1198 1870 tertius
1221 1806 1252 1868 iu

101 1907 256 1973 electione
289 1913 344 1984 est
380 1907 473 1972 Iacob
508 1908 753 1973 commemorari.
800 1909 877 1973 ratio
912 1928 1035 1993 quoque
1058 1910 1253 1986 admonebat,
1281 1929 1305 1966 n

101 2018 137 2076 ut
160 2010 358 2095 significatus
380 2010 501 2077 Israhel
525 2013 556 2075 in
576 2011 669 2077 Iacob
694 2012 931 2097 intellegeretur.
976 2014 1050 2097 quin
1067 2014 1161 2077 etiarn
1178 2012 1252 2078 illud

94 2114 234 2192 accedit,
257 2115 349 2198 quod,
374 2116 425 2199 qui
449 2114 540 2181 Iacob
564 2121 618 2192 est,
642 2115 774 2200 eligitur,
798 2116 850 2199 qui
874 2115 1003 2195 Israhel,
1026 2117 1208 2200 possIdetur.

148 2218 180 2282 6.
204 2218 266 2283 Sed
296 2220 359 2284 iam
389 2219 420 2284 in
452 2220 576 2284 exordio
606 2221 759 2285 sermonis
794 2221 977 2299 monuimus,
1010 2219 1063 2284 illa
1092 2241 1130 2285 ex
1159 2220 1252 2285 rebus

102 2321 305 2403 corporaliter
337 2324 435 2406 gestis
470 2331 711 2389 commemorata
744 2327 775 2389 ln
810 2324 930 2406 psalmo
963 2343 1041 2402 esse,
1075 2324 1105 2388 in
1141 2308 1252 2407 quibus

103 2427 199 2492 futuri
224 2426 344 2508 species
367 2433 526 2511 tamquam
550 2428 581 2491 in
605 2428 729 2508 speculo
752 2427 918 2506 reluceret3
947 2449 985 2495 ea
1008 2448 1131 2512 quoque
1153 2429 1251 2512 geshs
1279 2450 1304 2490 ao

103 2531 200 2596 rebus
224 2537 366 2612 coaptata
388 2532 482 2596 uerba
505 2552 582 2609 esse,
606 2552 683 2616 qnae,
700 2552 772 2597 cum
795 2553 840 2609 ea,
865 2552 933 2616 quae
949 2541 1038 2617 geste
1054 2539 1132 2608 sunt,
1156 2552 1251 2598 anne-

103 2635 225 2712 tiarent
260 2641 363 2699 tamen
397 2634 644 2720 Intellegentiam
679 2636 767 2701 nobis
790 2636 1005 2701 absolutiorem
1037 2657 1151 2716 eorum,
1182 2656 1251 2720 quae

105 2737 288 2820 spiritaliter
302 2739 334 2804 in
351 2739 449 2823 gestis
465 2740 558 2805 rebus
575 2740 860 2824 praefigurabantur,
876 2741 1041 2806 adferrent.
1075 2741 1125 2806 dei
1141 2761 1251 2806 nomen

103 2862 199 2908 suane
222 2847 278 2921 est,
300 2862 360 2907 non
383 2845 437 2908 uni
472 2848 593 2908 tautum
627 2846 712 2928 genti
747 2851 840 2928 atque
874 2846 933 2926 ipsi
968 2844 1162 2929 inreligiosa.
1197 2845 1252 2910 sed

104 2947 249 3011 omnibus
271 2947 333 3011 iam
357 2945 503 3030 gentibus
537 2954 631 3032 atque
663 2948 785 3033 linguis.
831 2949 924 3015 Iacob
956 2951 1038 3014 enirn
1069 2950 1128 3014 sibi
1158 2949 1252 3034 elegit
1278 2968 1326 3007 aa·

104 3051 255 3115 maiorem
286 3058 360 3116 nata
389 3051 648 3135 supplantantem,
681 3059 836 3118 ementem
867 3053 1021 3134 primitias
1054 3053 1122 3118 cibo
1145 3061 1177 3119 et
1199 3055 1251 3119 de·

104 3153 279 3235 speratione
313 3154 439 3231 uenalis,
481 3156 688 3237 abripientem
726 3158 984 3232 benedIctionem
1021 3158 1252 3239 inpaenitenteru

103 3264 174 3339 post
196 3260 386 3335 seruitutem,
418 3259 530 3325 deinde
554 3268 623 3340 post
645 3260 759 3326 luctam
783 3261 876 3327 deum
899 3263 1053 3327 uidentem
1079 3268 1110 3326 et
1132 3261 1252 3327 Israhel

103 3370 324 3442 nuncupatum.
370 3369 441 3428 aute
474 3365 555 3428 enirn
581 3365 673 3431 Iacob
705 3373 752 3430 est
774 3373 804 3430 et
827 3367 871 3431 sic
897 3362 1025 3457 Israhel.
1070 3366 1251 3447 circumspi-

102 3468 222 3532 ciamus
247 3465 388 3563 ecclesiae
410 3487 529 3549 corpus,
553 3487 622 3551 quae
646 3489 680 3534 se
702 3489 758 3550 per
781 3468 989 3534 differentiam
1011 3469 1085 3535 fidei
1109 3481 1140 3535 et
1159 3470 1250 3535 Iacob
1278 3489 1304 3525 ³0

103 3578 134 3635 et
155 3569 278 3636 Israhel
303 3570 405 3636 habet
452 3578 482 3637 et
504 3570 555 3637 bio
578 3580 673 3637 coetus
697 3572 840 3653 populum
865 3572 942 3656 legis
972 3573 1034 3638 fide
1064 3572 1250 3655 supplantat,

100 3675 256 3755 primitias
288 3674 354 3740 eius
388 3675 508 3756 accipit,
548 3676 792 3741 benedictionem
838 3678 903 3742 eius
938 3677 1044 3758 diripit
1081 3678 1251 3743 secundum

147 3855 160 3907 l
180 3852 347 3906 multimodo
364 3863 447 3939 operg
466 3852 492 3922 (e
510 3857 538 3907 ia
555 3853 622 3922 ros.)
638 3855 664 3907 P
713 3858 730 3910 9
748 3855 861 3909 abraam
872 3856 897 3907 Τ
913 3854 1051 3909 habrahae
1071 3874 1101 3909 ea
1117 3855 1250 3910 habraam

99 3976 134 4011 m.
153 3955 175 4010 2
192 3956 220 4011 P
272 3960 306 4013 10
323 3957 445 4027 primum
472 3959 536 4011 PTb
564 3977 644 4013 ome
698 3962 728 4015 ll
749 3960 906 4014 abraamT
957 3961 992 4016 18
1009 3960 1039 4014 in
1062 3979 1133 4032 supr.
1158 3979 1206 4015 scr.
1225 3962 1251 4015 P

96 4116 135 4168 96
153 4113 268 4198 maioris¹
285 4111 465 4181 (hieresalP
515 4074 1212 4203 supplantatossupplenteTsnpplantaptff⁰ttiri⁰
1223 4120 1249 4169 in

96 4216 204 4285 raalP
255 4218 336 4304 edida
352 4215 379 4283 (o
396 4220 424 4272 in
442 4217 506 4285 raa.)
519 4219 545 4271 P
595 4221 629 4272 27
648 4220 753 4273 uenalia
768 4221 850 4272 Pch
870 4222 1014 4275 uenaleac
1067 4223 1101 4276 80
1119 4221 1148 4276 ae
1167 4239 1215 4275 om.
1230 4240 1250 4276 e.
