2790 4844
323 255 504 304 tractatus
523 221 559 304 iri
578 253 751 319 psalmum
770 250 874 304 CXLV.
1106 246 1170 312 843

78 439 256 505 sabsoluit.
302 447 333 505 et
354 440 502 506 absolutis
525 441 729 522 compedibus
761 439 851 506 caecis
884 439 1069 520 sapientiam
1091 458 1169 520 prae·

78 564 91 607 ;.
159 525 192 608 si
209 545 247 608 de
279 543 485 625 corporalibus
516 545 606 610 donis
634 543 785 626 propheta
813 543 998 629 loqueretur,
1030 563 1167 608 comme-

78 655 176 713 rasset
205 649 307 728 potius
337 649 427 713 caecis
456 647 559 713 lumen
589 648 751 714 indultum.
797 650 853 713 sed
877 649 951 732 quia
975 668 1030 728 per
1060 647 1165 712 cibum

78 751 188 817 ritione
212 750 338 833 depulsa
360 751 559 817 soluebantur
581 753 748 834 compedes
771 751 883 831 saeculi,
917 751 1011 818 etiam
1045 751 1167 816 caecites

78 854 128 920 ·uli
165 856 323 937 sapientia
360 856 557 937 inpertitione
595 856 765 941 depellitur.
825 855 937 921 alimur
974 856 1059 920 enim
1096 862 1166 936 post
1210 879 1222 914 a

79 968 185 1024 entem
210 960 327 1024 famem
350 960 462 1025 diuinae
485 960 670 1044 cognitionis
693 959 881 1040 spiritalibus
912 959 988 1025 cibis
1020 966 1051 1025 et
1081 980 1168 1024 com·

78 1063 163 1140 libus
194 1064 305 1147 quibus
335 1083 458 1129 currere
481 1065 520 1129 ad
543 1074 659 1129 aeterua
682 1085 742 1129 non
765 1064 903 1142 sinimur,
925 1062 1082 1142 absolutis,
1106 1063 1168 1128 dis·

79 1187 115 1231 sa
149 1188 205 1247 per
237 1167 391 1233 indultam
429 1168 612 1248 sapientiam
650 1168 786 1233 caecitate
824 1175 994 1233 creatorem
1027 1175 1167 1233 nostmm

78 1271 120 1336 lis
143 1270 361 1356 intellegentiae
385 1278 574 1338 contuemur.
621 1273 735 1338 desinit
757 1292 833 1356 ergo
853 1272 944 1336 famis
959 1271 1060 1356 longa,
1085 1292 1168 1336 com·

78 1376 119 1440 les
143 1395 266 1458 graues,
289 1377 411 1441 caecitas
434 1375 528 1440 stulta
551 1381 582 1440 et
603 1376 643 1454 id,
667 1376 749 1459 quod
772 1377 919 1460 sequitur,
944 1375 1087 1441 succedit.
1196 1395 1221 1430 1⁰

78 1480 96 1540 t.
122 1479 223 1544 Adlisi
255 1481 422 1564 eriguntur,
453 1481 523 1544 iusti
556 1479 734 1564 diliguntur,
766 1480 893 1544 aduenae
924 1481 989 1565 siue
1020 1478 1168 1563 proselyti

79 1584 245 1660 todiuntur‚
281 1583 416 1664 pupillus
447 1591 476 1649 et
505 1585 600 1649 uidua
633 1585 798 1665 suscipitur
832 1590 862 1648 et
895 1584 946 1648 uia
968 1592 1168 1664 peccatorum

78 1687 222 1768 perditur.
268 1689 409 1772 quisquis
434 1688 483 1752 ille
507 1697 563 1766 est,
588 1689 642 1772 qui
667 1690 759 1753 modo
783 1689 832 1751 dei
855 1696 910 1763 est,
938 1690 995 1753 etsi
1018 1708 1077 1751 nou
1104 1689 1169 1752 uni·

78 1811 131 1867 ne,
156 1797 258 1855 tamen
283 1793 441 1872 proprium
465 1792 561 1857 habet
583 1812 704 1869 munus,
729 1803 769 1865 ut,
800 1791 918 1857 adlisus
948 1791 1030 1867 licet,
1059 1792 1083 1855 si
1108 1812 1168 1855 non

80 1895 151 1972 riat,
176 1896 202 1959 si
226 1916 285 1959 nou
311 1897 502 1977 compeditus
526 1905 555 1961 et
578 1894 686 1961 stultus
710 1897 758 1970 sit,
781 1888 892 1961 tanam
902 1898 981 1980 erigi
998 1898 1104 1977 possit,
1128 1917 1167 1961 ne
1197 1912 1221 1950 1⁶

78 2005 121 2063 eat
138 2001 168 2062 iu
185 2006 349 2075 aternum
374 2009 406 2064 ut
421 2002 519 2064 iustus
535 2000 574 2065 ob
590 2000 737 2064 iustitiam
751 1999 905 2084 diligatur,
919 2009 951 2065 ut
970 2001 1098 2078 aduena,
1112 2001 1169 2065 etsi

78 2112 262 2187 itemquam
276 2104 377 2169 iustus
393 2103 538 2188 diligitur,
562 2110 666 2168 tamen
690 2104 739 2168 uel
763 2105 801 2168 ub
826 2103 893 2181 hoc,
913 2104 985 2187 quia
1000 2104 1169 2182 aduenerit,

78 2215 207 2286 eruetur,
233 2214 268 2273 ut
293 2206 436 2288 pupillus,
464 2209 536 2290 quia
558 2214 679 2287 patrem
701 2207 760 2272 sibi
782 2207 940 2272 diabolum
966 2207 1169 2285 abiurauerat,

78 2311 1169 2395 mploapostolorumnonorphanusrelinquatur,utuiduasuscipiatur

78 2436 227 2496 sponsam,
251 2422 453 2500 posteaquam
470 2416 527 2480 sibi
544 2416 575 2479 in
595 2414 717 2481 Christo
740 2416 878 2481 confixus
896 2415 1095 2480 hismundus
1112 2423 1168 2481 est.
1196 2430 1221 2467 2⁰

78 2541 150 2586 nem
166 2521 250 2586 enim
265 2521 457 2585 credentium
473 2520 577 2598 fidem,
593 2521 643 2586 cui
659 2540 714 2601 per
728 2521 978 2601 adimpletionem
992 2533 1167 2601 temporum

92 2631 254 2708 tamquam
276 2625 325 2689 uir
348 2625 465 2708 primus
496 2631 652 2689 emortuus
682 2625 729 2699 sit,
760 2624 887 2689 uiduam
910 2623 1067 2705 apostolus
1089 2643 1169 2688 nun-

80 2730 155 2793 auit
201 2729 257 2793 sed
287 2748 349 2792 non
380 2728 478 2793 solum
508 2729 603 2793 uidua
629 2728 803 2808 suscipitur,
827 2727 883 2792 sed
907 2729 1001 2792 etiam
1023 2728 1074 2792 uia
1096 2748 1169 2807 pec·

78 2853 165 2898 >rum
181 2833 407 2898 exterminatur.
453 2832 565 2916 quibus
581 2832 612 2896 in
628 2832 788 2897 interitum
804 2832 956 2897 demersis
974 2832 1167 2897 Hiemselem

78 2936 119 3003 cti
144 2934 225 3000 illius
246 2937 332 3021 regis
348 2936 455 3001 ciuitas
471 2934 637 3001 incoletur:
662 2955 723 2999 non
740 2936 799 3000 ista
813 2936 928 3019 utique,
944 2955 1013 3018 quse
1029 2934 1168 3001 desolata
1194 2959 1220 2996 as

78 3041 227 3106 subuersa
249 3040 369 3120 profani
393 3040 548 3120 parricidii
572 3039 628 3105 luit
650 3059 767 3120 poenas.

78 3148 95 3207 '.
119 3143 377 3209 Conclusitenim
395 3145 452 3208 ita:
477 3143 671 3228 regnabit
694 3144 880 3209 dominus
903 3144 1168 3208 inaeternum:

78 3269 122 3313 us
147 3248 367 3327 tuus,Sion,
386 3249 424 3311 in
447 3248 761 3332 generationem
785 3254 823 3312 et
846 3248 1166 3331 generationem.

97 3351 151 3416 illa
175 3352 247 3416 Sion
272 3361 327 3421 est.
357 3353 387 3415 in
419 3372 479 3435 qua
512 3359 700 3436 regnaturus
723 3358 771 3415 est
793 3349 961 3416 dominus?
1006 3351 1065 3416 nisi
1089 3351 1168 3415 forte

78 3516 82 3557 ¹.
101 3526 152 3577 per
170 3510 264 3562 cibum
282 3509 434 3562 esuritione
448 3506 489 3573 R(
491 3509 516 3561 G
523 3511 548 3574 r)
567 3508 728 3576 percibum
747 3508 827 3561 uerbi
845 3508 995 3562 esuritione
1015 3509 1042 3559 E
1091 3510 1109 3561 ὀ
1127 3523 1169 3561 sa-

78 3597 145 3649 rtiae
173 3596 301 3665 inptione
328 3595 478 3663 depellitur
506 3594 595 3659 (ntiae
614 3594 817 3662 —depellitur
843 3597 871 3646 in
897 3613 950 3647 rua.
979 3614 1010 3648 m.
1037 3594 1070 3659 3)
1090 3595 1115 3647 R
1133 3595 1167 3663 cs.

78 3738 144 3788 rckcr
161 3737 247 3805 suppl.
268 3736 289 3802 l,
307 3733 364 3786 345
419 3741 435 3788 6
454 3734 621 3803 cognitionis
639 3733 695 3785 RE
710 3733 892 3802 cogitatione
912 3731 946 3799 (l)
968 3736 992 3785 (ι’
1047 3735 1062 3784 7
1081 3691 1169 3800 &G

92 3823 118 3875 R
172 3838 227 3873 non
248 3823 275 3873 Ε
291 3839 364 3875 nunc
384 3823 409 3873 R
435 3822 470 3890 cs.
489 3822 572 3874 sicud.
597 3839 625 3890 p.
654 3819 707 3882 24·
734 3818 769 3873 67
819 3820 938 3873 eremis
966 3820 991 3872 R
1019 3817 1067 3888 (cs.
1096 3819 1170 3873 Neue

78 3911 156 3963 meni.
185 3909 206 3972 I,
239 3909 303 3972 lau)
330 3909 416 3961 sames
436 3909 463 3960 E
517 3910 546 3962 ll
567 3907 696 3975 prosyliti
714 3906 741 3959 R
795 3908 828 3960 12
845 3907 969 3975 pupillus
999 3907 1024 3959 G
1053 3907 1109 3972 (ubi
1126 3907 1170 3960 lus

78 4066 101 4098 m
121 4048 258 4114 paraclesi
277 4046 374 4117 potest)
396 4047 423 4097 E
438 4046 539 4114 pupilli
559 4046 584 4098 R
650 4048 684 4099 lo
701 4002 792 4113 ᾳυῐέἓο
821 4045 846 4097 R
913 4047 944 4098 lb
962 4062 997 4098 ne
1026 4050 1118 4098 taccat
1144 4047 1170 4098 R

78 4133 257 4202 diligaturR
312 4136 344 4186 18
363 4133 411 4200 qui
435 4140 543 4201 patrem
568 4133 594 4184 R
649 4134 681 4184 19
699 4131 810 4184 orlanns
835 4132 861 4184 R
912 4133 946 4184 27
965 4131 1100 4185 conclusit
1125 4133 1169 4184 aa

89 4221 175 4272 Besil.
189 4220 264 4272 roeo
277 4220 419 4272 concludit
431 4222 490 4272 inde
502 4221 534 4272 ab
548 4220 598 4272 Ed.
613 4217 788 4271 Para1572
839 4220 874 4272 28
892 4218 920 4271 in
938 4219 1118 4287 generatione
1137 4221 1169 4272 R.
