2790 4844
150 224 188 289 18
313 186 318 198 ·
486 224 603 276 sancti
628 223 761 276 Hilarii
790 225 954 292 episcopi

148 423 198 479 aut
221 437 288 496 pro
312 413 598 491 occultisfilii,
623 423 754 496 autpro
778 412 1292 493 dieoctauapercerporalem

147 518 441 603 superscriptionum
472 515 729 600 significationem
763 515 910 597 spiritalis
945 516 1058 597 psalmi
1094 516 1294 599 intellegatur

148 623 257 700 cdili0;
290 622 346 698 uel,
370 642 440 686 cum
463 620 580 684 illius
604 620 743 697 Dauid,
767 619 815 684 uel
838 620 905 684 illi
930 620 1066 697 Dauid,
1099 621 1147 685 uel
1171 621 1293 684 Abes-

148 727 269 804 salon,
300 726 349 790 uel
376 725 478 799 Saul,
509 723 558 788 uel
589 725 692 788 lioee
723 725 752 787 in
785 724 872 789 titulo
895 724 952 789 sub
977 731 1134 807 gestorum
1163 724 1294 788 historia

108 861 121 899 a
150 837 364 910 praenotantur,
387 831 418 893 in
443 848 477 892 eo
501 837 553 892 aut
575 848 629 909 per
652 830 867 908 pronominum
891 827 1064 911 qualitales
1087 839 1120 892 ut
1154 827 1219 892 illi
1243 827 1294 893 uel

150 934 265 998 illius
288 933 423 999 Dauid.
442 941 494 996 aut
513 953 568 1012 per
583 932 743 996 nominum
761 933 895 1008 uirtutes,
909 938 941 996 ut
956 931 1293 996 estinAbessalon

149 1047 180 1103 et
202 1037 295 1103 Saul
318 1044 345 1101 el
374 1037 484 1114 Doec,
509 1035 711 1117 prophetiam,
728 1056 795 1120 quae
811 1037 841 1099 in
858 1036 977 1117 psalmo
994 1039 1040 1111 sil,
1057 1056 1294 1120 consequamur.

193 1142 243 1207 23.
267 1140 505 1221 Diapsulma
540 1161 617 1216 uero,
654 1140 734 1223 quod
769 1141 959 1205 interiectum
990 1140 1130 1223 plurimis
1163 1141 1293 1220 psalmis

149 1253 204 1319 est,
228 1246 476 1328 cognoscendum
500 1254 555 1320 est,
587 1244 829 1309 demutationem
854 1258 905 1308 aut
928 1264 1069 1324 personas
1100 1254 1151 1308 aut
1184 1263 1293 1308 sensus

96 1382 121 1418 1⁰
149 1351 206 1415 sub
237 1349 438 1414 conuersione
468 1349 552 1413 modi
589 1349 696 1413 musici
731 1348 886 1412 inchoari:
921 1357 961 1412 ut.
997 1349 1094 1413 sicubi
1121 1348 1295 1428 diapsalma

147 1452 364 1529 intercesserit,
389 1460 441 1516 aut
464 1452 579 1536 aliquid
603 1452 685 1516 aliud
710 1452 779 1529 diei,
814 1459 866 1516 aut
900 1453 995 1516 eliam
1026 1453 1066 1516 ab
1101 1452 1198 1516 allero
1223 1453 1293 1527 dici,

148 1568 200 1622 aut
224 1558 254 1621 in
278 1556 460 1621 alteroarl-is
484 1557 609 1621 musica
633 1557 884 1621 moduloeantari
909 1556 1154 1641 intellegendum
1179 1557 1228 1620 sit.
1264 1572 1295 1620 et

150 1663 188 1726 de
213 1661 351 1745 personis
375 1682 411 1724 ae
435 1661 585 1735 sensibus
609 1660 660 1724 ubi
684 1660 856 1741 diapsalma
880 1661 1070 1726 intercedere
1093 1661 1294 1741 reperiemus,

148 1767 298 1829 rationem
323 1764 443 1829 adferre
468 1765 695 1846 temptabimus.
741 1776 877 1829 ceterum
909 1765 990 1828 modi
1016 1765 1127 1829 musici
1158 1764 1294 1845 discipli-

97 1900 122 1936 ιδ
150 1889 222 1934 nani
257 1889 438 1934 conseruare
472 1868 632 1933 translatio
667 1889 768 1952 graec
801 1877 832 1934 et
862 1869 957 1934 latina
979 1891 1040 1933 non
1074 1870 1179 1950 potuit.
1227 1867 1295 1933 hare

150 1981 252 2038 autem
276 1973 306 2036 in
330 1973 570 2056 conpendiusam
595 1973 775 2038 breuitatem
799 1974 927 2038 festinus
939 1975 978 2037 ad
992 1975 1092 2056 ipsam
1104 1972 1295 2054 psalmorum

151 2077 372 2158 expositionem
396 2097 496 2141 sermo
521 2075 652 2161 collegit.

193 2181 244 2244 al.
267 2165 325 2245 Es‘t
355 2191 454 2245 autem
486 2180 618 2264 diligens
653 2201 900 2265 perpensumque
933 2181 1077 2246 iudicium
1110 2181 1296 2261 expositioni

149 2284 260 2368 psalmi
284 2283 521 2366 uniuscuiusque
544 2286 762 2365 prestandum,
804 2297 836 2349 nt
870 2292 1081 2368 cognoscatur,
1118 2304 1178 2366 qua
1202 2304 1297 2348 unus·

98 2418 122 2455 ρο
151 2388 280 2472 quisque
304 2408 412 2453 eorum
446 2387 534 2453 claue
568 2388 788 2472 intellegentiae
811 2389 997 2473 aperiendus
1021 2389 1069 2453 sit.
1115 2409 1188 2451 uam
1216 2387 1297 2452 liber

150 2493 250 2557 omnis
276 2492 386 2557 similis
410 2505 458 2557 est
481 2492 548 2556 urbi
573 2491 824 2578 pulchramque
849 2514 977 2578 maguae,
1008 2494 1057 2558 cui
1084 2493 1186 2573 plures
1210 2494 1298 2557 aedes

151 2596 344 2680 diuersasque
379 2597 450 2674 sint,
485 2615 617 2678 quarum
652 2598 733 2663 sores
767 2598 898 2679 propriis
934 2598 1072 2662 clauibus
1102 2597 1298 2681 diuersisque

125 2700 344 2766 claudantur:
369 2721 436 2784 qua
461 2721 529 2764 eum
560 2721 656 2766 unum
685 2702 716 2766 in
747 2702 848 2767 locum
884 2709 1038 2786 congestae
1073 2701 1298 2784 permixtaque

151 2812 232 2880 sunt,
264 2804 377 2869 uolenti
409 2824 661 2889 unamquamque
695 2807 794 2871 aedem
828 2807 1152 2887 aperire-,maximam
1183 2805 1298 2888 ignaro

98 2936 123 2975 aa
151 2909 291 2973 adferant
315 2908 539 2991 difficultatem,
564 2917 596 2973 ut
619 2909 736 2974 elauem
765 2910 1004 2994 uniuscuiusque
1034 2910 1110 2974 sedis
1141 2909 1297 2985 inueniat;

150 3013 252 3093 sitque
275 3019 327 3077 aut
349 3012 512 3077 familiaris
535 3014 679 3091 scientiae,
710 3015 866 3098 cognitam
898 3014 1018 3079 clanem
1049 3015 1107 3078 cito
1138 3033 1175 3077 ex
1206 3016 1298 3094 eopia

150 3115 202 3180 illa
224 3122 378 3200 congestae
401 3117 433 3180 in
457 3137 549 3181 unuru
574 3117 732 3182 uarietatis
755 3117 880 3201 eligere,
920 3126 972 3181 aut
1002 3118 1139 3201 ingentis
1171 3116 1296 3191 laboris,

150 3233 254 3302 aptam
277 3226 308 3284 et
331 3240 496 3304 congruam
520 3220 641 3285 elauem
671 3222 826 3302 aperiendi
858 3223 1095 3304 uniuscuiusque
1126 3223 1227 3286 aditus
1250 3223 1297 3286 in·

196 3377 258 3429 lfili
274 3378 297 3429 l'
336 3377 480 3430 edueehr
521 3389 579 3446 post
593 3377 709 3430 historia
725 3381 800 3447 incip.
802 3380 919 3448 samii
954 3381 1183 3448 dpraenctaturli
1219 3379 1249 3431 in
1263 3397 1296 3431 eo

150 3470 199 3517 aut
210 3482 261 3532 per
269 3463 464 3532 pronominum
477 3464 625 3531 qualitates
640 3467 732 3534 scripsi
742 3469 814 3519 Stnd.
829 3466 899 3519 1886
907 3487 934 3535 p.
945 3468 1003 3519 utto*
1014 3467 1042 3519 in
1054 3484 1085 3519 eo
1098 3467 1297 3534 pronominum

151 3551 300 3618 qualitales
325 3552 349 3602 n
373 3550 401 3602 in
426 3567 459 3602 eo
483 3567 532 3618 per
556 3552 751 3619 pronominum
779 3553 927 3620 qualitates
952 3572 965 3605 c
988 3553 1017 3605 in
1042 3570 1073 3605 eo
1097 3552 1294 3621 pronominum

565 3647 580 3676 u

151 3689 331 3756 qualitatibus
357 3690 393 3740 l'r
445 3691 462 3743 5
489 3696 520 3743 ut
537 3649 592 3743 illi¹
625 3693 650 3744 ll
703 3696 785 3747 licut
803 3709 884 3744 onar
937 3710 987 3759 per
1004 3711 1060 3760 sup.
1080 3693 1124 3743 lin.
1144 3708 1160 3741 u
1180 3710 1212 3742 m.
1236 3693 1249 3742 l
1275 3690 1296 3742 l'

152 3778 167 3826 7
193 3776 341 3843 profetiam
375 3776 399 3826 1⁷
449 3778 466 3830 8
493 3777 645 3844 diapsalma
672 3780 697 3830 R
724 3780 753 3831 in
784 3779 935 3847 diapsalma
970 3779 1019 3830 l'E
1044 3779 1072 3830 in
1101 3778 1254 3845 diapsalma
1281 3800 1292 3829 r

154 3864 185 3914 10
212 3863 262 3915 sub
290 3863 499 3915 conuersatione
533 3865 568 3915 l'r
632 3868 661 3918 ll
689 3865 759 3917 aliut
798 3866 819 3915 l'
878 3868 911 3918 12
938 3865 1156 3930 intellegendum
1184 3870 1226 3917 est
1262 3866 1292 3917 l'r

153 3950 184 4002 13
203 3949 390 4016 repperiamus
416 3950 462 4002 l'u
516 3951 549 4004 14
573 3952 769 4019 temptauimus
795 3953 817 4004 V
867 3955 900 4005 21
926 3951 1015 4019 adque
1040 3953 1086 4004 l'Il
1139 3952 1292 4018 complures

151 4035 232 4087 aedes
258 4055 278 4085 α
304 4035 385 4089 aedes
413 4037 569 4104 complures
595 4056 608 4087 ε
677 4040 712 4091 23
738 4039 767 4091 in
800 4056 887 4091 unum
919 4038 1010 4091 locum
1039 4059 1052 4089 r
1123 4040 1158 4090 24
1185 4038 1242 4090 sint
1269 4040 1293 4091 a·

151 4122 258 4189 aperire
276 4139 358 4176 enar
411 4125 618 4178 26necessein
638 4129 799 4193 arsarpodd.
819 4146 851 4178 nr.
872 4127 931 4178 11r
983 4128 1017 4179 27
1036 4130 1201 4193 congestar
1248 4132 1293 4181 aut

151 4209 272 4277 ingentis
291 4229 321 4262 er
339 4210 373 4263 ad
392 4211 512 4279 ingentis
530 4213 558 4263 in
576 4230 659 4281 nrcrp.
678 4231 743 4266 corr.
763 4232 795 4265 aar.
816 4213 832 4265 1
852 4215 883 4265 R.
