2790 4844
148 236 211 300 784
487 237 605 295 sancti
630 236 762 291 Hilarii
787 237 951 306 episcopi

148 440 178 495 st
201 453 237 496 ax
260 432 393 500 hominis
409 437 587 501 infirmitate
611 433 822 515 trepidationis
845 431 991 497 affectum
1004 440 1036 497 et
1053 451 1096 496 ex
1112 431 1288 498 conscientia

148 537 316 603 diuinitatis
340 540 485 605 fiduciam
511 539 692 605 securitatis.
738 537 796 602 scit
824 543 926 601 autem
956 556 992 601 se
1023 536 1055 599 in
1091 536 1144 601 die
1175 535 1285 621 gloriosi

148 640 230 705 illius
253 642 334 717 betti,
369 664 429 727 quo
463 651 593 708 mortem
629 644 765 724 perimet,
800 661 859 724 quo
893 638 1055 704 diabolum
1095 641 1208 715 uincet
1237 659 1285 723 quo

148 766 254 810 omnes
278 754 443 827 potestates
466 748 607 825 inimicas
630 745 785 827 triumpho
809 745 908 810 crucis
932 764 997 809 suae
1016 744 1169 829 configet,
1192 745 1283 808 obun-

109 879 121 914 s
148 851 270 914 brutum
294 858 530 936 protectumque
554 871 632 916 esse.
678 870 811 933 namque
834 869 902 914 cum
925 868 961 914 er
979 869 1120 929 persona
1136 850 1186 915 dei
1204 849 1282 929 patris

149 954 264 1018 dictum
289 957 328 1021 da
348 977 383 1021 eo
400 956 594 1021 antesuerit:
629 976 712 1020 cum
735 955 823 1037 Ipso
845 973 928 1018 sum
951 953 990 1016 in
1015 953 1281 1018 tribulatione

149 1066 180 1122 et
216 1079 354 1124 rursum:
401 1080 538 1125 manus
583 1061 688 1125 enim
733 1078 817 1122 mea
861 1057 1142 1123 auxiliabitur
1186 1058 1219 1122 ei
1252 1065 1279 1119 et

149 1163 358 1227 brachium
392 1185 516 1229 meum
550 1163 806 1229 confortabit
828 1182 922 1227 eum.
954 1160 1062 1225 nihil
1095 1161 1278 1241 proficiet

148 1266 339 1332 inimicus
373 1269 410 1333 in
445 1289 488 1333 eo
524 1275 562 1333 st
596 1267 713 1332 filius
747 1266 986 1349 iniquitatis
1027 1286 1105 1330 non
1141 1265 1279 1330 adiciet

99 1398 121 1433 ιο
148 1390 292 1434 nocere
316 1392 410 1449 sum,
434 1372 508 1455 quid
528 1373 609 1436 enlm
627 1371 746 1451 prolicit
760 1370 903 1435 iuimicus
919 1369 1029 1434 Iudam
1046 1372 1088 1435 ad
1106 1370 1278 1435 uoluntatem

149 1474 321 1540 traditionis
354 1474 533 1557 inspirans?
578 1477 762 1560 permissum
798 1476 880 1539 enim
911 1494 1024 1557 corpus
1057 1475 1196 1555 passioni
1228 1479 1278 1544 est

149 1580 204 1643 sed
221 1580 361 1659 permissi
377 1581 435 1645 sibi
451 1581 590 1661 corporis
606 1581 763 1644 dominata
778 1599 863 1644 mors
880 1599 940 1643 non
963 1579 1035 1644 fuit:
1059 1586 1188 1644 sauctus
1208 1577 1277 1642 enin

149 1702 209 1746 non
234 1683 311 1749 uidit
333 1685 566 1764 corruptionem.
612 1694 643 1748 et
664 1684 833 1767 iniquitatis
856 1683 937 1747 filius
960 1702 1030 1748 cum
1054 1703 1128 1748 eum
1145 1683 1275 1750 traderet

148 1788 187 1851 ad
211 1789 381 1852 nocendum
405 1789 481 1871 quid
504 1786 640 1854 adiecit?
685 1808 743 1852 non
769 1788 923 1853 modoad
946 1788 1043 1851 uitam
1066 1807 1180 1870 corpus
1199 1784 1275 1850 rediit

98 1916 122 1952 a
149 1911 187 1954 ex
210 1899 319 1965 morte,
353 1893 522 1957 sedetiam
546 1893 577 1956 in
601 1893 770 1958 diuisitatis
793 1890 924 1974 gloriam
948 1897 1059 1955 natura
1081 1889 1273 1974 currupu'onis

148 1995 272 2059 absorta
295 2002 349 2060 est.

194 2099 243 2164 12.
267 2101 397 2165 Securus
425 2103 528 2185 Itaque
551 2112 581 2166 et
604 2103 761 2167 conlidens
795 2101 1009 2165 obumbratum
1034 2119 1068 2164 sa
1092 2119 1162 2164 essa
1184 2099 1213 2162 in
1234 2097 1273 2161 dic

149 2202 220 2269 belli
237 2204 326 2268 etiam
345 2204 403 2270 hoc
420 2211 576 2288 precatur:
600 2226 646 2270 ne
670 2205 817 2281 tradas,
843 2204 1012 2272 domine.
1033 2224 1052 2267 a
1074 2201 1271 2268 desiderio

149 2328 232 2374 meo
255 2311 474 2390 peccatori.
519 2311 572 2393 qui
594 2311 651 2375 ait:
675 2331 750 2374 non
773 2310 864 2374 ueni
886 2308 1139 2372 uoluntatem
1162 2323 1269 2371 meam

98 2434 121 2469 πο
149 2412 294 2491 Iacere,
311 2415 381 2478 sed
403 2413 657 2479 uoluntatem
682 2414 775 2484 eius.
797 2414 863 2496 qui
886 2432 944 2477 mc
968 2412 1089 2485 misit,
1113 2416 1268 2490 susceptum

149 2535 225 2596 opus
249 2518 341 2582 etiam
364 2538 419 2598 pro
443 2518 637 2583 oboedIeutIae
659 2516 838 2601 obsequella
860 2517 986 2582 festinat
1001 2515 1135 2596 inplera;
1157 2512 1266 2580 sedita

148 2628 181 2684 ut
204 2622 435 2686 meminerimus
469 2643 538 2687 esse
561 2624 592 2686 iu
616 2642 651 2687 eo
683 2621 846 2687 uoluntatis
875 2620 1023 2685 osticium.
1068 2619 1131 2684 uult
1154 2633 1267 2698 namque

149 2744 218 2807 qum
233 2731 319 2805 pater
338 2726 439 2790 uoluit.
485 2727 516 2789 id
532 2727 624 2802 enim,
640 2729 722 2809 quod
738 2726 795 2790 ait:
821 2745 894 2789 non
917 2725 1009 2789 ueni
1032 2723 1264 2789 uoluntatem

149 2848 272 2894 meam
304 2829 448 2907 Iacere,
481 2831 550 2895 sed
579 2830 830 2895 uoluntatem
862 2829 957 2904 eius,
987 2828 1055 2911 qui
1085 2848 1142 2892 me
1163 2822 1264 2893 misit

97 2954 122 2991 a
150 2953 229 3005 eum,
260 2954 360 3016 aquo
384 2941 430 2999 est
464 2936 578 2999 missus
601 2935 711 3018 cuique
745 2934 870 3009 obradit,
904 2933 1054 2998 ostendit:
1091 2951 1152 2996 non
1179 2936 1262 2992 aman

148 3037 206 3101 sibi
227 3037 360 3102 detrahit
380 3038 577 3103 uoluntatem.
623 3040 725 3103 omma
744 3058 828 3121 crgo,
846 3057 1051 3122 quaecumque
1073 3036 1149 3117 patri
1171 3030 1259 3113 placita

191 3197 208 3248 6
227 3194 269 3246 Ps.
289 3193 344 3261 XC,
366 3197 404 3248 15.
441 3197 456 3245 'l
476 3195 518 3248 Pa.
537 3195 711 3260 LXXXVIII,
730 3197 764 3248 22
784 3213 823 3262 sq.
862 3197 894 3248 19
914 3195 970 3248 Ioh.
990 3193 1036 3259 vt,
1055 3196 1097 3247 38.

194 3336 205 3385 1
226 3330 386 3385 infirmitate
405 3333 597 3401 trepidationis
619 3334 672 3384 GE
688 3331 848 3386 infirmitate
862 3331 1091 3400 &trepidationis
1109 3331 1134 3383 R
1181 3329 1257 3391 5pro·

148 3423 308 3486 tectumque
332 3438 389 3472 esse
416 3420 440 3471 a
463 3425 674 3488 protectumque
698 3420 733 3472 iri
755 3421 780 3471 Ia'
796 3421 830 3488 cs.
850 3422 893 3472 lin.
915 3421 955 3483 17,
980 3419 1023 3470 udi
1043 3418 1258 3470 attaminatos

148 3524 197 3590 lapi
218 3533 301 3592 potest
355 3526 452 3576 dante
480 3525 519 3576 (le
546 3528 626 3576 antea
645 3525 685 3576 Rb
738 3525 801 3576 ain
828 3540 859 3576 eo
890 3524 944 3575 GE
968 3523 998 3575 in
1025 3522 1057 3576 eri
1084 3539 1149 3575 corr.
1169 3537 1196 3569 m.
1211 3510 1258 3564 ,111

149 3611 182 3662 10
200 3626 299 3662 nocere
318 3628 380 3663 eum
400 3611 424 3662 a
441 3612 476 3680 cs.
496 3612 614 3664 Sabotier
632 3611 670 3674 11,
693 3612 742 3663 178
760 3627 860 3664 nocere
878 3610 903 3663 ei
921 3611 950 3662 Ε
1001 3610 1068 3678 quid
1086 3609 1158 3662 euim
1173 3596 1259 3675 proficii

151 3696 213 3748 (lli.1
238 3699 272 3765 cs.
292 3698 398 3760 Lucifer
422 3700 459 3750 ed.
486 3700 577 3751 Hurtel
596 3718 623 3768 p.
642 3697 699 3752 361
718 3698 784 3766 quid
802 3696 911 3766 proficit
930 3693 967 3749 tt¹
1023 3700 1055 3750 ta
1081 3693 1201 3765 permissi
1221 3683 1260 3739 sibi

148 3784 273 3850 corporis
297 3802 310 3836 a
334 3795 356 3837 et
382 3785 415 3843 G,
440 3795 466 3835 ut
490 3787 599 3853 uidetur,
623 3784 906 3853 permissisteras.
930 3784 948 3850 i,
971 3801 988 3836 a
1005 3786 1065 3836 udat
1089 3803 1122 3836 na.
1140 3782 1171 3847 3)
1188 3772 1263 3833 sibili

150 3872 182 3922 13
209 3887 271 3923 cum
298 3871 372 3924 enirn
399 3872 523 3925 traderet
551 3872 576 3924 G
639 3876 671 3927 14
695 3871 901 3925 aduocandum
922 3872 947 3924 G
965 3871 1000 3924 ad
1018 3871 1173 3925 nocendum
1191 3867 1211 3921 ai
1228 3858 1266 3917 ΒΕ

149 3958 183 4008 ad
208 3957 284 4009 uias*
309 3959 333 4007 (l
359 3959 387 4011 iu
415 3960 502 4013 uitam
530 3961 584 4012 tta·
636 3962 668 4013 15
696 3960 744 4013 sad
771 3960 855 4013 etiam
882 3959 910 4011 in
940 3961 964 4008 (ι’
992 3958 1040 4011 sed
1069 3959 1153 4012 etiam
1179 3956 1212 4010 ad
1229 3948 1268 4005 Rb'

150 4046 182 4097 16
200 4045 312 4097 absorta
330 4047 355 4098 R
373 4046 502 4114 absorpta
522 4047 549 4097 1«)
610 4049 642 4099 18
660 4064 675 4098 a
694 4045 830 4100 desiderio
851 4046 906 4097 Ga
921 4045 1060 4100 desiderio
1082 4047 1106 4098 tt
1169 4048 1199 4099 19
1220 4038 1272 4110 quit

149 4130 188 4182 ait
209 4136 232 4181 (τ’
285 4134 319 4185 23
338 4138 416 4200 pater
443 4151 512 4201 quae
539 4139 618 4201 pater
645 4134 734 4186 uoluit
751 4131 842 4201 (pater
866 4134 954 4201 priore
979 4134 1024 4185 loc.
1044 4135 1274 4187 interraneorum

149 4219 208 4269 add.
227 4218 304 4283 1113,
323 4220 413 4272 uoluit
430 4240 500 4290 supr.
519 4239 569 4273 scr.
588 4219 668 4287 1113)
688 4223 712 4274 tt
764 4221 804 4273 ait
823 4239 870 4272 osu.
889 4220 921 4272 lt.
