2790 4844
147 201 211 266 464
488 202 605 256 sancti
630 203 766 258 Hilarii
791 204 955 272 episcopi

147 403 177 459 et
202 393 252 476 qui
276 392 366 457 huius
390 392 463 458 fidei
488 399 577 458 eruunt
600 393 728 471 similes,
758 416 818 459 non
843 396 1034 476 inpudenter,
1052 398 1135 479 quod
1151 396 1202 462 dei
1225 397 1288 473 sint,

147 496 381 563 confitebuntur.
427 517 485 561 uox
506 497 565 561 ista
587 505 634 562 est
664 499 773 562 anima¹
806 501 863 565 deo
893 520 1017 580 semper
1040 501 1184 578 intontae;
1218 519 1286 581 opus

146 603 228 668 istud
253 614 298 666 est
322 602 539 667 misericordiae
563 603 739 669 indefessae.
763 605 957 669 continentiae
988 603 1158 687 inmobilis,
1189 603 1282 670 ieiunii

147 707 257 777 usitati,
274 706 446 790 largitionis
462 707 680 790 inpaenitcntis
727 709 878 790 quomodo
895 709 977 774 enim
998 728 1032 773 sa
1056 709 1106 774 dei
1131 728 1201 774 esse
1222 728 1280 790 pro·

109 837 121 873 a
148 811 283 875 fitebitur
306 811 336 875 in
360 810 519 876 libidinem
543 812 656 889 calens,
679 813 709 876 in
734 812 810 876 iram
832 812 963 886 mobilis,
987 813 1017 876 in
1033 813 1196 877 auaritiam
1211 810 1276 877 solli·

148 916 233 992 citus,
255 915 286 979 in
311 915 489 980 ebrietatem
514 916 630 992 sitiens,
660 916 691 979 in
723 915 853 1000 gloriam
885 914 987 981 saeenli
1019 915 1145 981 inanis?
1184 916 1272 980 homn

147 1019 247 1103 potius
271 1020 329 1083 erit
352 1020 418 1093 iste,
441 1039 501 1083 non
525 1019 584 1084 dei.
630 1020 660 1082 in
697 1039 756 1102 quo
790 1021 872 1084 enim
906 1020 974 1084 haec
1009 1021 1188 1101 passionum
1216 1017 1273 1082 nita

148 1123 357 1197 abundabunt,
382 1125 534 1206 quomodo
558 1143 620 1187 non
643 1143 748 1188 eorum
773 1126 838 1201 erit,
867 1125 978 1207 quibus
1008 1124 1146 1189 seruiet?
1188 1121 1271 1204 plures

148 1228 288 1312 gentium
323 1227 380 1291 dii:
417 1228 471 1291 sed
505 1248 584 1291 unus
618 1227 712 1291 Paulo
747 1230 832 1304 deus,
868 1248 904 1294 ex
936 1249 995 1312 quo
1018 1228 1131 1302 omnia,
1160 1234 1191 1293 et
1210 1241 1269 1289 unns

96 1358 120 1393 ιο
148 1331 289 1395 dominus
313 1338 418 1395 noster
440 1329 535 1406 lesus,
559 1353 615 1412 per
639 1350 730 1414 quem
755 1333 867 1396 omnia.
913 1338 1092 1396 constanter
1121 1351 1193 1416 ergo
1219 1347 1269 1409 pro

148 1434 252 1519 pheta.
276 1436 322 1499 oui
347 1434 401 1499 soli
426 1435 527 1510 seruit,
552 1436 633 1518 quod
658 1455 731 1500 suus
748 1436 794 1512 sit,
818 1435 995 1500 confitetur:
1019 1442 1051 1501 et
1067 1436 1139 1520 quia
1153 1454 1219 1500 suus
1233 1429 1268 1499 sit.

149 1547 181 1603 ut
204 1539 347 1618 saluetur,
372 1549 448 1602 orat.
495 1559 568 1603 suus
591 1546 691 1603 autern
728 1560 784 1620 per
816 1540 848 1603 id
870 1546 925 1617 ast,
957 1541 1031 1623 quia
1059 1538 1267 1604 iustificationes

149 1643 214 1708 eius
231 1644 376 1726 exquirat.
415 1643 482 1707 aliis
495 1644 704 1725 querentibus
720 1642 851 1728 gloriam
868 1645 982 1715 mundi,
998 1643 1067 1708 aliis
1084 1639 1266 1728 quaerentibus

149 1767 250 1830 agros,
274 1747 388 1824 domos,
413 1748 582 1826 pecuniam,
605 1746 656 1812 ille
679 1748 809 1812 iustitias
833 1748 882 1812 dei
907 1748 1039 1832 exquirit
1069 1756 1107 1821 et,
1137 1747 1212 1831 quod
1229 1736 1264 1805 dei

97 1877 122 1912 ra
150 1852 196 1928 sit,
219 1851 377 1936 gloriatur.

195 1997 243 2062 13.
268 1998 324 2063 Est
347 2007 447 2062 antem
471 2000 500 2062 in
526 1999 701 2063 istiusmodi
731 2000 798 2080 pios
822 2019 858 2064 ac
881 1998 1044 2084 religiosos
1074 1999 1156 2063 uiros
1177 1998 1262 2077 ingens

149 2103 252 2166 odium
275 2102 532 2186 irreligiosorum.
579 2118 608 2168 er
631 2103 689 2167 seit
714 2103 871 2184 propheta,
902 2102 951 2169 uel
981 2103 1085 2169 saeculi
1116 2095 1261 2166 hominbus

149 2207 197 2272 uel
221 2205 340 2270 diabolo
364 2214 394 2271 et
417 2207 566 2270 ministris
597 2207 662 2271 eius
686 2227 765 2284 eum,
800 2208 850 2291 qui
882 2228 915 2273 se
946 2207 995 2272 dei
1024 2205 1186 2289 profitetur,
1210 2210 1261 2264 esst

149 2319 322 2392 pertaesum.
370 2311 427 2375 hoa
450 2311 542 2375 etiam
566 2312 765 2394 consequenti
800 2331 891 2377 uersu
926 2313 1025 2389 docet,
1060 2331 1121 2395 quo
1143 2309 1195 2373 ait:
1220 2313 1261 2364 111⁰

98 2438 122 2475 20
151 2421 497 2495 exspectauerunt
535 2421 785 2495 peccatores,
824 2424 863 2479 ut
900 2417 1137 2495 perderent:
1174 2398 1260 2476 testi·

150 2520 280 2584 monia
295 2516 369 2583 'tua
402 2517 604 2584 intellexi.
650 2518 771 2584 diabolo
788 2519 837 2583 nel
852 2518 1002 2583 ministris
1020 2519 1085 2584 eius
1109 2533 1206 2601 pugna
1222 2507 1263 2610 ⁰⁸¹³.

150 2644 274 2689 omnem
298 2622 429 2706 gloriam
452 2622 509 2687 uiri
532 2621 633 2687 fidelis
656 2623 777 2687 auferre
801 2629 831 2687 et
853 2643 923 2687 eum
939 2642 999 2687 non
1016 2642 1053 2687 ex
1080 2608 1267 2702 portionale

151 2729 251 2793 sinere
286 2747 366 2806 esse,
401 2729 456 2791 sed
491 2727 520 2789 in
557 2727 763 2791 damnationis
798 2747 860 2792 suae
895 2728 1081 2792 consortium
1118 2724 1274 2789 ausum-³10·

150 2832 243 2914 longo
266 2833 368 2914 itaque
391 2850 428 2895 ac
451 2832 568 2895 diutino
593 2828 700 2910 proelio
716 2839 823 2896 contra
838 2831 931 2896 fidem
948 2829 1107 2912 propheta
1123 2825 1284 2893 dimicatur·

98 2956 124 2995 aa
152 2936 207 3000 sed
230 2956 348 3000 memor
370 2935 422 2999 ille
443 2935 658 2999 mandatomm
682 2935 732 2999 dei
757 2944 787 2999 et
811 2935 986 2999 testimonia
1016 2935 1082 2999 aius
1108 2917 1295 3012 intellege&

150 3040 263 3104 restitit
285 3046 376 3123 atque
402 3039 577 3119 permansit.
623 3059 724 3122 noque
759 3037 847 3104 aliter
880 3058 1109 3120 apameorum,
1142 3035 1192 3121 qui
1214 3023 1305 3112 pot·

151 3145 299 3208 ditionem
322 3163 410 3207 suam
442 3143 654 3224 expectabant,
689 3141 788 3220 clusit,
822 3162 916 3226 quam
951 3143 1033 3226 quod
1067 3142 1139 3206 uitae
1170 3135 1220 3204 sibi
1244 3117 1306 3193 5¹

151 3248 335 3313 testimoniis
360 3248 408 3311 dei
432 3245 581 3311 intellexit
604 3266 673 3311 esse
697 3247 877 3311 doctrinam.
921 3245 1050 3310 arduum
1073 3253 1174 3310 autem
1197 3242 1306 3320 aar*

196 3461 212 3510 2
230 3462 271 3510 est
289 3458 349 3508 odd.
372 3474 404 3508 m.
423 3455 443 3507 2
468 3457 490 3509 l'
540 3456 648 3508 animae
666 3457 701 3509 do
720 3473 749 3508 ec
767 3455 902 3508 animatio
924 3472 990 3507 corr.
1004 3473 1037 3506 m.
1054 3453 1075 3506 2
1093 3454 1116 3506 V
1131 3453 1183 3507 deo
1199 3466 1240 3502 ona
1262 3460 1306 3489 s

152 3543 260 3596 3istud
289 3548 331 3595 est
358 3561 387 3595 ex
413 3543 468 3595 istu
496 3561 528 3595 nr.
558 3540 577 3594 2
608 3543 631 3594 l'
680 3543 773 3596 4esse
801 3560 850 3594 om·
881 3542 905 3595 V
955 3540 1043 3594 7iste
1071 3557 1170 3595 nomen
1194 3534 1234 3591 dei
1255 3548 1306 3583 f

152 3629 324 3697 8quomodo
343 3622 389 3683 eni
407 3647 461 3681 non
489 3630 511 3681 V
561 3629 663 3682 seruiat
689 3629 712 3681 l'
762 3628 837 3681 adii
855 3646 884 3681 ex
903 3629 938 3682 do
960 3646 994 3679 m.
1016 3626 1036 3680 2
1063 3627 1088 3682 l'
1138 3625 1186 3680 sed
1208 3635 1254 3692 μῦ

153 3721 223 3769 teste
250 3734 319 3769 unus
348 3720 371 3768 t'
423 3717 547 3770 101esus
575 3715 700 3770 Christus
730 3715 767 3785 Cp
822 3717 851 3768 ll
873 3715 960 3769 seruit
986 3733 1017 3768 ex
1040 3719 1138 3768 serunt
1163 3732 1195 3766 m.
1220 3707 1237 3761 2

154 3823 188 3873 14
205 3820 339 3872 iustitiam
354 3839 375 3890 p
428 3819 549 3887 exquirit
568 3819 658 3871 oras.V
710 3821 741 3872 19
761 3797 845 3888 ῃιῐῖω
865 3819 891 3872 R
917 3831 1101 3887 paroieum
1129 3816 1206 3881 (eron
1227 3812 1293 3879 al„

153 3923 282 3974 perosum
308 3905 398 3972 (,'(.·l)b
450 3906 495 3959 hic
522 3907 544 3957 l'
595 3906 643 3974 qui
666 3906 706 3959 ait
729 3906 754 3959 V
804 3916 862 3958 onte
889 3922 934 3959 mc
961 3910 1195 3973 exspectauerant
1218 3901 1245 3954 in
1264 3882 1297 3948 s

155 3995 247 4058 lenitur
266 3992 357 4072 odiom
376 4010 436 4045 sum
488 3995 523 4047 20
540 3993 690 4060 perderent
707 3993 839 4046 maRCE
889 3994 920 4046 91
942 3997 990 4045 tua
1008 3991 1121 4045 domine
1134 3976 1306 4045 intellexib

154 4095 280 4164 intellegi
312 4094 346 4146 V¹
408 4113 530 4165 pugnam
558 4102 584 4149 et
620 4096 642 4148 l'
702 4098 736 4149 23
754 4095 958 4149 damnationem
993 4095 1016 4148 V
1066 4098 1101 4150 24
1120 4095 1228 4150 dicatur
1256 4071 1306 4142 l*

154 4184 188 4236 95
207 4183 265 4235 eius
284 4201 331 4234 oriz.
348 4204 374 4252 p.
1007 4187 1018 4209 ⁶
