2790 4844
149 249 211 314 748
490 247 606 300 sancti
630 247 765 300 Hilarii
790 247 953 315 episcopi

149 439 324 521 probabiles
349 438 490 514 reddidit,
520 457 574 517 per
597 457 688 520 quam
712 456 774 500 non
799 438 1021 502 erubescendae
1047 441 1118 517 spei
1143 460 1204 504 sua
1222 441 1272 503 tidr·

150 545 228 608 ciam
252 543 468 624 probauerunt.
514 542 569 605 sed
594 539 661 605 haee
695 540 875 621 oportunius
910 548 942 606 et
975 526 1104 621 plenius
1136 544 1198 607 suis
1222 541 1272 605 loris

150 649 273 713 tractari
297 653 431 727 oportet:
456 664 536 709 nunc
559 647 599 709 ad
623 665 702 712 euru.
726 665 763 708 ex
786 646 872 709 cuius
896 665 1032 724 persona
1056 647 1208 727 psalmum
1224 665 1270 711 eoo

150 753 259 816 sistere
283 752 424 826 diximus,
448 750 666 815 reuertendum
691 757 746 814 est.

110 883 123 918 r
194 855 220 918 5.
246 855 316 920 Non
348 855 565 919 confundenda
598 862 699 918 autern
735 874 867 934 persona
900 854 1075 919 diuinitatis
1112 862 1144 920 et
1165 853 1265 935 eorporis

150 967 204 1024 est.
251 960 353 1023 omnis
385 960 466 1023 enim
503 978 584 1022 nune
614 959 646 1021 in
669 958 793 1021 exordio
826 978 863 1022 err
894 977 1028 1038 persona
1058 960 1126 1023 eius
1156 955 1261 1022 hominis

150 1084 242 1146 quem
259 1063 440 1142 adsumpsit,
465 1063 561 1126 oratio
578 1069 639 1126 est:
664 1063 850 1142 probasti
874 1081 938 1137 me,
963 1062 1071 1139 deus,
1096 1077 1133 1128 et
1155 1080 1258 1146 cogno

149 1168 247 1231 uisti
272 1187 338 1231 me.
384 1166 529 1246 probatus
553 1172 608 1242 est,
631 1173 664 1230 ut
687 1170 935 1248 cognosceretur,
968 1166 1042 1248 quia
1072 1168 1210 1246 posterior
1228 1171 1256 1226 et

149 1271 331 1351 probatione
354 1270 496 1352 cognitio.
543 1278 573 1334 et
596 1270 757 1334 uideamus
780 1271 951 1334 seeundum
982 1270 1190 1355 euangelicam
1212 1267 1254 1329 doe

98 1402 122 1438 ro
150 1374 272 1451 trinam,
307 1373 358 1438 hic
393 1375 442 1437 dei
476 1372 558 1438 filius
594 1375 749 1456 quomodo
783 1374 824 1437 sit
857 1383 887 1438 et
922 1375 1069 1455 probatus
1093 1386 1124 1438 et
1144 1372 1250 1456 cognitu.

151 1477 307 1543 humilitas
341 1486 476 1561 namque
511 1478 584 1554 eius,
618 1498 673 1558 per
708 1497 801 1561 quam
838 1479 948 1542 meruit
982 1479 1022 1543 ab
1057 1480 1140 1543 omni
1168 1472 1250 1542 calesti

150 1583 287 1647 terrestri
312 1590 343 1645 et
365 1581 485 1646 inferno
508 1583 628 1645 adorari
654 1589 685 1646 et
707 1582 737 1645 in
761 1582 860 1666 gloria
878 1582 927 1646 dei
943 1583 1041 1662 patris
1057 1603 1135 1656 esse,
1157 1577 1249 1662 proban

149 1685 215 1750 eius
240 1686 305 1749 luit.
350 1687 391 1749 ita
416 1687 496 1750 enim
529 1685 685 1765 apostolus
719 1687 777 1750 ait:
813 1687 891 1750 suit
924 1688 1135 1751 oboediens
1166 1698 1248 1764 usque

150 1789 196 1851 ad
235 1798 412 1866 mortem,
451 1801 619 1854 mortem
656 1799 788 1855 autern
826 1792 977 1855 crucis:
1016 1799 1178 1873 propter
1205 1787 1247 1850 hut
1288 1842 1290 1849 .

98 1919 123 1955 rr
151 1893 353 1958 exaltauit
388 1915 470 1960 eum
507 1896 604 1959 deus
639 1902 675 1960 et
709 1895 876 1959 donauit
909 1894 974 1959 illi
1006 1916 1154 1962 nomen.
1183 1886 1247 1975 qrol
1289 1935 1290 1955 2

150 2008 211 2061 est
245 2018 366 2079 super
401 2020 514 2063 omne
549 2019 698 2075 nornen,
722 2007 763 2063 ut
796 1999 834 2063 in
871 2000 1030 2064 nomine
1067 2002 1149 2064 eius
1177 2009 1247 2061 irunt

150 2122 252 2185 genu
288 2101 436 2167 llectat
470 2101 691 2167 celestium
728 2112 767 2166 et
800 2104 1066 2168 terrestrium
1098 2115 1133 2168 et
1166 2097 1247 2166 inler-

150 2227 302 2277 uorum,
328 2214 366 2271 et
389 2208 519 2271 omnis
543 2206 683 2290 lingua
705 2208 967 2283 confiteatur,
995 2209 1087 2290 quia
1109 2206 1248 2272 doninus

152 2310 265 2375 Iesus
296 2312 332 2374 in
369 2311 503 2393 gloria
533 2311 596 2374 dei
629 2312 770 2391 patris.
816 2317 940 2392 propter·
963 2310 1047 2376 hane
1070 2313 1249 2394 iraquouue

98 2438 123 2475 20
151 2415 190 2478 ad
224 2423 355 2480 mortem
380 2415 601 2480 oboedientiam
634 2422 663 2479 et
694 2423 827 2480 mortem
862 2416 964 2480 crucis
997 2415 1158 2480 infirmitas
1185 2404 1249 2476 sunit
1290 2443 1291 2447 =

150 2520 322 2600 adsumpta
346 2520 376 2582 in
402 2519 525 2583 nomine
560 2526 653 2611 atque
683 2518 800 2584 honore
833 2518 1067 2584 inmortalitatis
1089 2524 1120 2583 et
1139 2519 1169 2582 in
1186 2508 1249 2597 palti

151 2623 199 2686 dei
223 2622 323 2706 gloria
346 2622 529 2687 conlocatur.
576 2624 624 2688 dei
650 2623 732 2688 euim
756 2643 871 2688 nomeu
892 2623 1023 2688 donatur
1046 2632 1077 2689 et
1099 2640 1196 2687 nornen
1212 2629 1248 2678 ull

150 2727 215 2792 sine
250 2726 366 2792 honore
397 2728 535 2791 donatur.
581 2728 679 2791 honor
714 2736 824 2805 autem,
859 2728 912 2811 qui
947 2728 1086 2804 donatur,
1119 2747 1173 2791 nou
1199 2718 1248 2784 rhu

151 2837 253 2911 potest
284 2851 351 2895 esse
383 2852 476 2913 quam
511 2832 658 2908 nominis3
689 2851 800 2895 nomen
833 2852 906 2896 uero
938 2831 1049 2897 indulti
1079 2830 1190 2896 honoris
1210 2837 1247 2886 ml

98 2958 123 2994 rr
150 2933 232 2999 aliud
256 2943 303 2999 est
325 2955 417 3018 quam
443 2936 525 3017 quod
549 2935 716 3019 gloriaest
746 2943 888 3017 paterna:
920 2944 952 2999 ut
982 2937 1035 3019 qui
1066 2937 1097 3000 in
1120 2935 1202 2999 sonna
1217 2920 1247 2987 dli

149 3058 279 3103 manens
303 3040 435 3115 formam
459 3040 539 3103 serui
563 3041 689 3120 accepit.
713 3046 837 3121 propter
859 3038 1080 3105 oboedientiam
1105 3039 1247 3103 formasa·

148 3140 217 3206 uilis
252 3163 320 3207 cum
356 3144 453 3207 erucis
489 3150 587 3208 morte
621 3150 772 3224 susceptae
806 3144 836 3208 in
872 3143 972 3227 gloria
1003 3145 1053 3208 dei
1085 3143 1171 3224 patris
1189 3136 1247 3201 estl-

194 3355 225 3404 13
245 3350 313 3402 Phil.
333 3351 366 3411 ll,
386 3354 402 3403 8
421 3369 460 3418 sq.

191 3526 207 3575 2
225 3525 387 3591 oportunius
400 3525 423 3575 Il
433 3524 615 3592 opportunius
627 3526 678 3576 PE
685 3523 717 3587 cf.
729 3525 809 3576 Acod,
818 3543 846 3594 p.
858 3523 896 3576 28
949 3527 1089 3592 ‘o'oportet
1100 3518 1250 3592 Roportertssl

149 3611 174 3662 P
225 3611 374 3664 consistere
396 3611 657 3664 (llll'oonstareE
708 3611 777 3665 ida
797 3613 822 3664 (ι’
840 3611 979 3664 ormRPla'
1030 3594 1255 3680 eprobarionet'fl

148 3697 303 3764 probationi
324 3697 349 3748 1>
402 3698 740 3750 methimannum?
793 3700 826 3750 13
853 3697 1003 3751 oboediens
1024 3698 1049 3750 G
1068 3698 1192 3752 obediens
1207 3685 1258 3758 [eiu

147 3800 200 3834 ros.
211 3782 239 3849 Il)
250 3785 337 3836 Iloha
348 3784 470 3836 ²-2dieus
491 3785 559 3842 (erut
578 3784 736 3849 obaudiens,
754 3786 800 3837 sed
817 3787 891 3836 etiarn
911 3801 928 3836 a
945 3786 972 3836 in
989 3784 1056 3849 ros.)
1071 3785 1098 3837 P
1148 3786 1177 3839 17
1193 3776 1261 3834 flecht
1290 3774 1292 3783 '

149 3870 174 3921 R
192 3869 319 3923 identatur
339 3871 391 3922 Pu*
407 3871 441 3930 cf.
461 3871 543 3923 Amul.
563 3891 590 3941 p.
614 3872 650 3921 :57
705 3875 733 3923 et
759 3871 932 3924 terrestrium
960 3871 986 3922 R
1013 3872 1188 3926 terrestrium
1212 3859 1266 3921 HE

151 3958 181 4008 19
199 3956 228 4007 iu
246 3957 336 4022 gloria
354 3950 384 4009 di
399 3962 424 4009 li
437 3958 465 4009 in
483 3957 574 4025 gloria
592 3963 633 4010 est
652 3957 697 4010 dei
716 3958 820 4009 nm:
870 3956 982 4009 hocta*
1034 3961 1067 4012 21
1090 3953 1270 4012 stinnoruint

148 4042 252 4093 llPTE
262 4042 289 4094 iu
301 4043 410 4096 homine
424 4048 447 4096 (ι’
501 4043 590 4110 adque
601 4043 695 4110 (atque
706 4041 768 4108 TE)
778 4043 881 4096 honore
893 4043 1106 4099 inmortalitatis
1118 4042 1273 4110 aramque

148 4127 278 4181 honorem
295 4129 472 4193 mortalitatis
484 4129 598 4197 I'atque
614 4137 730 4183 naturae
746 4129 877 4183 honorem
894 4129 1109 4186 inmortalitatis
1121 4134 1146 4186 R
1196 4134 1277 4186 hluon

148 4215 217 4266 alius
236 4223 276 4268 est
297 4217 321 4268 12
380 4219 413 4268 25
432 4217 537 4282 gloriae
557 4224 598 4270 est
617 4223 749 4284 paternae
768 4217 794 4270 R
855 4221 886 4268 ut
905 4234 953 4268 orn.
973 4217 1000 4268 Ρ
1060 4221 1096 4272 27
1116 4226 1240 4290 suscepta
1256 4217 1281 4268 li.
