2790 4844
145 225 205 289 148
482 227 598 278 sancti
623 224 757 278 Hilarii
783 224 944 293 episcopi

143 426 249 480 nostra
282 427 360 488 sunt,
396 422 428 479 ut
463 415 492 478 ln
528 413 576 478 his
610 415 779 479 admisceat
812 415 905 479 etiam
937 413 998 492 illa,
1032 432 1101 497 quae
1123 432 1179 477 sua
1205 430 1286 487 sum,

143 519 346 603 loquaturque
370 519 520 584 interdum
545 539 582 583 er
605 537 735 598 persona
760 517 902 594 hominis,
930 518 1002 601 quia
1025 516 1117 582 homo
1139 522 1170 581 et
1192 523 1284 580 nutus

144 631 174 688 et
208 642 317 704 passus
347 632 377 688 et
405 629 542 687 mortuus
576 629 631 699 est,
664 621 814 686 interdum
850 632 952 686 autem
988 621 1090 685 omnis
1124 621 1152 686 ei
1175 640 1286 685 seeun-

145 729 217 792 dunr
257 727 350 791 deum
386 746 486 792 sermo
524 726 572 804 sit,
614 727 687 809 quia
720 747 756 791 ex
791 728 849 791 deo
880 726 973 790 horno
1004 732 1035 791 et
1065 746 1102 790 ex
1136 725 1185 790 dei
1220 723 1286 789 filio

107 856 121 895 e
147 831 282 896 hominis
305 830 386 895 filius
409 830 590 895 exstitisset:
613 842 730 895 naturae
754 830 870 896 seilicet
892 831 957 894 eius
980 829 1200 894 confidentiam
1224 848 1284 892 non

145 935 256 1000 oblitus
280 937 310 998 in
334 935 445 1013 uerbis
469 955 531 1018 qua
553 934 584 999 in
608 936 820 1015 adsumptione
837 934 907 999 licet
923 933 1057 998 hominis
1074 954 1132 997 non
1150 934 1286 1005 carebat,

146 1041 239 1105 et'ita
262 1059 299 1104 ex
322 1040 410 1104 nobis
432 1047 525 1122 atque
559 1060 595 1103 er
619 1039 797 1104 infirmitate
832 1049 936 1103 nostra
969 1037 1098 1103 humani
1132 1037 1286 1102 sermonis

146 1144 367 1209 consuetudine
390 1164 506 1227 usuque
541 1143 678 1226 loquens
713 1151 746 1207 ut
780 1164 816 1208 ex
839 1163 873 1207 se
896 1150 989 1226 atque
1013 1162 1049 1207 ex
1080 1141 1191 1207 uirtute
1221 1161 1288 1212 sua,

148 1269 216 1330 quau
250 1249 308 1312 deo
343 1255 413 1311 sunt
446 1247 571 1328 propria
593 1255 623 1312 et
654 1247 757 1331 digua,
781 1244 965 1330 loqueretur,
1004 1254 1036 1310 ut
1072 1245 1105 1310 iu
1138 1247 1285 1326 praesenti

96 1377 122 1413 ιο
150 1352 269 1434 psalmo
293 1353 437 1436 cognosci
459 1359 569 1435 potest,
594 1353 643 1434 qui
669 1353 710 1416 itu
733 1360 850 1434 emptus
873 1361 930 1416 est.

191 1456 220 1521 3.
246 1455 435 1521 Insurire
458 1457 555 1520 deus
579 1456 805 1520 orationem
832 1475 955 1519 meam
979 1456 1286 1538 etnedespexe·

147 1562 204 1626 ris
226 1560 562 1644 deprecationem
587 1579 723 1624 meam:
758 1561 926 1624 intende
949 1558 1047 1623 milri
1078 1564 1115 1623 et
1138 1557 1288 1623 exaudi

148 1685 215 1729 me.
250 1664 527 1730 contristatus
550 1684 634 1728 sum
658 1665 693 1727 iu
719 1664 1024 1728 exercit-aliene
1048 1668 1288 1727 meuetcon·

148 1770 336 1833 turbatus
361 1788 441 1832 snm
464 1789 483 1833 a
505 1788 602 1833 uoce
625 1767 783 1833 inimici
807 1775 844 1834 el
867 1790 885 1831 a
908 1767 1181 1832 tribulatione
1202 1785 1289 1850 pee-

96 1871 1289 1955 1⁶catoris:quoniamdeclinaueruntinmeiniquitatem

149 1989 186 2042 et
209 1977 247 2041 in
273 1976 333 2040 ira
367 1975 531 2041 molesti
565 1986 680 2041 erant
716 1975 823 2040 mihi.
869 1997 935 2041 cor
970 1995 1095 2041 meum
1129 1990 1290 2040 centur·

149 2081 282 2145 batum
306 2099 369 2146 est
392 2081 430 2145 in
453 2101 518 2158 me,
542 2089 579 2145 et
602 2080 776 2145 formido
809 2082 952 2145 mortis
982 2078 1133 2145 cecidit
1165 2098 1290 2160 super

150 2206 213 2249 me.
259 2185 378 2249 timor
412 2198 448 2250 et
478 2191 628 2249 tremor
660 2185 834 2249 intrauit
867 2185 903 2248 in
940 2205 995 2250 rue
1029 2191 1068 2249 et
1100 2184 1290 2249 contexit

149 2289 406 2354 metenebra.
452 2301 489 2354 et
511 2289 610 2353 dixi:
635 2289 726 2371 quis
750 2288 862 2354 dabit
890 2288 987 2352 milri
1011 2289 1157 2372 pinnas
1180 2287 1291 2352 sicut

97 2412 122 2448 20
150 2391 362 2459 oolumbae?
393 2400 431 2458 et
453 2393 597 2458 uolabo
621 2403 658 2457 et
682 2394 943 2476 requiescam.
978 2413 1071 2458 ecee
1093 2391 1290 2475 elongaui

150 2499 313 2582 lugiens
337 2507 374 2562 et
396 2497 524 2562 mansi
548 2498 586 2561 in
610 2497 849 2562 solitudine.
894 2498 924 2562 in
949 2498 1075 2561 exordio
1099 2495 1213 2580 psalmi
1230 2497 1290 2561 etsi

150 2601 330 2667 humilitatis
346 2622 419 2667 nom
435 2622 508 2666 usus
524 2602 571 2680 sit,
587 2621 654 2666 cum
672 2601 729 2664 ait:
753 2602 933 2667 inaurire
949 2603 1045 2667 deus
1061 2601 1289 2665 orationem

150 2725 282 2782 meam,
317 2726 378 2770 non
411 2714 512 2770 tamen
548 2706 614 2769 sine
649 2704 753 2788 aliqua
787 2708 909 2787 propria
942 2704 1137 2772 conscientia
1171 2704 1291 2769 altioris

151 2811 262 2876 fidncia
294 2810 482 2895 intellegitur
513 2809 581 2874 haec
604 2809 728 2874 loeutus.
776 2829 836 2874 non
870 2810 952 2875 enim
986 2809 1209 2891 cuiuscumque
1243 2814 1292 2873 est

98 2929 123 2968 ²⁵
150 2915 333 2980 innocentiae
370 2915 400 2979 id
435 2913 596 2997 postulare,
635 2922 666 2977 ut
703 2915 873 2979 orationem
910 2933 997 2977 suum
1036 2913 1112 2978 deus
1148 2912 1291 2976 inauriat

150 3024 299 3101 promptae
322 3037 455 3101 namque
476 3038 599 3099 semper
620 3019 788 3099 precationi
820 3018 979 3082 hominum
1013 3017 1063 3081 dei
1086 3035 1177 3081 aures
1201 3023 1291 3105 sunt:

196 3244 256 3298 lin
284 3263 332 3296 uun
368 3245 390 3298 V
440 3244 523 3298 etiam
550 3263 597 3296 om.
631 3245 655 3297 V
705 3256 763 3296 nutu
790 3261 839 3299 sna
865 3247 961 3314 aliquot
987 3245 1033 3296 litt.
1052 3241 1141 3309 (susi)
1169 3260 1238 3295 erus.
1267 3243 1292 3294 lt

149 3334 167 3386 2
185 3348 238 3398 qua
256 3335 285 3384 et
303 3329 385 3384 homo
404 3348 418 3385 e
472 3334 488 3384 5
507 3331 564 3384 eius
579 3329 756 3396 (inteream.
770 3329 800 3397 3)
819 3329 985 3385 confidentii
999 3328 1164 3400 (emansor.
1178 3349 1211 3381 nr.
1224 3327 1292 3394 :nrt

150 3422 166 3471 6
185 3417 239 3484 qui
264 3418 289 3469 P
310 3418 375 3486 quia
391 3418 414 3471 V
463 3417 493 3471 in
511 3435 558 3471 orn.
575 3419 598 3470 V
648 3418 881 3472 Soonauetndine
900 3434 1019 3484 ususque
1044 3416 1069 3469 P
1089 3416 1292 3470 consuetudine

150 3519 236 3571 usque
258 3505 305 3556 VR
357 3508 373 3559 9
391 3505 503 3572 propria
520 3508 585 3557 sunt
603 3509 632 3558 et
650 3505 734 3574 digne
759 3506 780 3555 l’
797 3509 861 3558 sunt
879 3503 991 3572 proprie
1014 3503 1099 3572 digna
1118 3503 1145 3554 P
1194 3502 1289 3570 loque·

150 3598 228 3645 retur
254 3609 284 3644 ex
307 3590 436 3658 loquetur
463 3610 495 3644 m.
520 3590 540 3643 2
571 3593 593 3644 V
614 3593 740 3660 loqretur
760 3593 784 3644 n
802 3591 934 3659 loqirdrur
964 3591 989 3643 P
1051 3592 1083 3644 10
1100 3588 1166 3658 quie
1196 3589 1238 3644 ita
1270 3589 1291 3642 V

154 3680 183 3732 ll
210 3678 263 3731 dne
295 3679 320 3729 l'
380 3680 412 3731 12
434 3678 672 3746 depraecationem
705 3679 750 3730 l'R
814 3681 845 3733 13
864 3677 1044 3731 contristatus
1073 3676 1132 3742 (nm.
1164 3675 1237 3743 sum)
1271 3676 1291 3729 V

154 3767 185 3818 14
203 3770 231 3817 et
249 3764 428 3818 tribulatione
448 3765 471 3815 V
522 3767 554 3818 15
572 3765 733 3833 iniquitates
747 3766 785 3819 Re
840 3768 870 3819 16
888 3762 1253 3818 molestiecmolestism.?
1271 3764 1292 3815 l'

151 3852 347 3904 conturbatum
374 3870 404 3903 eu
430 3853 566 3905 conturbo
589 3853 613 3903 V
664 3854 695 3906 17
722 3852 820 3906 mortis
847 3870 896 3905 om.
929 3853 953 3903 V
975 3854 1022 3904 sed
1046 3851 1081 3920 cf.
1106 3869 1133 3919 p.
1164 3850 1227 3915 151,
1257 3851 1290 3907 16

153 3940 298 3992 18tremor
308 3938 385 3991 uenit
394 3955 477 4007 super
486 3955 530 3991 me
540 3939 618 3991 RPE
671 3942 702 3993 19
714 3939 879 3993 tenebraeR
932 3933 1138 4007 pennasPR⁸E
1187 3939 1295 3995 20rrnte

152 4040 216 4078 ecce
231 4026 277 4077 litt.
293 4025 321 4077 in
334 4027 383 4079 del.
393 4024 494 4079 m.2V
543 4028 577 4078 22
596 4043 663 4079 uoce
676 4045 704 4079 er
717 4031 798 4079 uocet
810 4025 916 4079 mar
978 4027 1013 4079 23
1031 4023 1296 4082 conscientieRPE

152 4114 186 4165 24
209 4109 325 4165 fiduciae
351 4113 399 4164 Vs
400 4113 428 4164 E
478 4117 520 4166 est
546 4116 605 4165 odd.
630 4132 663 4166 m.
690 4118 710 4165 2
735 4113 757 4166 V
806 4115 841 4168 25
858 4113 982 4167 oratione
1002 4129 1052 4166 sua
1070 4113 1096 4166 R
1149 4114 1184 4167 26
1203 4113 1297 4183 nique

150 4216 222 4267 supr.
235 4217 326 4251 aanor.
343 4199 395 4251 ΖΗ
446 4199 614 4266 praedationi
640 4200 686 4253 VR
739 4205 851 4253 suntor
869 4189 925 4254 sint
943 4219 975 4253 m.
994 4199 1014 4251 3
1033 4201 1064 4253 R.
