2790 4844
120 266 122 271 ’
155 256 218 322 808
503 256 620 310 sancti
639 255 774 308 Hilarii
792 254 955 323 episcopi

156 447 411 529 promissionibus
442 445 493 511 dei
516 459 547 510 θῖ
569 447 608 511 ab
631 444 765 510 incolatu
799 444 933 525 paradisi
968 445 1136 522 excidisse,
1173 453 1204 510 et
1235 447 1291 510 ideo

47 631 55 646 ι
157 572 276 617 memor
299 559 346 615 θεῖ
368 569 496 630 operum
520 550 578 614 dei.
624 550 682 614 scit
711 569 771 613 non
802 547 944 614 sufficere
968 569 1005 613 ex
1028 551 1191 630 praeterito
1218 551 1290 614 inno

155 655 300 729 centiam,
334 655 389 719 sed
424 655 549 719 beatum
573 673 648 731 esse,
680 653 731 736 qui
761 672 860 735 usqne
883 653 914 716 in
937 650 1035 717 linem
1059 653 1212 719 innocens
1233 673 1289 718 esse

155 759 370 838 permanserit,
394 766 425 823 et
446 758 517 823 ideo
539 757 572 821 in
605 757 695 822 factis
730 776 877 821 manuum
911 757 961 822 dei
997 758 1178 822 meditatur.
1222 757 1289 822 lacu

74 909 78 916 -
115 892 128 928 s
155 882 304 927 manuum
328 862 378 927 dei
403 862 495 926 homo
526 862 593 942 ipse
617 867 679 939 est;
716 860 777 944 qui,
800 869 964 943 postquam
998 863 1153 941 peccauit,
1184 863 1287 942 peccati

154 979 262 1032 seruus
286 963 414 1031 effectus
438 970 493 1030 θεῖ.
539 964 608 1029 talis
631 965 726 1047 igitur
749 984 817 1029 esse
841 964 1017 1041 meditatur,
1041 964 1147 1048 qualis
1164 965 1224 1042 ills,
1245 966 1285 1048 qui

155 1073 254 1137 adeo
285 1069 385 1134 iaetus
419 1075 474 1147 eat,
508 1068 567 1134 suit
600 1075 670 1133 aute
704 1074 874 1148 peecatum.
919 1089 975 1148 per
1009 1071 1096 1151 quod
1131 1070 1205 1153 quia
1236 1089 1285 1134 uon

155 1181 292 1239 mortuus
315 1173 428 1250 saeculi,
458 1175 514 1238 sed
544 1182 704 1256 tamqnam
735 1179 873 1238 mortuus
903 1172 1009 1237 saeculi
1030 1172 1064 1236 in
1088 1174 1228 1239 obscuris
1248 1185 1284 1238 θεῖ

154 1277 325 1356 collocatus,
361 1277 563 1342 meditabitur
595 1297 735 1357 semper;
770 1284 801 1341 et
833 1276 1034 1342 meditabitur
1058 1296 1192 1357 semper,
1225 1278 1284 1361 quia

101 1409 126 1445 ιο
154 1383 351 1466 antiquorum
364 1381 485 1447 dierum
497 1401 619 1446 memor
629 1381 688 1446 scit
701 1401 756 1464 per
771 1380 1052 1464 transgressionem
1069 1380 1151 1465 legis
1167 1389 1282 1447 mortem

152 1486 295 1552 introisse
317 1486 446 1567 peccati.

196 1591 225 1655 7.
250 1590 286 1654 ln
310 1611 346 1654 so
369 1598 481 1666 autem,
512 1592 593 1673 quod
618 1596 647 1654 et
677 1610 796 1654 memor
826 1589 946 1655 diarum
982 1590 1182 1673 antiquorum
1212 1598 1239 1654 et
1256 1590 1280 1652 iu

152 1694 295 1775 operibus
329 1694 379 1758 dei
410 1694 576 1758 meditatus
607 1700 654 1758 θεῖ
677 1701 770 1776 atque
793 1692 1001 1770 meditabitur,
1025 1713 1217 1777 quamquam
1237 1713 1281 1773 par

152 1797 245 1864 fidem
269 1817 357 1862 suam
381 1797 516 1877 coeperit,
538 1805 642 1862 tamen
666 1818 726 1861 non
751 1798 907 1879 proprium
931 1817 1022 1862 suum
1046 1818 1127 1872 esse,
1150 1819 1189 1862 ne
1211 1798 1278 1861 iuso

101 1935 126 1970 rs
153 1901 218 1965 lens
242 1900 440 1976 existimetur,
475 1903 531 1965 sed
565 1922 621 1982 per
654 1900 801 1965 auxilium
836 1901 893 1976 dei,
917 1903 957 1965 ad
981 1920 1077 1984 quem
1101 1903 1205 1976 orauit
1232 1900 1278 1964 sibi

152 2002 304 2069 indultum
328 2025 397 2071 esse
427 2007 621 2070 demonstrat
651 2005 773 2071 dicens:
807 2004 983 2084 expandi
1018 2025 1158 2070 manus
1188 2023 1278 2069 meas

152 2110 198 2174 ad
222 2114 275 2172 te:
310 2110 442 2173 anima
472 2129 558 2174 maa
587 2109 698 2174 sicut
720 2114 831 2173 terra
853 2109 942 2172 sine
965 2127 1077 2192 aqua.
1124 2117 1205 2173 terra
1225 2109 1279 2172 siue

151 2232 230 2296 aqua
264 2212 351 2277 arida
383 2219 415 2277 et
448 2212 614 2277 infecunda
648 2219 696 2277 est
733 2219 765 2277 et
808 2212 936 2295 iurigari
971 2232 1006 2277 se
1040 2231 1166 2292 semper
1194 2212 1277 2276 imbre

151 2315 261 2397 pluuias
284 2315 417 2382 caelestis
441 2322 597 2397 expectat:
626 2317 669 2381 ita
692 2323 723 2381 et
746 2316 844 2382 sancti
867 2316 971 2381 anima
993 2323 1113 2381 naturas
1137 2336 1198 2381 suae
1219 2334 1276 2380 cou-

98 2451 123 2487 no
150 2421 221 2497 scia,
234 2421 460 2486 immadescere
472 2440 505 2485 se
518 2421 597 2484 dono
611 2421 707 2484 diuini
719 2419 831 2503 eloquii
845 2420 1009 2495 desiderat,
1033 2422 1073 2485 de
1094 2440 1154 2504 qno
1168 2420 1274 2502 Moyses

149 2525 206 2587 ait:
242 2530 485 2605 expectetur
515 2523 784 2604 sieutpluuia
807 2525 960 2589 dictum
990 2544 1128 2603 meum,
1163 2532 1199 2590 et
1226 2524 1273 2586 de

149 2631 350 2694 scendant
373 2629 700 2693 sicutrosuerba
719 2648 811 2705 mea,
834 2636 875 2693 ut
898 2627 1039 2709 pluuia
1062 2649 1183 2709 super
1203 2646 1272 2712 gra·

149 2752 236 2798 men
271 2740 307 2798 et
340 2733 518 2797 utniues
549 2752 671 2812 super
700 2733 871 2797 laeuum.
916 2752 1007 2797 arens
1032 2753 1108 2817 ergo
1131 2741 1161 2797 et
1182 2731 1270 2797 sitiam

149 2837 253 2900 anima
275 2836 326 2901 tali
351 2835 538 2916 propheticae
557 2837 706 2901 doctrina
730 2837 830 2901 imbre
846 2836 1049 2917 perfunditur,
1072 2845 1107 2902 ut
1126 2841 1269 2902 mortuaet

96 2970 121 3007 aa
148 2941 250 3006 ieiuna
283 2941 425 3005 ariditate
459 2947 576 3005 naturae
610 2941 641 3004 in
676 2942 787 3006 uberes
821 2940 937 3005 fructus
975 2948 1198 3022 praceptorum
1229 2934 1266 3002 dei

148 3045 322 3127 cognitione
345 3045 521 3109 reuireseat.

191 3149 219 3212 8.
243 3149 312 3213 Iam
333 3149 364 3212 in
389 3147 446 3225 bis,
477 3168 546 3231 quar
570 3154 720 3221 secuntur,
744 3147 887 3212 humana
921 3147 993 3213 fidei
1029 3156 1061 3212 et
1094 3143 1264 3214 conscientia

147 3252 299 3318 confessio
322 3261 377 3330 est,
401 3273 457 3333 per
472 3251 636 3333 diapsalmi
652 3252 904 3317 intercessionem
920 3252 1103 3335 inpatientia
1118 3243 1262 3333 prophetici

147 3357 291 3422 desiderii
331 3362 511 3422 monstrata.
547 3355 772 3421 *uelociter
809 3356 955 3421 exandi
1001 3376 1074 3431 me,
1120 3355 1259 3422 domina

189 3551 221 3602 21
243 3550 321 3602 Dent.
340 3549 453 3615 XXXII,
471 3551 495 3602 2.

191 3723 258 3775 lab
278 3740 324 3775 ons.
340 3742 361 3792 p
414 3723 543 3791 paradysi
557 3723 583 3775 R
634 3725 800 3775 4manuum
819 3721 913 3775 deiRe
931 3720 976 3774 dei
996 3723 1177 3793 manuumpl
1220 3725 1259 3767 1¹¹t

146 3807 251 3861 ditatur
279 3809 305 3861 R
331 3809 512 3863 meditabitur
526 3810 577 3880 pE
627 3808 727 3877 'lquia
754 3825 809 3860 non
837 3812 962 3861 mortuns
990 3809 1101 3862 saeculo
1129 3810 1153 3862 R
1200 3793 1259 3856 8⁸⁰d

147 3902 287 3961 tamquam
305 3901 431 3949 mortuus
450 3895 553 3949 saeculi
580 3914 663 3964 om.p
719 3897 752 3948 12
770 3911 876 3947 memor
893 3892 953 3960 (om.
973 3896 1012 3957 et)
1033 3896 1059 3948 R
1111 3896 1259 3974 antiquorum¹

145 3979 253 4032 dierum
270 3982 319 4050 pE
370 3986 404 4036 18
422 3982 539 4051 inrigari
557 3998 586 4035 se
604 3998 713 4049 semper
732 3982 758 4034 R
775 3981 888 4049 irrigari
912 3997 971 4035 aeae
995 3998 1108 4050 semper
1122 3983 1157 4053 pb
1173 3978 1260 4042 inxit*rl

145 4082 254 4133 semper
281 4086 294 4120 e
360 4072 392 4121 19
411 4068 535 4122 consciae
563 4068 589 4120 R
652 4071 683 4122 21
705 4072 846 4136 spectetur
870 4085 889 4136 p
950 4069 985 4120 22
1004 4074 1035 4121 ut
1062 4068 1159 4137 pluuia
1182 4083 1209 4119 ea
1228 4055 1261 4112 tul

145 4151 276 4219 pluuiali
327 4156 363 4207 24
381 4154 521 4208 imbraeR
573 4156 607 4207 25
626 4153 797 4222 ίθίυῃΞθρ
849 4156 883 4207 m
901 4138 1262 4224 saunaurapssquunturl

143 4241 179 4293 28
198 4239 344 4306 diapsalmi
362 4242 406 4311 Rp
424 4240 615 4309 diapsalmatis
634 4241 845 4311 (diapsalmiatis
864 4241 893 4302 al
912 4259 926 4295 e
943 4241 1115 4310 diapsalmae
1133 4244 1155 4296 b.
