2790 4844
405 287 587 338 tractatus
606 285 640 336 in
658 283 829 352 psalmum
849 284 943 337 CXIX.
1184 283 1247 350 559

102 495 210 540 amare
233 475 385 539 inimicos
432 480 463 538 ct
486 473 642 554 apostolus
666 480 787 539 monet:
818 473 852 539 si
882 473 1084 554 possibile
1115 480 1176 538 est
1210 475 1247 539 in

102 579 228 653 uobis,
260 598 345 643 cum
376 577 562 642 omnibus
598 577 830 642 hominibus
865 597 1004 658 pacem
1039 576 1247 643 habentes.

102 694 133 748 et
156 683 299 748 dominus
323 680 404 746 hanc
428 681 522 747 ueluti
546 693 760 761 praceptorum
791 702 945 746 summam
976 683 1152 766 consignat:
1188 704 1248 762 pa·

102 806 186 853 cem
210 806 335 852 meam
359 787 405 850 do
430 785 553 862 nobis,
577 804 712 865 pacem
749 806 871 851 meam
901 785 1090 870 relinquo
1122 787 1246 852 uobis.

103 891 172 957 baec
210 892 305 974 igitur
342 890 538 955 conseruabit
575 891 667 955 corda
704 897 809 954 nostra
846 892 877 954 in
916 889 1049 967 Christo,
1087 889 1154 955 baec
1192 910 1248 955 nos
1289 939 1290 947 κ

104 994 289 1075 patriarchis
312 995 497 1077 adaquabit,
521 993 589 1059 bac
612 994 707 1059 etiam
731 1014 793 1070 eos,
817 995 870 1077 qui
893 1014 1000 1074 pacem
1031 997 1171 1073 oderunt,
1195 1015 1250 1075 per

103 1120 213 1180 pacem
237 1100 444 1182 obsequentes
467 1100 499 1163 in
522 1119 599 1179 pace
622 1099 778 1164 retinebit.

147 1205 199 1268 24.
225 1204 286 1268 Sed
310 1203 467 1284 prophetae
491 1210 588 1268 restat
611 1213 641 1267 et
664 1203 745 1268 aliud
769 1203 914 1268 officium.
939 1203 1110 1268 doctrinam
1132 1202 1250 1268 scilicet

102 1308 153 1372 dei
176 1307 331 1371 uniuersis
355 1312 533 1371 constanter
555 1307 700 1389 ingerere
717 1314 747 1371 et
762 1307 893 1371 uerbum
910 1307 981 1370 uita
996 1312 1121 1371 aeternae
1137 1307 1250 1391 iugiter·

103 1411 284 1492 praedicare.
328 1431 390 1474 non
424 1411 574 1475 inmemor
607 1430 730 1494 quoque
766 1409 855 1475 buius
879 1410 936 1474 luit
967 1410 1144 1483 ministerii;
1175 1431 1247 1475 nam
1277 1435 1287 1471 1

100 1517 160 1580 ait:
197 1534 282 1580 cum
315 1514 515 1598 loquebar
549 1512 657 1591 illis,
691 1515 976 1598 inpugnabant
1012 1534 1069 1578 me
1106 1515 1248 1598 gratis.

101 1626 172 1685 erat
194 1619 322 1702 quidem
345 1616 492 1699 pacificus
516 1637 587 1683 cum
621 1620 706 1698 pacis
741 1619 883 1695 inimicis,
913 1618 968 1684 sod
997 1619 1248 1699 pradicationem

102 1723 190 1803 pacis
214 1723 310 1803 ipsius
333 1724 462 1789 oderant
484 1723 568 1803 pacis
591 1723 708 1788 inimici
731 1731 762 1788 et
785 1724 824 1788 ad
848 1724 1020 1789 doctrinam
1040 1722 1090 1788 dei
1113 1742 1249 1788 commo·

101 1828 265 1900 uebantm,
289 1847 367 1910 quos
390 1847 446 1907 per
470 1827 654 1892 modestiam
678 1826 834 1907 prophetae
851 1825 1007 1892 silentium
1030 1828 1095 1892 eius
1118 1829 1150 1893 in
1174 1847 1248 1908 pace

100 1930 288 2008 cohibebam
310 1938 404 2014 atque
427 1931 470 1995 ita
492 1950 562 1996 cum
586 1931 720 1995 inimicis
744 1930 830 2011 pacis
852 1929 1004 2012 propheta
1031 1930 1177 2011 pacificus
1200 1942 1248 1997 est
1276 1954 1290 1988 ι,

101 2042 133 2100 et
149 2036 322 2114 praedicare
338 2055 448 2116 pacem
463 2035 616 2116 propbeta
632 2055 692 2098 non
709 2035 831 2111 desinit,
848 2037 904 2100 sed
917 2035 1001 2116 pacis
1014 2036 1246 2116 praedicatorem

101 2139 218 2204 inimici
242 2140 326 2219 pacis
349 2139 531 2223 inpugnant.

525 2291 710 2374 l'SdlllllS
738 2291 827 2373 Cli.

457 2431 669 2498 Canticum
694 2434 898 2516 graduum.

147 2554 300 2618 Leuaui
323 2551 461 2618 oculos
485 2554 647 2618 meosin
665 2561 829 2631 montes,
854 2555 954 2618 unde
979 2557 1118 2620 ueniet
1141 2555 1245 2619 auxi·
1274 2575 1290 2612 a

99 2657 201 2722 lium
224 2655 322 2721 mihi
347 2664 378 2722 et
400 2656 527 2740 reliqua.

148 2780 176 2842 1,
201 2776 379 2843 Secundum
413 2776 496 2843 bunc
519 2778 676 2858 psalmum
699 2780 851 2844 canticum
877 2780 1028 2863 graduum
1053 2779 1146 2863 aliqui
1168 2780 1248 2845 rese·

99 2883 236 2947 rendum
262 2902 333 2946 esse
355 2884 394 2947 ad
415 2902 577 2962 personam
595 2883 711 2947 domini
727 2889 758 2947 et
773 2882 936 2948 saluatoris
953 2885 1048 2948 nostri
1072 2884 1248 2948 existimant

98 2995 243 3067 aptantes
267 2986 400 3050 maxime
424 2987 452 3051 ei
476 2986 593 3050 dictum
616 2986 691 3051 hoc:
727 3006 796 3069 por
830 2988 934 3051 diem
970 2988 1029 3052 sol
1060 3008 1137 3052 non
1160 2997 1248 3053 uret

147 3164 160 3213 1
181 3160 259 3214 nom.
279 3160 341 3227 xri,
362 3162 401 3214 re.
439 3160 532 3236 arou:
551 3160 622 3227 mr,
641 3163 682 3214 ar.

147 3319 255 3370 lancea
282 3321 310 3369 et
338 3316 479 3383 apostolus
501 3323 592 3370 -est
620 3317 649 3369 in
676 3317 763 3384 uobis,
792 3334 857 3387 quoe
883 3327 969 3372 alnae
996 3320 1021 3371 ia
1042 3319 1103 3384 RE,
1131 3336 1179 3372 om.
1198 3319 1250 3371 PT

97 3407 201 3458 ticum
228 3401 387 3456 hominibus
414 3418 510 3471 pacem
537 3401 670 3457 habentes
688 3405 714 3456 R
732 3405 767 3473 cf.
792 3406 912 3459 Saboticr
929 3405 983 3463 ΙΙΙ,
1002 3404 1061 3458 642
1080 3404 1165 3476 (prob.
1184 3422 1248 3459 cum

98 3490 232 3545 omnibns
259 3489 418 3543 hominibus
445 3506 541 3557 pacem
567 3489 711 3550 habentes)
739 3508 802 3543 cum
829 3492 956 3546 omnibus
975 3492 1132 3546 hominibus
1151 3507 1247 3560 pacem

98 3629 253 3683 babeatise
272 3645 335 3682 cum
354 3629 481 3682 omuibus
500 3645 597 3697 pacem
610 3629 734 3683 habeatis
748 3631 762 3682 b
775 3647 838 3683 oum
856 3631 932 3684 omui
951 3631 1061 3685 homine
1081 3631 1191 3717 (homin.
1209 3632 1246 3698 P)

100 3750 198 3802 prwem
222 3732 325 3786 habere
344 3732 395 3785 PT
447 3735 479 3786 12
497 3732 628 3801 pacificus
648 3734 753 3786 RPTE
768 3734 875 3802 profeta
899 3735 1030 3803 pracificus
1055 3737 1078 3787 l'
1128 3736 1247 3790 inimicis

105 3817 263 3873 V‘RP’TE
279 3819 408 3873 inimicus
428 3819 460 3872 V¹
479 3820 586 3873 inimici
607 3820 641 3872 Ι)ι
696 3822 728 3874 15
747 3821 891 3875 cohibebat
908 3819 1020 3875 Va1²¹T
1036 3823 1201 3877 corrbibebat
1211 3822 1246 3875 1²¹

97 3905 226 3975 Explicit
254 3907 376 3974 psalmus
404 3904 532 3960 cxvuss
559 3907 659 3976 incipit
685 3908 806 3975 psalmus
835 3909 908 3962 GH
931 3909 954 3960 l'
974 3909 1098 3977 Explicit
1125 3910 1246 3977 psalmus

97 3992 229 4048 cxvnn
258 3992 357 4061 incipit
382 3993 432 4046 XX
461 3993 522 4057 (sic)
550 3995 575 4046 R
592 3994 670 4047 Finit
696 3995 817 4062 psalmus
846 3995 972 4049 CXVIIII
999 3996 1098 4065 incipit
1125 3997 1246 4064 psalmus

96 4080 175 4135 CXX
201 4079 227 4132 P
250 4078 332 4147 Expl.
360 4079 486 4133 CXVIIIl
513 4079 596 4148 incip.
625 4080 697 4134 CXX
717 4081 741 4132 T
792 4085 828 4136 20
850 4082 878 4134 in
906 4088 1013 4136 montes
1041 4102 1071 4136 aa
1097 4083 1126 4136 in
1153 4088 1246 4136 monte

96 4186 132 4220 ar.
154 4164 217 4219 211
266 4165 401 4220 auxilium
426 4167 450 4220 V
473 4168 508 4236 cf.
535 4169 598 4236 infr.
624 4167 914 4222 adiuturumque
966 4171 1001 4222 22
1018 4169 1158 4224 canticum
1177 4171 1246 4223 lll’cr

94 4255 150 4324 (cs.
168 4254 242 4305 ‚S'tud
261 4251 335 4306 1886
350 4272 379 4323 p.
396 4250 465 4318 341)
486 4254 657 4308 canticorum
677 4255 716 4307 Tb
769 4257 804 4309 24
823 4255 848 4308 ei
867 4257 893 4308 in
911 4272 963 4310 rae.
983 4256 1041 4310 ΕΡ.
