2790 4844
152 248 215 312 8‘26
495 248 609 301 suncti
629 247 761 300 Hilarii
781 247 943 316 episcopi

153 459 261 503 mous
285 457 324 503 es
348 446 394 514 tu,
419 438 517 502 deus
541 456 657 511 meus,
681 446 899 515 susceptor
928 435 1084 501 solutis
1120 457 1221 502 orere.
1262 454 1291 499 si

152 564 223 626 ego
262 543 576 625 primogenitum
616 560 755 621 ponum
795 560 889 615 eum,
927 540 1143 606 excelsum
1181 561 1291 621 super

152 667 273 732 reges
298 654 425 710 terrae.
472 653 509 710 et
532 646 651 710 sodes
674 647 759 709 eius
794 646 901 709 sicut
923 644 982 709 soi
1007 645 1047 707 in
1072 653 1288 728 conspectu

152 773 234 815 meo
259 760 296 815 et
319 750 424 814 sicut
447 749 538 813 luna
563 750 748 829 perfectu
771 749 807 812 iu
832 756 1027 814 aeternum
1052 763 1091 814 et
1117 749 1287 814 testisin

113 882 125 917 s
152 855 247 920 ciclo
272 854 423 918 fidelis.
469 863 500 918 et
522 874 644 918 rursum
667 854 697 916 iu
722 854 841 936 pseimo
864 854 975 918 eodem
1006 874 1044 919 en
1075 873 1211 934 persone
1231 852 1287 917 eius

153 962 339 1039 adputrcru:
364 959 469 1023 sicut
492 953 1034 1022 iurastiDuuidinu'eritets
1058 965 1136 1029 tua,
1153 977 1287 1022 memor

152 1072 248 1142 esto,
266 1063 432 1143 domine,
456 1061 666 1141 obprobrii
690 1061 799 1125 serui
823 1061 888 1138 tui,
912 1062 1017 1144 quod
1042 1061 1233 1126 continui
1253 1061 1285 1122 iu

153 1169 240 1232 sinu
266 1188 347 1232 meo
373 1165 1284 1249 multa-rumgentium:quodexprobreucrunr

152 1272 310 1336 inimici
337 1271 402 1345 tui,
426 1271 595 1339 domiue,
619 1272 721 1353 quod
745 1271 1106 1351 exprobrauerunt
1130 1290 1283 1335 eommu-

102 1376 345 1445 rotationem
384 1373 538 1439 Christi
577 1375 641 1438 tui.
686 1373 850 1455 obprobrio
883 1373 1049 1438 multarum
1088 1375 1228 1458 gentium
1257 1374 1281 1435 iu

152 1482 251 1545 sinum
277 1500 365 1545 suum
392 1479 492 1543 Duuid
518 1479 567 1542 iric
590 1499 669 1542 uuus
692 1479 818 1559 excepit.
864 1478 953 1559 ipse
984 1477 1090 1542 enim
1127 1488 1282 1559 porceto

152 1595 293 1649 nostru
316 1584 501 1663 suscepit
523 1591 560 1647 et
591 1583 863 1648 infirmitates
894 1590 1060 1647 nostras
1095 1582 1281 1662 portauit:

152 1690 281 1753 liuore
311 1688 397 1751 eius
432 1708 501 1751 nos
532 1689 667 1750 suncti
698 1706 842 1752 sumus.
889 1688 993 1769 itaque
1016 1687 1092 1751 dum
1117 1685 1169 1750 hic
1195 1684 1280 1749 Dauid

152 1792 298 1856 liberetur
321 1797 351 1856 et
374 1791 434 1874 legi
459 1792 567 1855 mortis
591 1791 741 1867 eximitur,
775 1789 858 1855 salus
888 1811 1011 1874 quoque
1043 1790 1173 1873 regibus
1195 1791 1280 1853 dutus.

101 1927 124 1963 rs
151 1897 217 1976 ipse
252 1907 298 1960 est
332 1896 411 1960 enirn
447 1896 671 1979 primogenitus
706 1917 742 1960 er
775 1895 913 1961 mortuis.
959 1902 998 1959 et
1031 1906 1074 1959 ut
1103 1896 1141 1959 in
1167 1896 1277 1958 Adam

151 2021 285 2065 omnes
319 2001 517 2074 morimur,
552 2000 609 2064 its
642 2009 679 2065 et
712 2001 749 2064 in
785 1998 950 2065 Christo
988 2019 1127 2064 omnes
1161 2018 1278 2063 resur·

151 2125 297 2188 gemus.
351 2104 490 2169 liberatio
524 2125 598 2188 crgo
633 2105 698 2168 eius
736 2103 821 2169 salus
858 2124 969 2188 regum
1007 2110 1064 2168 est.
1117 2103 1277 2188 regnabunt

150 2209 232 2274 euim
267 2208 438 2273 conformes
472 2208 578 2292 gloriae
612 2228 684 2284 suae,
717 2229 773 2289 per
805 2209 1000 2291 adsumptum
1035 2209 1075 2272 ab
1107 2228 1144 2273 eo
1173 2216 1275 2271 usurus

150 2320 260 2377 nostrin
284 2313 530 2378 coniunctionem
547 2332 670 2377 rursum
687 2333 794 2376 omnes
812 2313 841 2376 iu
858 2319 976 2377 naturae
992 2312 1058 2377 eius
1074 2311 1274 2376 commuuione

99 2445 123 2479 uo
151 2417 296 2481 ruunsuri.

194 2521 243 2586 22.
269 2521 404 2600 Eripitur
427 2540 501 2603 ergo
526 2519 576 2585 hic
594 2520 693 2584 Dauid
711 2523 749 2585 de
765 2519 869 2604 gladio
892 2519 1110 2603 malignorum.
1148 2518 1271 2599 spiritum

150 2626 231 2689 enim
266 2625 353 2689 Iesus
388 2624 495 2704 posuit,
533 2644 603 2689 curn
641 2624 752 2702 uoluit;
783 2644 840 2689 nec
874 2624 1055 2704 expectauit,
1089 2628 1124 2689 ut
1154 2623 1268 2687 nnimsru

149 2730 324 2812 inpressum
348 2728 459 2793 uulnus
483 2729 645 2793 emitteret.
691 2730 738 2793 ius
761 2729 872 2793 animae
895 2729 962 2794 eius
984 2748 1097 2794 manus
1113 2726 1269 2810 inreligiose

149 2854 210 2897 non
247 2833 362 2897 habuit.
408 2833 450 2896 ait
483 2834 582 2896 cuim:
621 2832 666 2896 de
703 2832 842 2916 gladio
881 2832 1062 2915 maligno
1096 2852 1189 2897 eruc
1218 2847 1267 2892 mc.

98 2961 122 2998 ss
150 2957 339 3020 quamquam
365 2936 448 3001 enirn
471 2937 623 3001 exanimis
644 2937 706 3000 iam
726 2937 863 3018 corporis
880 2938 958 3002 lctus
975 2936 1065 3002 miles
1082 2930 1267 3001 transfoderit

149 3062 221 3106 usus
245 3050 292 3107 est
314 3041 484 3105 ministerio
507 3041 648 3106 saeuitiae:
672 3048 806 3106 ceterum
832 3048 966 3122 potestas
990 3041 1115 3121 spiritus
1131 3032 1265 3106 emittendi

148 3166 275 3210 causam
298 3145 450 3209 uiolondae
474 3145 504 3208 in
528 3164 561 3209 se
584 3145 696 3208 cnimae
719 3165 779 3209 non
802 3145 931 3228 reliquit.

192 3250 242 3314 23.
267 3249 470 3315 Consummat
493 3249 605 3312 deiude
628 3249 799 3314 contionem
825 3269 935 3314 uouern
969 3269 1057 3315 nouae
1087 3241 1263 3315 consessionis

148 3354 274 3437 hymno,
308 3360 431 3417 terreno
464 3352 576 3416 iudicia
599 3359 629 3418 et
651 3353 843 3418 secularium
879 3353 1031 3418 bonorum
1066 3355 1176 3437 gaudia
1203 3347 1261 3414 suisa

191 3528 269 3581 sps.
288 3526 462 3594 nxxxvur,
480 3530 522 3594 50,
541 3545 581 3595 sq.
619 3530 648 3581 11
669 3528 741 3580 mai.
761 3527 832 3594 nnr,
850 3530 868 3581 4
886 3546 925 3595 sq.
963 3530 996 3582 rs
1016 3530 1028 3582 1
1048 3528 1109 3582 eor.
1130 3530 1168 3595 rs,
1185 3529 1218 3579 ss.

191 3686 207 3735 2
226 3701 308 3752 super
327 3702 406 3753 reges
426 3686 450 3737 R
467 3684 500 3748 qs.
521 3704 550 3755 p.
568 3683 635 3750 342,
655 3684 675 3737 2
693 3696 715 3737 et
734 3686 854 3738 Scbctier
872 3686 889 3736 1.
907 3704 928 3738 c.
949 3701 1032 3754 super
1050 3702 1146 3739 omnes
1163 3697 1227 3751 reges
1243 3674 1261 3725 E

146 3774 228 3823 6tun
247 3788 295 3823 om.
316 3771 341 3822 R
395 3773 424 3824 11
446 3771 607 3839 excaepitIt
643 3775 675 3825 13
693 3770 1097 3842 itnqlifflcodpffffitffl
1149 3774 1177 3825 16
1193 3779 1259 3823 resur

458 3855 476 3896 i

145 3908 237 3975 gimus
256 3909 281 3960 R
333 3912 365 3963 17
384 3909 456 3962 salus
469 3869 571 3979 vregrum
590 3917 631 3964 est
650 3910 685 3967 (in
703 3930 722 3964 s.
741 3929 761 3964 s.
780 3930 813 3965 m.
831 3909 861 3978 3)
875 3913 901 3964 R
953 3914 987 3965 22
1007 3912 1080 3967 iesus
1091 3913 1144 3966 RE
1158 3907 1258 3964 dominus

146 4050 240 4098 noster
257 4046 329 4100 iesus
348 4067 363 4099 r
415 4051 449 4102 23
467 4048 637 4116 inpresssum
658 4051 683 4103 R
735 4052 769 4105 ‘25
787 4051 842 4104 ium
867 4070 948 4105 om.r
1000 4055 1035 4106 st
1054 4000 1145 4121 reliq¹d
1169 4054 1192 4103 o·
1211 4040 1258 4098 reli·

147 4131 212 4198 quid
232 4132 257 4183 R
310 4135 343 4186 ‘28
361 4134 433 4188 noui
451 4133 524 4197 (cote
534 4138 578 4189 lio.
594 4156 626 4189 m.
641 4136 667 4202 1)
687 4154 775 4191 noune
792 4140 817 4190 n
829 4155 917 4192 noune
929 4155 1017 4194 noune
1036 4143 1061 4190 G
1114 4143 1148 4194 29
1164 4124 1258 4206 ym¹1⁰G

146 4218 247 4284 gaudia
268 4219 322 4270 Gn*
338 4239 368 4273 ex
386 4220 491 4275 miudin
508 4242 574 4278 corr.
593 4243 626 4276 m.
648 4225 662 4277 l
681 4227 713 4278 R.
