2790 4844
147 265 211 330 874
622 263 819 332 Appendix.

147 457 173 522 si
198 455 362 521 haereticus
396 461 574 535 peruertere
605 439 700 518 fidem
731 459 871 534 temptet,
892 451 1079 519 incredibile
1103 463 1153 521 est
1177 458 1289 539 quantis

148 581 219 625 eam
241 559 376 644 ingeniis
399 560 579 624 subuertere
602 559 785 635 contendat;
815 558 840 622 si
864 578 953 638 spem
976 559 1165 624 aeternitatis
1189 567 1289 624 nostra

147 664 343 746 philosophia
365 664 524 746 inpugnat,
548 663 663 726 mirum
685 663 717 726 in
741 662 865 726 modum
886 661 1114 727 omnebonum
1137 665 1288 744 prasentia

147 769 218 833 uitae
242 768 329 849 pouit
351 769 382 831 in
406 787 541 847 corpore,
571 767 613 830 ita
643 772 675 831 ut
708 765 826 850 ingenii
849 766 896 831 aui
919 766 1032 832 uirtute
1056 767 1191 833 calestia
1213 768 1287 831 insti·

108 898 120 935 a
149 873 222 937 tutio
245 872 351 937 subrui
375 872 481 952 possit.
526 876 656 954 uterque
672 891 746 954 ergo
762 877 935 935 scrutantes
951 870 1102 936 deficiunt
1118 892 1174 952 pro
1190 873 1285 936 eodem

149 975 315 1058 propheta:
350 976 596 1040 defecerunt
619 972 859 1041 scrutantes
882 976 1097 1041 scrutinio.
1143 977 1199 1042 aed
1221 977 1284 1060 quid

148 1082 187 1145 ad
211 1082 303 1146 deum
327 1080 466 1144 bumana
501 1081 711 1162 peruersitas?
756 1079 831 1163 qnid
854 1081 1002 1145 aduersus
1026 1081 1174 1161 opificem
1196 1082 1283 1161 operia

148 1182 335 1267 ingenium?
381 1183 453 1248 licet
476 1183 618 1248 omnibus
641 1185 835 1267 argumentis
851 1186 892 1249 ad
908 1184 1111 1250 euertendam
1135 1187 1280 1250 ueritatem

149 1289 307 1372 ingenium
343 1308 434 1352 suum
469 1289 618 1364 ostendat,
653 1287 777 1353 deficiet
810 1297 914 1352 tomen
949 1290 1100 1354 aduersus
1134 1290 1281 1354 ueritatem

98 1417 122 1453 to
149 1392 283 1456 adsertio
307 1391 465 1468 falsitatis;
489 1398 581 1474 atque
598 1392 668 1458 ideo
689 1393 903 1475 subsequitur:
928 1394 1181 1473 perscrutati
1204 1401 1280 1458 suut

149 1497 408 1580 iniquitates
443 1496 686 1561 defecerunt
720 1501 956 1561 scrutantes
987 1497 1199 1562 scrutinio,
1240 1517 1278 1561 er·

150 1601 273 1684 quirent
297 1600 367 1665 licet
389 1601 493 1664 omnio
517 1600 703 1665 naturalium
726 1620 889 1665 causarum
908 1608 1035 1675 secreta,
1059 1602 1091 1664 iu
1107 1602 1174 1681 ipsa
1189 1607 1276 1665 tamen

149 1705 250 1785 operis
284 1705 330 1768 sui
366 1705 534 1769 intentione
573 1704 719 1770 deficiunt
757 1704 905 1770 doctrinis
939 1704 1130 1785 spiritalibus
1163 1705 1275 1769 refutati.

150 1810 201 1892 qui
237 1809 321 1872 enirn
354 1810 410 1872 sub
447 1810 539 1872 tantis
573 1809 677 1873 omnio
707 1810 827 1885 docent,
861 1809 986 1873 audient
1009 1811 1138 1874 anobis
1171 1816 1274 1873 aterna

99 1935 123 1970 1⁶
148 1913 271 1978 uirtutis
295 1913 396 1977 deum.
442 1913 503 1976 iam
528 1915 554 1976 si
578 1913 673 1978 fidem
697 1912 861 1977 hareticus
892 1913 1053 1978 destruere
1084 1921 1216 1993 temptet
1236 1911 1273 1975 dei

149 2017 247 2081 lilium
278 2036 401 2097 semper
433 2017 528 2081 luisse
563 2022 738 2100 cognoscet,
773 2015 855 2080 nullo
879 2037 898 2081 a
922 2024 1008 2096 putre
1032 2016 1191 2082 interuallo
1211 2025 1272 2079 tenr-

151 2122 233 2201 poris
268 2126 459 2201 separatum
494 2129 659 2204 cognoscet
693 2123 794 2201 ipsum
829 2141 898 2186 esse
920 2122 1078 2196 uirtutem,
1113 2121 1271 2202 sapientiam

151 2225 208 2297 dei,
233 2224 366 2289 hominis
397 2225 605 2302 conditorem;
641 2224 722 2290 bunc
752 2225 853 2305 prima
883 2227 990 2289 mundi
1021 2227 1151 2290 crimina
1179 2224 1270 2288 diluuio

150 2329 292 2406 abluisse,
317 2328 398 2393 hunc
411 2328 540 2412 Moyseo
563 2328 666 2412 legem
691 2329 823 2404 dedisse,
848 2328 931 2393 bunc
954 2330 984 2393 in
1009 2328 1166 2412 prophetis
1188 2329 1268 2395 luisse.

98 2453 123 2490 20
151 2433 232 2497 hunc
256 2454 309 2513 per
331 2433 433 2497 carnis
457 2432 669 2497 infirmitatem
685 2433 787 2498 carnis
803 2432 935 2517 gloriam
951 2453 1126 2498 renouasse.
1149 2432 1268 2497 deficient

150 2538 245 2620 igitur
260 2538 424 2602 aduersum
440 2537 501 2602 ista
516 2544 697 2603 scrutantes.
739 2547 807 2617 post
823 2536 890 2601 hac
906 2537 962 2601 ait:
987 2540 1156 2603 accedat
1178 2537 1266 2599 bomo

150 2649 188 2707 et
211 2661 279 2706 cor
301 2641 433 2718 altum,
465 2648 502 2704 et
533 2641 787 2705 exaltabitur
810 2642 916 2705 deus.
964 2662 1019 2721 per
1041 2643 1181 2706 uirtutem
1204 2638 1263 2703 enin

150 2746 289 2810 doctrina
313 2746 362 2810 dei
387 2745 541 2822 eruditur;
572 2752 604 2809 et
627 2746 675 2810 cui
698 2746 728 2809 in
752 2744 849 2809 altum
880 2765 933 2810 cor
964 2747 1012 2821 sit,
1046 2748 1087 2811 ad
1111 2747 1196 2810 deum
1215 2742 1264 2804 hcc

151 2850 262 2914 diuiuae
286 2850 470 2929 operationis
495 2850 648 2929 praeconia
670 2849 873 2930 proferentur,
896 2851 939 2914 ita
960 2856 995 2914 ut
1018 2869 1123 2914 eorum
1148 2850 1262 2929 ipsomn.

98 2971 122 3006 2⁶
151 2953 202 3037 qui
227 2953 294 3018 lraec
309 2952 443 3031 audiant,
466 2952 660 3018 consessione
677 2952 827 3018 landetur.
874 2951 932 3017 hoc
950 2960 997 3018 est
1012 2974 1103 3037 ergo:
1126 2949 1262 3018 accedat

151 3057 265 3121 bomo
289 3064 327 3122 et
349 3078 417 3122 cor
439 3056 572 3133 altum,
598 3063 636 3121 et
658 3056 912 3122 exaltabitur
935 3058 1040 3122 dens.
1072 3051 1262 3142 cognitaenin

150 3161 352 3227 scrutantium
383 3161 554 3226 desectione
578 3168 609 3226 et
632 3162 798 3226 accedente
823 3161 948 3226 bomine
972 3162 1075 3227 cordis
1098 3161 1150 3225 alti
1171 3152 1261 3240 magni·

150 3266 275 3330 licentia
298 3266 347 3330 dai
370 3265 563 3350 agnoscitur;
587 3285 659 3329 nam
683 3266 752 3349 quis
768 3285 829 3329 non
846 3264 1060 3349 magnificabit
1075 3267 1174 3340 deum,
1194 3274 1261 3346 quen

150 3370 256 3434 mundi
281 3368 373 3434 buius
396 3370 574 3453 cognouerit
597 3367 814 3434 conditorem?
860 3370 929 3452 quis
953 3390 1013 3433 uon
1043 3375 1165 3446 metuet,
1196 3377 1262 3449 quoto

102 3735 103 3739 ,
196 3682 367 3736 lhereticus
421 3682 617 3735 itsnbnertere
645 3701 675 3735 cx
702 3687 825 3735 auertere
852 3700 884 3734 m.
913 3680 933 3733 2
960 3693 1052 3752 posteo
1082 3684 1161 3735 uerbo
1187 3677 1271 3750 repetito

150 3768 232 3823 fidem
250 3773 412 3837 temptet-
424 3769 542 3836 ingeniis
561 3769 724 3823 subuertere
743 3770 791 3821 del.
805 3767 868 3820 aa?
921 3771 937 3822 8
956 3766 1074 3821 filosofia
1127 3773 1144 3824 6
1162 3763 1274 3822 scmtinio

150 3875 180 3908 ea
198 3856 321 3910 scrutino
335 3856 397 3907 aul
450 3855 736 3910 7·hnmanacrchuma
750 3853 812 3908 aa?
865 3856 913 3922 qni
931 3856 1064 3909 aduersus
1119 3855 1277 3925 9ingeniunt

150 3961 229 3997 auum
257 3944 385 3997 ostendat
412 3946 438 3995 in
466 3961 548 4012 irrorp.
576 3944 654 4012 inser.
682 3945 742 3995 odd.
769 3941 840 3994 aa?
895 3945 927 3995 10
945 3943 1036 4010 adque
1092 3946 1126 3996 14
1143 3944 1194 3997 snb
1211 3939 1282 3996 tantis

150 4032 172 4081 d.
191 4031 313 4084 l.=aub
332 4035 389 4084 tam
408 4030 510 4100 uilibns
523 4031 557 4098 cf.
571 4032 683 4100 Georges
697 4031 757 4083 Lex.
771 4030 809 4092 ΙΙ,
823 4026 897 4081 2713
950 4030 985 4084 20
1003 4028 1116 4083 deficiet
1170 4033 1200 4083 21
1221 4046 1284 4083 scru-

149 4151 233 4204 tantis
289 4117 331 4204 a¹r
358 4151 378 4217 (i
402 4155 462 4205 odd.
493 4172 524 4206 m.
551 4153 574 4219 I,
601 4171 617 4203 τ
642 4155 668 4205 in
696 4170 748 4204 rus.
776 4171 807 4204 or.
834 4149 863 4213 2)
935 4153 969 4206 25
987 4152 1105 4205 audiant
1130 4171 1161 4206 ex
1183 4153 1290 4206 audiunt

150 4255 216 4290 corr.
236 4256 268 4290 or.
287 4237 314 4291 9.
