2790 4844
364 112 545 162 trectetus
569 107 604 161 in
628 108 799 177 psalmum
824 108 944 163 CXVIII.
1159 107 1219 173 401

68 299 112 364 de
138 317 204 382 que
224 317 307 364 nuuc
328 299 516 381 deprecetur.
561 299 620 364 ecit
649 299 743 364 etiem
772 317 841 364 esse
875 300 958 364 uiam
987 300 1020 363 in
1050 297 1221 381 prophetis,

66 404 135 468 ecit
157 422 228 468 esse
250 404 335 468 uiem
357 403 389 467 in
419 401 599 487 euangeliis
631 404 689 468 soit
719 421 789 468 esse
819 404 901 468 niem
931 404 964 468 in
994 403 1149 485 apostolis,
1182 404 1221 469 de

68 508 193 591 quibua
215 526 297 588 sepe
320 514 449 573 testetus
472 514 528 572 est.
572 506 637 572 nult
660 526 734 591 ergo
757 526 812 588 per
841 507 944 592 legem
974 509 1033 573 uiae
1055 507 1145 572 huius
1169 528 1220 573 us·

66 630 136 696 que
160 612 385 692 inperfectam
408 610 493 676 iliam
522 612 593 676 uitae
616 613 698 676 niem
720 613 856 676 tendere.
900 610 1005 692 plnres
1035 614 1119 677 enirn
1150 619 1221 677 sunt

65 714 303 792 haereticorum,
326 716 378 799 qui
400 716 484 780 niem
507 714 586 799 legis
604 714 775 796 inprobant,
799 714 902 796 plures
918 716 969 798 qui
985 715 1218 796 prophetarum,
1260 743 1273 780 e

65 819 163 885 muiti
189 820 243 903 qui
265 819 504 905 euangeliorum,
535 819 624 884 multi
654 819 705 902 qui
736 819 952 899 apostolorum.
997 821 1112 885 scimus
1135 823 1219 885 enim

63 924 229 1008 quosdam
261 943 323 988 non
356 923 499 988 omnibus
533 922 583 988 his
617 924 675 988 uiis
709 942 779 989 esse
813 930 982 989 contentos.
1028 925 1084 989 sed
1118 925 1221 991 scribe

63 1029 186 1094 doctus
212 1029 299 1092 nouit
328 1027 432 1093 diuitis
471 1027 704 1107 patrisfamilias
733 1026 873 1108 exemplo
904 1028 950 1092 de
981 1026 1221 1094 thensauris

60 1133 265 1215 proferre
288 1139 431 1197 uetere
454 1138 493 1197 et
514 1151 623 1196 noua.
667 1130 748 1195 hanc
771 1131 865 1216 igitur
886 1130 1137 1197 iustificationum
1159 1133 1219 1198 uim

60 1237 180 1321 Iegem
205 1235 357 1317 propheta
371 1236 536 1301 desiderat.
582 1234 631 1299 lex
654 1235 736 1300 enirn
759 1234 1008 1301 iustificationum
1031 1236 1216 1319 quibusdem
1247 1261 1272 1298 10

56 1341 215 1426 religiosi
226 1341 328 1405 cordis
340 1339 512 1421 disciplinis
523 1340 694 1404 continetur
705 1345 736 1404 et
746 1340 826 1403 Intra
838 1339 916 1405 fines
928 1359 983 1405 nos
995 1340 1219 1406 constitutionis

59 1466 146 1522 suae,
172 1444 286 1529 quibus
301 1464 336 1510 se
350 1456 515 1515 uteremur,
538 1445 659 1524 erteuit,
683 1463 721 1509 ne
737 1445 921 1508 excedentes
937 1464 989 1509 eos
1005 1445 1044 1509 ed
1059 1445 1220 1528 opiniones

59 1550 235 1616 heretice
256 1547 475 1632 intellegentie
497 1567 707 1632 euegmemur.
753 1567 811 1612 uon
835 1547 902 1612 uuit
923 1549 1016 1632 igitur
1038 1548 1077 1613 eb
1098 1568 1136 1614 ee
1151 1548 1220 1633 lege

60 1653 236 1730 excedere,
260 1672 353 1737 quem
376 1652 518 1718 constitui
543 1652 601 1717 sibi
625 1659 699 1716 orat.

118 1828 150 1892 t.
174 1827 239 1893 Sed
259 1828 293 1892 in
315 1846 409 1910 quem
439 1846 565 1892 censam
595 1825 676 1891 hene
697 1825 801 1911 Iegem
824 1832 891 1891 oret
912 1824 1055 1891 institui?
1100 1826 1219 1893 scilicet
1247 1848 1272 1887 u

60 1940 111 1999 ut
132 1932 273 2016 exquirat
294 1951 373 1998 eam.
417 1931 466 1997 lex
488 1937 555 1996 eret
576 1931 827 1996 iustificationum
857 1950 912 2012 per
935 1930 1065 2016 Moysen
1095 1932 1218 2012 scripta,

63 2043 112 2100 et
139 2034 219 2102 hauc
248 2034 401 2116 prophete
434 2035 578 2117 operibus
609 2035 782 2100 exercebat
826 2055 887 2100 non
917 2055 992 2120 ergo
1022 2035 1102 2100 hene
1124 2035 1218 2101 statui

63 2136 141 2203 sibi
161 2146 236 2217 oret,
259 2159 329 2223 quea
351 2140 416 2204 iem
439 2146 552 2205 stetute
576 2146 642 2205 eret
665 2146 695 2205 et
715 2140 754 2204 ab
770 2158 806 2204 eo
822 2139 964 2224 religiose
980 2140 1138 2224 agebatur,
1161 2139 1218 2205 sed

65 2259 159 2315 eam,
181 2264 276 2328 quem
298 2250 386 2325 optat
406 2244 572 2327 inquirere.
617 2244 693 2327 quid
716 2263 791 2328 ergo
813 2251 900 2324 optet
920 2243 1098 2327 inquirere?
1123 2242 1219 2308 finem

64 2341 196 2413 seilicet
216 2348 305 2433 legis.
351 2355 382 2414 et
411 2349 481 2432 quie
511 2349 569 2413 erit
590 2346 661 2413 finis
692 2347 796 2432 Iegis?
839 2347 1011 2429 apostolum
1041 2347 1217 2412 audiemus:
1246 2366 1271 2405 πο

63 2443 178 2517 sinis
214 2453 320 2518 enim
354 2452 461 2537 Iegis
495 2451 690 2518 Christus
728 2459 798 2517 est.
843 2454 898 2518 sed
931 2472 987 2533 per
1019 2451 1078 2516 hes
1111 2449 1219 2516 iustifi-

62 2549 231 2622 cationum
265 2557 343 2636 uies,
376 2557 488 2640 quibus
526 2560 639 2621 statute
671 2554 721 2620 lex
755 2556 857 2633 fuerit,
890 2555 986 2621 finem
1019 2555 1100 2639 legis
1133 2563 1219 2635 optet

62 2660 246 2739 exquirere,
277 2680 377 2744 neque
400 2660 499 2726 solum
522 2662 693 2744 exquirere,
723 2662 778 2727 sed
808 2679 933 2742 semper
963 2661 1132 2743 exquirere.
1177 2659 1220 2723 eit

59 2752 162 2826 essim
195 2766 251 2830 ite:
286 2766 497 2849 exquiram
532 2784 616 2830 aem
650 2785 817 2846 semper.
862 2762 1000 2829 officium
1036 2763 1217 2847 exquirendi

55 2857 134 2920 ¹¹⁰¹]
162 2867 323 2935 suffecerat
344 2888 399 2950 per
422 2868 618 2947 uoluntatem,
640 2870 700 2934 nisi
723 2870 818 2934 etiem
840 2866 999 2933 indefesse
1021 2867 1060 2932 eb
1083 2888 1118 2934 eo
1141 2874 1219 2933 tem·
1246 2884 1271 2922 ae

54 2959 162 3034 905⁸
183 2973 408 3039 continuatione
430 2979 598 3058 gereretur.

108 3165 132 3218 8
154 3178 254 3237 mee.
272 3181 347 3249 xm,
365 3182 407 3236 ee.
442 3183 475 3236 ar
495 3181 573 3236 nom,
591 3182 624 3248 x,
642 3185 667 3234 4.

80 3423 88 3436 ,
111 3355 129 3408 l
154 3371 339 3442 depraecetur
368 3372 395 3426 R
423 3377 569 3442 praecatur
602 3372 627 3425 V
681 3369 869 3440 eperiectem
901 3389 931 3423 ez
959 3370 1061 3424 factem
1091 3388 1124 3423 m.
1149 3368 1169 3422 2
1197 3369 1223 3423 V

51 3432 149 3504 Ἢ
170 3457 303 3514 teneriC
353 3459 544 3514 dhereticord
568 3459 617 3513 VR
677 3459 797 3528 probent
817 3457 886 3528 cpe
935 3457 1072 3510 decimus
1091 3455 1175 3511 etiem
1193 3455 1222 3508 Ε

48 3501 75 3554 ⁸
94 3519 206 3600 diupi,
224 3565 254 3601 a
272 3546 306 3602 de
333 3545 430 3601 diuitis
454 3547 481 3600 R
532 3544 725 3632 patrisfamilig
752 3560 782 3598 se
810 3543 936 3613 exemplo
957 3542 995 3614 Cp
1049 3545 1066 3597 9
1093 3559 1165 3596 noue
1192 3545 1222 3598 et

49 3621 174 3770 Lien
198 3650 221 3705 ν
270 3651 332 3706 nee
350 3651 442 3720 regom
453 3678 488 3688 -
501 3649 698 3706 testificatione
717 3650 745 3701 e
763 3666 845 3717 marp.
864 3649 924 3701 ene.
940 3666 973 3701 m.
987 3647 1003 3699 1
1016 3647 1042 3700 n
1097 3647 1129 3701 ro
1146 3645 1220 3700 eoe-

127 3725 216 3792 dent
241 3735 275 3791 V²
327 3740 358 3792 11
378 3737 443 3792 tinia
468 3735 502 3791 V‘
556 3739 589 3791 12
606 3736 766 3791 excidentes
784 3735 811 3788 R
862 3733 1049 3803 opinionisV
1102 3736 1133 3789 le
1158 3737 1220 3787 eret

47 3792 113 3926 ζ’·
140 3816 172 3875 e
223 3825 258 3880 eo
275 3829 304 3879 o
322 3824 371 3894 qui
391 3823 414 3877 e
462 3825 498 3879 aa
515 3828 595 3893 epea
611 3822 775 3892 perquirere
792 3821 816 3874 u
865 3822 900 3875 aa
917 3820 957 3874 ie
975 3819 1049 3874 enim
1067 3821 1107 3874 ec
1131 3820 1222 3890 popu

117 3905 161 3958 ¹¹t
179 3911 288 3980 quirem
302 3912 325 3966 C
339 3916 369 3965 et
386 3911 530 3981 exquiram
546 3912 596 3981 pE
656 3911 690 3964 25
707 3926 759 3978 per
776 3907 933 3962 uoldtetum
952 3905 985 3962 Iq
1047 3908 1082 3961 26
1096 3908 1148 3978 pE
1159 3916 1220 3978 poet

44 3962 222 4092 {Qumi-
239 4001 317 4052 r'neer.
336 4018 357 4052 e.
374 3996 428 4052 34.-
445 3998 481 4052 ἀι
498 3998 568 4052 mihi
586 3996 760 4051 intellectum
779 4000 807 4048 et
825 3995 971 4048 scrutabor
988 3993 1079 4062 legem
1097 3998 1175 4049 tuem
1192 3997 1221 4046 et

87 4064 195 4138 ‘Quo
213 4100 275 4138 eam
292 4084 322 4137 in
339 4088 400 4139 toto
417 4084 501 4140 corde
519 4100 591 4139 meo.

117 4181 201 4244 xxm.
216 4203 289 4243 nuru.
304 4204 361 4245 rem.
375 4214 426 4254 pm
441 4205 460 4246 1.
1031 4186 1064 4237 26
