2790 4844
367 296 549 344 tractatus
567 292 602 344 in
621 292 792 360 psalmum
811 292 881 345 LIII.
1138 293 1197 358 139

48 479 197 562 loquitur,
220 481 274 564 qui
298 480 382 545 solue
405 481 611 557 sedetorare,
634 482 749 546 ideireo
766 490 910 546 constans
929 482 1089 562 postulatio
1105 505 1198 548 erau-

50 583 174 648 dicndae.
197 584 345 649 orationis
368 585 546 651 ostenditur.
592 584 709 650 Paulus
732 586 840 650 beatus
855 586 1011 651 neminem
1030 586 1198 665 hominum,

55 688 186 769 qualiter
209 708 298 753 orare
321 695 469 768 oporteat,
494 689 573 754 scire
589 691 677 754 docet
692 689 813 755 dicens:
837 691 941 772 quod
965 692 1077 768 enim,
1100 692 1196 774 quid

57 810 223 868 oremus,
254 793 436 876 qualiter
465 800 667 873 oporteat.
699 794 914 859 nescimus.
959 815 1021 859 non
1053 803 1100 860 est
1122 816 1198 880 ergo

60 895 242 962 infirmita-tis
265 896 419 975 hnmanae,
443 897 581 962 exaudiri
604 898 775 962 orationem
805 918 894 962 suam
924 898 1095 979 postulare:
1126 919 1197 964 curn
1238 923 1251 962 s

64 999 162 1065 doctor
184 1002 334 1086 gentium,
365 1010 435 1082 post
456 1002 653 1067 constitutam
684 1001 754 1067 licet
782 1003 845 1066 iam
869 1023 887 1066 a
910 1003 1035 1067 domino
1065 1004 1198 1068 sormam

68 1105 173 1182 orandi,
207 1106 283 1189 quid
307 1115 338 1171 et
360 1114 513 1189 quatenus
543 1112 608 1170 oret
637 1107 766 1190 ignoret.
812 1109 869 1170 sed
898 1107 964 1171 eius
995 1108 1055 1171 ista
1084 1108 1200 1173 fiducia

72 1216 120 1287 est,
139 1211 188 1293 qui
211 1209 297 1275 solus
322 1219 440 1291 patrem
463 1211 557 1286 uidet,
588 1211 641 1293 qui
672 1210 756 1275 solus
787 1222 906 1291 patrem
937 1212 1002 1282 soit
1037 1212 1088 1295 qui
1113 1210 1197 1277 solus

75 1320 158 1389 potest
177 1334 265 1379 orare
289 1321 530 1394 pernoctans-
547 1316 716 1379 secundum
740 1314 938 1399 euangelium
954 1316 1037 1379 enirn
1053 1316 1199 1380 dominus

77 1419 246 1492 pcmoetanit
268 1439 361 1483 orans
378 1456 427 1488 —.
440 1419 493 1502 qui
512 1439 567 1499 per
583 1419 742 1499 speculum
755 1420 932 1483 uerborum
947 1419 1081 1483 formam
1097 1421 1198 1500 ipsam
1227 1445 1251 1481 ιο

80 1522 256 1587 occultissimi
279 1524 466 1589 sacramenti
490 1524 547 1588 sub
570 1524 787 1608 communibus
802 1523 916 1600 uerbis,
940 1525 1014 1588 dum
1030 1544 1197 1602 curaremus,

82 1628 196 1691 ostendit.
241 1636 272 1693 et
295 1628 349 1710 qui
372 1629 541 1692 orationem
567 1648 655 1692 suam
678 1629 818 1709 poposcit
841 1629 949 1701 audiri,
983 1636 1016 1693 ut
1045 1628 1200 1709 peculiare

43 1807 49 1817 ὑ
83 1724 252 1796 liiciduciae
272 1753 336 1796 suae
353 1734 475 1797 doceret
495 1752 572 1807 csse,
592 1731 737 1796 subiecit:
761 1732 945 1797 inaurire
967 1734 1093 1796 uerba
1115 1733 1200 1797 oris

83 1834 146 1897 naci.
187 1846 215 1901 et
238 1837 404 1919 quIsquam
435 1834 493 1901 heo
523 1835 669 1901 humanae
699 1837 820 1901 tiduciae
852 1857 919 1902 csse
950 1837 1143 1915 existimabit,
1166 1843 1200 1902 ut

80 1937 157 2002 uerba
176 1941 236 2004 oris
259 1940 308 2004 sui
330 1941 405 2005 uelit
427 1940 551 2005 audiri?
575 1962 614 2004 an
637 1938 699 2020 illa,
723 1941 836 2023 quibus
860 1948 961 2006 motus
985 1942 1079 2005 animi
1102 1941 1199 2006 nostri
1227 1963 1252 2001 1⁵

78 2050 104 2102 et
120 2042 231 2123 inpetus
262 2045 505 2125 pronuntiamus.
536 2053 602 2109 tum
631 2064 701 2109 cum
733 2046 771 2108 de
801 2045 848 2109 ira
869 2046 1109 2121 exardescimus,
1133 2053 1197 2110 tum

76 2163 134 2209 cum
154 2150 190 2212 de
211 2150 282 2213 odio
306 2149 524 2225 obtrectamus,
548 2160 613 2213 tum
637 2168 707 2213 oum
732 2151 771 2213 de
802 2149 907 2213 dolore
941 2151 1108 2233 querimur,
1132 2157 1199 2214 tum

70 2270 132 2314 cnm
154 2255 191 2316 de
213 2252 387 2318 adulatione
411 2247 596 2328 blandimur,
619 2261 684 2317 tum
707 2272 778 2317 cum
803 2263 854 2317 aut
883 2275 939 2333 pro
974 2273 1028 2335 spe
1050 2253 1126 2319 lucri
1149 2261 1202 2318 aut

68 2356 105 2418 dc
123 2358 256 2421 ueritatis
286 2359 403 2438 pudore
436 2359 611 2426 mentimur,
646 2367 698 2421 aut
732 2359 769 2421 de
803 2358 997 2423 contumeliae
1031 2357 1201 2423 offensione

64 2460 297 2526 maledicimus?
343 2470 371 2526 et
395 2462 465 2545 quis
486 2482 621 2545 usquam
644 2463 716 2526 uitae
744 2463 785 2526 ita
808 2463 981 2528 emendatae
1004 2472 1035 2527 et
1057 2463 1201 2543 patientis
1229 2483 1253 2520 ao

60 2566 225 2629 adomnia
248 2566 312 2642 suit,
342 2575 376 2631 ut
406 2565 455 2631 his
486 2565 631 2630 hnmanae
661 2567 879 2631 demutationis
909 2567 993 2631 uitiis
1024 2588 1084 2630 non
1119 2575 1202 2632 esset

56 2670 231 2735 obnoxius?
275 2669 359 2735 solus
384 2669 443 2735 hoo
472 2670 569 2750 potuit
592 2689 662 2735 cum
694 2670 807 2734 fiducia
835 2670 923 2748 uelle,
955 2673 1007 2754 qui
1038 2676 1200 2750 peccatum

55 2795 118 2839 non
151 2774 228 2851 tacit,
259 2775 290 2839 in
319 2774 407 2839 cuius
437 2795 490 2840 ore
520 2774 608 2839 ditius
639 2796 699 2839 non
731 2774 795 2841 suit.
827 2776 879 2857 qui
911 2773 1043 2859 lla-gellis
1074 2776 1200 2839 dorsum

53 2879 197 2962 praebuit.
220 2877 363 2944 maxillas
387 2880 426 2943 ab
450 2879 547 2960 alapis
571 2899 632 2942 non
656 2878 789 2947 deflerit.
814 2889 1078 2959 sputamentorum
1095 2886 1201 2944 contu·

54 2983 183 3048 meliam
206 3003 268 3047 non
290 2983 489 3063 exprobrauit
512 2989 541 3047 et
563 2983 593 3046 in
617 2982 700 3048 nullo
733 2983 922 3047 uoluntatem
946 2983 1021 3059 eins,
1052 2983 1139 3048 cuius
1162 2984 1202 3047 ad
1229 3001 1254 3038 ²⁶

52 3088 126 3153 hare
150 3086 298 3152 uoluntati
321 3087 353 3151 in
376 3088 518 3152 omnibns
541 3086 649 3152 uolens
672 3088 855 3163 obediebat,
879 3086 1013 3152 offendit.

138 3190 216 3245 Rern.
235 3192 301 3246 VIII
327 3194 369 3245 26.

98 3196 690 3348 IpostuletiopostulandaeorationisItI'I'
724 3278 889 3332 2homincm
903 3281 925 3332 Υ
958 3279 1205 3334 deraredebeatV

57 3367 128 3435 quid
139 3367 211 3419 enirn
221 3383 331 3420 oremus
341 3367 460 3434 qualiter
472 3367 496 3418 T
536 3366 749 3420 dlioetetiama
765 3367 787 3418 Υ
826 3366 1094 3420 sormsmordinisR
1134 3369 1203 3420 dest

56 3455 104 3522 qui
117 3453 192 3506 eolus
202 3460 291 3521 potest
300 3453 359 3518 (dei.
369 3472 401 3506 m.
409 3450 439 3517 2)
448 3453 613 3522 patremreit
622 3453 668 3519 qui
677 3453 749 3506 aolus
757 3458 984 3520 potcstorarecet.
998 3455 1067 3507 Veet
1075 3453 1122 3520 qui
1130 3454 1203 3506 solua

56 3587 168 3646 patrem
179 3575 255 3628 uidet
263 3575 312 3642 qui
322 3574 396 3628 aolus
406 3578 513 3643 patrem
524 3575 576 3628 scit
586 3573 829 3642 potestipot'ensl')
842 3591 921 3627 orare
930 3584 974 3628 cet.
983 3575 1032 3627 ΡΤ
1066 3579 1083 3628 9
1102 3592 1202 3628 euuan-

55 3663 135 3732 geli·
152 3662 200 3725 Υθ
219 3662 324 3716 lidum
335 3681 384 3715 orm
401 3662 424 3713 V
459 3664 491 3716 13
505 3659 704 3726 inaudirctdin
718 3679 803 3714 aeuo.
815 3663 878 3724 1122)
896 3663 918 3714 V
962 3664 994 3714 14
1008 3663 1063 3715 mei
1077 3664 1101 3712 ln
1116 3662 1203 3714 roaR

54 3749 337 3818 equaquam-sui
348 3746 586 3818 arpa-..scama
650 3747 768 3801 humane
784 3748 832 3800 ΥΡ
885 3751 917 3802 15
930 3748 1010 3801 uellit
1026 3750 1049 3800 Υ
1102 3751 1133 3802 16
1153 3748 1203 3800 im·

54 3834 392 3907 petuatmeanm.3)R
436 3835 714 3904 pronunciemuaItI'
767 3843 827 3887 tum
840 3852 901 3887 cum
912 3835 941 3888 di
952 3836 1102 3888 iraextum
1120 3835 1150 3888 di
1163 3835 1204 3886 ira

55 3926 122 3977 m?
138 3923 161 3974 Υ
213 3926 244 3977 17
273 3924 433 3990 quaerimur
458 3923 505 3975 tu
524 3921 659 3989 quirimus
678 3921 727 3973 id·
790 3924 822 3974 ts
840 3922 874 3974 de
884 3922 1039 3975 adolatione
1050 3940 1080 3974 er
1090 3922 1123 3974 de
1136 3922 1203 3974 adu·

55 4012 162 4065 haione
177 4006 215 4063 Κ*
230 4010 388 4063 adulatione
402 4009 425 4061 Υ
460 4012 492 4063 19
511 4008 545 4061 de
564 4008 690 4061 ueritatis
706 4025 735 4060 cx
748 4008 842 4061 debito
855 4007 981 4061 ueritatis
997 4028 1028 4061 m.
1044 4012 1064 4061 2
1083 4008 1105 4059 Υ
1156 4015 1204 4061 aut

54 4116 121 4152 cum
146 4097 183 4149 do
210 4097 379 4150 contumelia
402 4087 425 4147 Υ
475 4098 511 4150 20
528 4094 616 4163 usqua
634 4093 676 4160 (ua
703 4113 759 4164 sup.
787 4097 830 4147 lia.
850 4113 866 4145 o
886 4112 917 4146 m.
936 4094 967 4153 2)
994 4097 1161 4163 Vumqunm
1182 4095 1207 4146 Ρ

55 4202 181 4253 nuquam
213 4181 237 4231 Τ
286 4184 362 4236 ultae
388 4182 428 4235 ita
454 4200 484 4234 aa
510 4183 598 4235 uitato
626 4179 765 4252 (posterius
792 4188 821 4233 ta
847 4182 874 4232 in
902 4181 968 4246 ros.)
995 4200 1062 4234 corr.
1091 4202 1122 4236 m.
1141 4184 1161 4234 3
1179 4183 1205 4233 R

53 4274 89 4326 94
109 4270 237 4326 ‹lefleetit
256 4270 282 4322 Ρ
332 4271 367 4322 25
385 4269 528 4323 uoluntate
553 4270 575 4322 Υ
626 4268 660 4321 ad
678 4268 731 4320 hoc
750 4268 800 4319 PT
851 4269 886 4320 26
904 4267 1052 4336 obydiebat
1079 4270 1105 4323 Υ.
