2790 4844
338 283 520 333 tractatus
537 279 573 334 in
590 280 761 349 psalmum
780 280 901 336 CXVIII.
1130 281 1191 349 389

78 469 314 553 >probrium
348 475 385 535 et
418 477 707 551 contemptum,
741 471 782 547 id,
807 471 889 554 quod
911 472 1063 556 sequitur:
1098 473 1194 555 quia

90 574 290 641 stimonia
323 578 389 637 tua
422 573 639 658 exquisiui.
692 580 724 640 et
757 576 932 640 testimonia
965 576 1015 641 dei
1050 577 1193 660 exquirit,

101 679 192 764 argui
216 697 276 743 uon
300 678 420 755 debeat,
450 684 481 742 et
503 678 616 744 auferri
640 698 658 742 a
680 698 715 744 se
737 678 936 760 obprobrium
970 685 1194 762 contemptum·

78 804 108 850 re
131 789 282 865 precatur,
304 787 339 847 ut
360 781 580 847 uerecundiam
605 802 666 847 non
689 782 900 867 derelinquat:
923 803 992 849 esse
1011 784 1139 868 quidem
1162 785 1194 850 in

78 894 156 953 ‚tura
184 907 240 952 sua
262 886 423 952 confessus
451 887 633 971 arguitionis
664 898 694 952 et
724 885 880 968 obprobrii
902 906 1035 966 caueam,
1058 907 1194 972 quama
1232 909 1246 951 a

103 991 291 1072 deprecatur
312 990 434 1065 auferri,
468 992 524 1057 sed
549 1011 603 1070 per
625 991 821 1057 deuotionem
855 974 1077 1075 exquisitorum
1108 993 1193 1058 testi·

78 1096 221 1161 oniornm
245 1114 316 1161 eam
338 1101 443 1175 sperat
465 1094 588 1160 auferri.

85 1199 142 1264 20.
166 1198 309 1282 Exquirit
343 1205 447 1264 autem
480 1199 658 1264 testImonia
692 1199 741 1264 dei
776 1199 927 1281 propheta
960 1218 1020 1264 non
1055 1200 1086 1263 in
1124 1201 1194 1278 otio,

78 1323 150 1388 que
184 1304 215 1367 in
250 1302 415 1367 insolentia
447 1322 549 1368 rernm
585 1304 801 1379 secundarum,
835 1303 890 1369 sed
923 1304 1056 1388 exquirit
1089 1303 1193 1369 multis

80 1427 215 1474 uersum
237 1427 271 1472 se
305 1406 521 1481 residentibus
556 1406 661 1472 multis
691 1408 859 1473 aduersum
883 1427 917 1473 se
940 1406 1193 1491 conloquentibus
1221 1430 1245 1467 ιο

78 1532 173 1579 aens:
208 1512 358 1576 etenim
382 1511 580 1577 sederunt
602 1511 815 1592 principes
838 1518 876 1577 et
898 1511 1113 1577 aduersum
1136 1531 1193 1578 me

78 1614 335 1683 atrahebant.
381 1617 440 1681 scit
473 1635 598 1681 omnem
632 1613 802 1696 prophetiae
835 1615 931 1680 fidem
961 1616 1068 1680 mundi
1103 1613 1193 1681 huius

78 1739 191 1786 rosam
226 1738 294 1785 esse
333 1718 538 1800 principibus;
576 1720 635 1784 scit
668 1725 698 1784 et
731 1718 884 1807 apostolos
921 1720 1038 1785 cunctis
1076 1717 1193 1784 futuros

78 1831 176 1907 opter
188 1822 399 1888 Christianum
415 1842 529 1888 nomen
544 1823 676 1888 odiosos.
721 1825 831 1889 sedent
845 1823 995 1889 aduersus
1011 1821 1193 1907 prophetem

78 1929 204 2009 incipes
234 1934 265 1993 et
296 1926 461 1993 detrahunt
491 1934 571 2004 tunc,
602 1948 672 1993 eum
703 1927 832 1992 audiunt
861 1927 990 1993 Esaiam
1022 1928 1192 1994 dicentem:
1221 1948 1245 1986 1⁶

78 2034 189 2098 rdite
219 2032 384 2097 uerbum
416 2032 568 2096 domini
600 2032 810 2112 principes
834 2031 1057 2110 Sodomum
1080 2038 1118 2097 et
1140 2033 1192 2096 in·

88 2136 211 2201 ndite
248 2133 380 2219 legem
418 2137 483 2201 dei
521 2135 694 2217 populus
731 2134 945 2200 Gomorrae.
997 2155 1034 2202 ex
1067 2134 1193 2201 oonsilio

81 2243 132 2306 im
157 2238 264 2304 talium
280 2239 387 2305 Esaias
410 2247 513 2306 sectus
537 2248 594 2317 est,
617 2239 795 2305 Hieremias
819 2259 940 2323 qnoque
963 2259 1088 2306 carcere
1111 2239 1193 2305 elau·

78 2354 137 2421 tur,
177 2343 288 2409 Daniel
324 2342 464 2410 leonibus
501 2343 584 2410 farne
618 2344 658 2409 ad
691 2345 844 2409 saeuitiam
882 2344 1014 2409 incitatis
1051 2343 1191 2425 obicitur,

78 2431 316 2513 schariaa'inter
344 2446 493 2529 templum
518 2456 548 2513 et
570 2448 665 2513 altare
688 2448 847 2524 occiditur,
871 2447 999 2529 apostoli
1021 2432 1191 2527 cuduntur,
1220 2467 1245 2505 ao

78 2558 242 2628 caecantur,
273 2551 501 2636 crucifiguntur,
531 2558 565 2617 ut
594 2553 771 2633 praedicabo
806 2552 855 2617 dei
878 2550 1040 2628 auferatur,
1062 2559 1096 2616 ut
1118 2552 1192 2618 doe·

79 2654 130 2720 ina
153 2654 323 2737 prophetiae
346 2655 531 2733 inhibeatur,
554 2665 587 2720 ut
609 2657 680 2721 uitae
703 2663 825 2722 aeternae
841 2657 891 2721 uia
906 2657 1099 2737 obsaepiatur.
1136 2656 1192 2721 sed

78 2776 110 2821 os
130 2761 304 2844 principum
327 2780 493 2826 consessus
516 2771 546 2826 et
568 2761 635 2827 baec
657 2759 912 2826 obtrectationum
935 2759 1057 2844 eloquia
1075 2760 1192 2840 spreuit
1279 2747 1283 2755 ’

78 2858 129 2927 des
166 2871 322 2929 constans,
382 2865 580 2949 consequitur
616 2866 715 2931 enim:
753 2885 897 2930 seruus
934 2871 1063 2929 autem
1103 2874 1192 2928 tuus

81 2967 275 3034 xereebar
316 2969 351 3032 in
391 2968 773 3034 iustificationibus
808 2970 898 3034 tuis.
943 2966 1191 3048 obstrepentibus
1218 2987 1244 3025 aa

99 3073 127 3128 le
144 3078 217 3131 Esai-
237 3079 257 3144 1,
279 3078 317 3131 10.

78 3234 80 3240 Ι
99 3159 109 3208 l
127 3171 154 3217 et
173 3164 202 3217 id
223 3165 291 3234 (lpE
340 3167 357 3219 3
376 3172 406 3219 ut
425 3166 504 3234 argui
522 3193 557 3202 -
575 3173 705 3234 precatur
723 3184 771 3219 ora.
790 3165 864 3219 Vnt·
913 3167 931 3219 4
949 3170 977 3218 et
995 3164 1192 3219 uerecundiam

78 3237 128 3293 Rs?
194 3250 367 3319 derelinquit
398 3248 461 3304 ΒΨ
487 3251 637 3321 dereliquit
667 3249 705 3304 R’
732 3251 865 3321 relinquit
904 3252 925 3304 l'
992 3250 1191 3320 bargnitiouis

103 3339 290 3405 arguitionem
321 3357 353 3391 m.
378 3338 398 3390 2
430 3337 454 3391 V
478 3338 633 3407 argutionis
662 3341 685 3390 t*
746 3343 773 3393 et
803 3356 851 3392 om.
886 3339 911 3392 V
971 3336 1136 3406 oppobrium
1170 3337 1192 3389 l’

81 3424 206 3492 exquirit
224 3444 255 3477 er
272 3425 424 3493 exquisiuit-
448 3425 473 3478 V
524 3429 556 3480 10
574 3426 707 3480 aduersus
725 3443 754 3479 se
775 3426 842 3495 (pe
892 3424 1077 3479 residentibus
1094 3423 1191 3478 multis

82 3510 193 3564 utersum
222 3527 252 3564 se
271 3529 320 3565 om.
346 3512 370 3564 V
421 3515 452 3566 ll
473 3518 500 3564 et
524 3511 655 3565 aduersus
683 3529 726 3565 me
754 3512 939 3581 loquebantur
967 3514 1005 3582 t'p
1059 3512 1092 3564 le
1109 3508 1191 3564 huius

78 3594 179 3649 utldit'
231 3597 430 3669 lsspiculosam
445 3616 475 3651 er
491 3616 586 3669 pesam
595 3598 733 3670 poptdli
786 3598 837 3652 scit
851 3598 987 3667 apostolos
1000 3596 1038 3667 Cp
1093 3599 1126 3650 14
1143 3595 1191 3650 ad·

78 3680 132 3733 'ffb
158 3684 179 3736 l'
231 3685 264 3739 lb
283 3685 384 3739 eseiam
408 3685 432 3738 V
457 3685 544 3738 ceiam
574 3686 597 3737 0
619 3685 655 3739 ad
682 3702 711 3739 se
738 3685 793 3739 etia
810 3705 829 3755 p
890 3687 922 3739 le
941 3684 1122 3738 Sodomorum
1147 3683 1191 3753 Rp

78 3747 190 3824 lteudite
210 3771 301 3839 legem
314 3771 455 3842 (paudite
473 3772 600 3840 legemll
654 3775 686 3826 17
704 3771 799 3841 populi
808 3791 826 3840 p
882 3772 914 3826 18
931 3772 1019 3825 eseiae
1037 3769 1191 3840 Visaiasp

78 3848 143 3908 utu,
160 3876 189 3911 α
206 3865 301 3912 sextus
317 3859 341 3909 l'
391 3859 517 3912 ieremias
534 3859 557 3911 l'
607 3858 781 3928 cluditurl'p
835 3861 868 3913 19
885 3857 996 3912 danihel
1006 3875 1036 3909 rx
1045 3856 1192 3910 damhelR

369 3955 396 3984 e&

78 3995 141 4046 amu
164 3997 185 4048 l'
234 4000 267 4052 ul
287 4006 318 4051 ut
337 3997 425 4066 pditio
447 4018 467 4068 p
490 4005 520 4052 nt
545 3999 676 4066 deposcio
697 4000 719 4051 t'
769 3997 895 4051 doctrina
923 4016 953 4050 ea
976 3996 1118 4050 doetrinae
1145 3996 1191 4048 l'R

78 4070 251 4151 BProphetae
272 4088 295 4137 t'
344 4083 522 4138 inhibeantur
542 4086 566 4137 a
619 4086 667 4139 sed
685 4084 737 4138 hoc
765 4085 787 4137 l'
836 4086 870 4138 23
887 4083 1011 4152 spraeuit
1027 4085 1051 4135 1:
1103 4085 1139 4138 24
1156 4087 1190 4135 cd

78 4163 175 4225 eluitur
191 4187 289 4224 seruus
310 4172 348 4241 Cp
400 4173 434 4224 ab
452 4172 601 4226 exercebar
619 4190 649 4225 eu
667 4172 781 4226 arcebar
799 4190 832 4224 m.
848 4172 862 4223 1
883 4172 905 4225 l'
920 4170 1102 4225 exercebatur
1122 4169 1193 4239 ltpb'

79 4252 154 4306 ntuis
170 4256 410 4312 iustificationibus
430 4259 461 4311 R.
