2790 4844
418 270 598 319 tractatus
617 265 652 317 in
674 265 845 333 psalmum
866 263 934 317 LVI.
1183 263 1243 327 169

146 454 174 519 2.
200 453 307 537 ltaque
331 455 431 520 Dauid
464 457 501 519 ad
537 453 679 519 humanae
714 454 814 519 carnis
849 453 977 537 gloriam
1012 453 1244 519 resurrectionis

103 559 265 624 dominicae
289 565 410 640 ternpus
433 566 598 640 expectans
632 578 713 623 nunc
736 567 766 623 et
789 578 847 622 non
872 558 1026 639 corrumpi
1048 577 1082 622 se
1103 564 1193 642 rogat
1216 564 1245 622 et

104 682 242 728 auersam
266 683 285 726 a
308 683 342 728 se
365 663 591 744 corruptionem
618 662 648 726 in
664 683 708 737 eo,
731 662 762 726 in
778 682 838 745 quo
853 662 997 742 primitiae
1014 661 1244 727 resurrectionis

106 774 181 845 sunt,
205 766 365 848 prophetae
388 767 583 848 praescientia
605 765 785 850 gratulatur.
832 767 900 830 ideo
915 775 1034 831 autern:
1058 765 1095 829 in
1119 765 1242 831 linem

108 870 214 935 tituli
238 872 462 953 inscriptio
485 878 540 948 est
564 871 635 955 quia
650 877 681 936 et
696 870 833 955 gloriosa
847 871 887 934 ad
902 870 1081 936 aeternitatis
1093 869 1243 935 honorem
1272 898 1284 935 r

110 974 164 1038 uita
186 983 333 1056 suscepta
356 983 388 1041 et
409 995 493 1040 mors
515 974 655 1057 plurimis
678 974 819 1040 salutaris
843 976 975 1039 uiromm
1001 974 1121 1038 sortium
1138 975 1244 1038 inscri-

112 1078 191 1143 batur
215 1079 366 1161 sepulcris
389 1088 419 1144 et
440 1079 507 1143 haec
530 1080 632 1143 ornuia
656 1080 696 1143 sd
719 1099 787 1143 eum
811 1078 921 1144 referri
944 1085 1089 1160 oporteat,
1114 1079 1165 1161 qui
1196 1077 1244 1141 uel

112 1183 172 1248 inis
196 1191 245 1248 est
267 1182 354 1268 legis.
371 1184 418 1248 uel
442 1203 533 1268 quern
558 1183 667 1266 psalmi
682 1183 779 1264 ipsius
795 1182 866 1247 finis
881 1184 1031 1248 ostendat.
1076 1183 1108 1247 id
1132 1188 1244 1247 autern.

115 1286 238 1367 quadiu
263 1287 411 1368 spelunca
433 1288 555 1352 clausus
579 1287 647 1353 haeo
669 1286 809 1371 loquitur,
845 1295 966 1367 tempus
997 1292 1044 1351 est
1065 1286 1244 1368 prophetia,

117 1410 164 1470 quo
186 1391 338 1471 psalmum
363 1390 551 1476 intellegitur
574 1393 744 1471 scripsisse,
775 1392 841 1472 ipsa
864 1390 916 1455 illa
939 1391 1093 1474 speluncae
1126 1390 1244 1454 habita-
1273 1417 1297 1453 ro

118 1494 185 1558 ione
223 1497 360 1560 mansuri
398 1497 428 1560 in
468 1517 594 1577 corpore
637 1497 752 1560 domini
797 1493 1000 1560 humilitatem
1047 1494 1243 1575 prophetans.

121 1606 243 1663 ceterum
265 1601 364 1664 uideri
386 1621 446 1664 nou
470 1608 577 1682 potest,
602 1600 707 1683 utqui
733 1600 771 1664 oh
795 1606 913 1665 metum
937 1611 1003 1664 erat
1025 1599 1105 1663 intra
1124 1597 1245 1679 spelun-

123 1719 176 1764 cam
201 1704 383 1782 reconditus,
405 1703 550 1788 psalterio
574 1712 605 1770 et
628 1702 753 1781 cithara,
785 1712 818 1768 ut
849 1710 978 1768 testetur
1008 1704 1039 1766 in
1062 1703 1190 1783 psalmo,
1214 1702 1245 1766 id

124 1816 158 1868 est
178 1810 266 1872 totius
289 1810 365 1872 artis
389 1809 513 1874 musicae
536 1815 745 1894 perstreperet
767 1817 923 1889 apparatu.

157 1909 301 1992 &Capit
335 1920 436 1976 autern
471 1913 528 1977 ita:
564 1914 758 1977 miserere
794 1913 877 1989 mei,
912 1914 1015 1988 deus
1050 1912 1298 1976 misererem

130 2014 201 2078 nei:
224 2017 411 2099 quoniam
446 2018 484 2080 in
518 2025 556 2082 te
579 2017 912 2082 confiditanima
935 2036 1027 2081 mea.
1073 2016 1246 2081 misericor-

131 2114 193 2180 diam
213 2128 309 2203 rogat,
333 2121 406 2204 quia
429 2121 555 2186 confidit
577 2122 606 2184 in
632 2122 763 2185 domino.
788 2122 901 2185 docens
930 2120 969 2185 ab
1000 2119 1050 2185 his
1074 2120 1247 2184 misericor-

132 2218 197 2285 lian
217 2224 265 2290 dei
289 2225 476 2306 sperandam
498 2245 576 2298 esse,
600 2227 650 2309 qui
675 2227 844 2309 crederent.
890 2232 921 2290 et
950 2224 1166 2290 misericordie
1197 2223 1246 2288 dei

133 2327 193 2402 quod
224 2335 411 2394 momentum
447 2331 539 2411 quiue
574 2331 614 2393 sit
647 2328 783 2407 effectus,
818 2330 951 2394 ostendit
984 2329 1107 2394 dicens:
1141 2336 1179 2393 et
1208 2328 1245 2390 in

133 2429 245 2496 umbra
266 2432 422 2498 alarum
446 2445 599 2497 tuarum
622 2433 804 2515 sperabo,
821 2435 946 2499 donec
969 2439 1156 2498 transeat
1174 2432 1244 2496 ini·
1273 2455 1299 2492 ao

133 2533 251 2611 quites.
297 2537 406 2602 auibus
441 2552 556 2602 naturae
580 2549 628 2602 est
650 2537 860 2603 infirmitatem
894 2537 1045 2619 pullorum
1069 2537 1126 2601 alis
1149 2537 1247 2600 inum-

133 2632 201 2703 brare
223 2660 335 2724 eosque
359 2662 378 2706 a
401 2641 679 2724 praetemolantium
705 2643 734 2706 ui
758 2650 849 2726 atque
869 2642 1053 2724 inprobitate
1069 2640 1246 2708 defendere.

131 2743 194 2820 quod
213 2756 243 2810 et
264 2746 296 2809 in
320 2745 445 2830 gallinis
469 2747 603 2811 maxime
627 2747 794 2823 noscimus,
817 2767 886 2811 cum
911 2744 1054 2812 collectos
1077 2746 1159 2810 intra
1182 2745 1247 2825 pin-

128 2861 171 2908 nas
190 2847 265 2914 letus
286 2869 358 2914 snrrs
385 2859 437 2914 aut
458 2863 589 2931 opacent
604 2857 655 2915 aut
671 2858 801 2915 tuentur.
848 2870 978 2932 quarum
995 2849 1248 2915 consuetudinem

125 2949 155 3011 nd
175 2952 342 3032 exemplum
367 2952 580 3019 sollicitudinis
614 2975 676 3019 suae
711 2955 853 3019 dominus
888 2965 1109 3020 commemorat
1142 2953 1248 3019 dicens
1276 2975 1301 3014 a

119 3053 153 3116 sd
174 3054 362 3121 Hierusalem
386 3058 624 3123 interfectricem
653 3058 887 3142 prophetarum:
918 3059 1109 3143 quotiens
1140 3057 1249 3122 uolui

118 3158 311 3245 colligere
335 3161 451 3227 filios
474 3170 572 3239 tuos,
596 3162 702 3228 sicut
725 3162 892 3246 gallina
917 3184 998 3247 qum
1022 3168 1251 3247 congregat

113 3262 240 3347 pullos
264 3268 451 3333 suossub
475 3266 562 3331 slas
587 3279 739 3332 suaset
763 3265 958 3332 noluisti?
1004 3274 1107 3348 sperat
1122 3286 1198 3350 ergo
1218 3265 1249 3329 in

109 3368 216 3433 umbra
238 3369 355 3434 alarum
379 3371 428 3435 dei
451 3378 584 3437 sanctus.
609 3372 734 3437 donec
769 3371 973 3454 iniquitas
1003 3376 1194 3445 transeat,
1217 3369 1249 3433 id

105 3482 154 3538 est
188 3474 261 3537 dum
295 3480 348 3538 ant
380 3473 484 3540 saeculi
519 3474 674 3547 scandala,
708 3485 759 3538 aut
792 3475 969 3558 iniquitates
992 3476 1163 3557 impiorum
1198 3482 1249 3539 eut
1275 3502 1300 3539 ao

146 3617 184 3668 so
203 3613 300 3668 unsre.
319 3615 419 3682 xxua
438 3618 479 3670 er.

146 3739 308 3803 4profetse
322 3738 348 3790 lt
401 3737 493 3791 influe
504 3738 555 3790 ΗΡ
606 3738 860 3791 dmcrsecmortis
874 3739 897 3790 l'
947 3738 1251 3807 saluterisplurimisT

97 3822 562 3892 saepulhrisltaepulturisln'n'
613 3824 758 3892 oportebat
771 3826 820 3876 ΡΤ
871 3825 1075 3894 sprosetiaerr
1123 3827 1153 3877 ll
1173 3841 1250 3878 msu-

96 3926 172 3967 suro
194 3910 261 3962 Rl'a
287 3926 446 3964 mensuram
471 3911 523 3964 Ed.
553 3911 634 3964 Busil.
662 3911 735 3963 1:550
791 3915 823 3965 12
841 3913 914 3965 intra
941 3912 1115 3980 speluncaR
1171 3913 1202 3963 13
1220 3911 1250 3963 id

95 4008 142 4053 aa
163 4014 215 4049 «m.
237 3996 286 4049 1⁷l'
339 3999 370 4051 17
389 3997 417 4050 in
436 3996 488 4051 deo
508 3997 587 4050 PTE
637 4000 669 4051 21
689 3999 839 4052 a·-tuibus
863 4000 885 4050 R
938 3998 1076 4066 pullorum
1105 3996 1249 4050 infirmita-

97 4101 161 4139 rem
184 4083 209 4134 Y
260 4086 294 4138 22
312 4084 401 4151 adque
429 4085 455 4137 R
478 4085 585 4152 atq;l³
637 4085 797 4152 μ1221111111)
847 4088 881 4138 23
898 4102 1002 4153 pennas
1022 4085 1099 4137 ΙΥΓΕ
1149 4086 1183 4136 ut
1202 4087 1250 4137 aut

95 4170 233 4239 operiant
261 4182 306 4223 ant
337 4177 499 4224 tucanturc
550 4174 584 4226 26
602 4173 775 4241 profetarum
804 4174 828 4224 ll
880 4173 914 4226 28
933 4173 984 4225 sub
1011 4171 1062 4224 alis
1090 4172 1145 4223 suis
1174 4170 1252 4223 PTE

96 4264 137 4314 ω
155 4256 321 4324 iniquitates
339 4273 369 4310 cx
386 4257 539 4324 iniqnitatis
559 4261 589 4317 Τ.
