2790 4844
394 243 575 291 tractatus
594 238 628 290 in
646 238 815 306 psalmum
834 238 951 292 CXLIV.
1191 236 1253 303 839

95 427 317 512 dedignantes,
334 430 388 492 sed
411 448 489 511 quas
506 427 669 511 eloquatur
684 427 788 505 oratio,
812 448 888 511 quas
905 448 1013 508 preces
1031 433 1252 493 contestentur.

97 531 373 596 etideosubieoit:
397 538 435 595 et
462 531 690 596 orationem
714 552 847 597 eorum
871 533 1070 598 exaudiet.
1109 531 1253 598 uoluntas

97 654 177 719 ergo
209 655 245 700 ea
275 636 374 699 adeo
407 635 453 714 fit,
489 655 557 719 quae
589 655 662 700 uoce
697 636 841 700 orationis
875 637 1047 702 exauditur.
1094 637 1149 701 sed
1183 656 1272 721 qua>

98 738 247 804 uoluntas
270 738 323 804 fiet
345 740 527 804 orantium?
572 749 609 804 et
631 739 769 805 saluos
793 741 927 819 faciet,
950 741 1058 824 inquit,
1083 761 1158 806 eos.
1193 740 1254 806 lton

101 842 210 907 uolunt
233 843 378 908 timentes
402 843 505 920 deum,
529 843 587 908 hoe
605 852 638 908 ut
652 845 815 909 audiantur
830 855 926 934 orant,
949 852 1059 910 utnon
1077 844 1254 909 dominetur
1291 869 1304 907 a

100 967 209 1011 eorum
234 953 349 1012 aeterna
364 967 457 1025 mors,
482 967 542 1010 non
558 948 590 1011 in
605 948 762 1013 interitum
779 949 918 1029 perpetui
933 949 1038 1013 iudicii
1056 949 1254 1029 deputentnr,

99 1051 157 1117 sed
181 1051 239 1116 sub
256 1052 393 1116 custodia
410 1052 459 1116 dei
478 1052 535 1116 tuti
553 1053 622 1117 sint.
667 1054 807 1137 sequitur
822 1053 923 1118 enirn:
948 1053 1132 1118 custodit
1155 1055 1254 1119 deus

100 1154 335 1238 diligentes
366 1157 507 1235 ipsum.
553 1155 654 1220 saluos
684 1177 759 1240 ergo
790 1156 883 1222 faciet
913 1177 964 1222 eos
987 1157 1198 1234 eustodiendo,
1221 1158 1253 1221 id

100 1267 148 1323 est
170 1260 279 1324 aterni
302 1261 392 1344 regni
413 1260 582 1341 participes
598 1262 801 1327 reseruando:
825 1262 957 1339 sedens,
982 1262 1034 1343 qui
1053 1267 1084 1325 et
1100 1261 1255 1326 timebunt

100 1372 130 1426 et
153 1364 363 1443 precabuntur
386 1370 418 1429 et
441 1363 584 1449 diligent.
631 1364 744 1429 dehinc
768 1365 920 1449 sequitur:
944 1371 981 1430 et
1004 1385 1141 1430 omnes
1165 1385 1251 1446 pee-
1279 1390 1303 1425 ιο

105 1473 269 1533 catores
293 1468 518 1549 disperdet,
555 1468 607 1551 qui
630 1489 687 1534 nec
719 1476 754 1533 ut
783 1469 927 1534 homines
952 1469 1109 1534 timuerint
1138 1469 1253 1534 necut
1336 1493 1338 1497 ·

106 1571 222 1636 subditi
246 1572 400 1639 oraueriut
422 1593 480 1638 neo
503 1580 537 1637 ut
560 1573 662 1636 donati
686 1574 748 1638 uita
771 1573 946 1657 mundoque
970 1573 1139 1638 dilexerint.

147 1779 199 1845 23.
224 1778 381 1845 Conclusit
413 1787 515 1845 autem
549 1780 700 1863 propheto
734 1780 860 1856 honoris
896 1781 989 1847 debiti
1025 1781 1251 1846 consessionem

99 1883 228 1948 dicens:
252 1882 535 1949 laudationem
559 1885 711 1949 domini
734 1884 926 1968 loquetur
949 1905 990 1950 os
1013 1905 1148 1950 meum.
1187 1884 1251 1950 lau·

99 1989 185 2052 datio
217 1988 246 2053 ei
280 2008 339 2051 non
375 1987 497 2065 sufficit,
533 1989 591 2053 nisi
627 1997 657 2054 et
690 1989 814 2053 laudare
849 2009 908 2053 non
933 1990 1060 2054 desinat.
1107 1988 1245 2055 laudabit
1271 2011 1295 2048 u

102 2093 187 2156 enim
225 2092 336 2168 adhue,
371 2112 441 2157 curn
472 2094 534 2157 iam
569 2101 673 2158 tamen
709 2092 822 2158 laudet.
869 2094 924 2157 sed
955 2113 1024 2158 cum
1057 2092 1107 2158 ille
1137 2092 1250 2172 laudet,

102 2216 197 2261 omne
222 2216 342 2279 quoque
363 2198 401 2260 ad
418 2197 666 2262 benedictionem
685 2195 919 2262 deihumanam
936 2217 1036 2281 genus
1052 2196 1249 2264 adhortatur:

101 2309 142 2365 ot
165 2301 387 2366 benedicat
410 2302 541 2365 omniS
565 2322 657 2366 caro
680 2321 823 2367 nomen
847 2309 1028 2366 sanctum
1054 2302 1150 2366 eius.
1196 2322 1252 2382 per

98 2404 194 2470 officii
218 2405 266 2469 sni
290 2411 319 2470 et
340 2405 414 2470 fidei
449 2406 651 2470 constantiam
688 2427 812 2488 semper
846 2406 974 2488 quidem
1009 2406 1059 2470 ille
1094 2405 1251 2483 laudabit;

98 2510 152 2574 sed
188 2508 346 2589 prophetae
382 2529 464 2587 cura,
498 2516 531 2574 ut
564 2530 672 2574 omnes
707 2511 798 2574 deum
827 2510 1022 2587 benedicant,
1046 2516 1139 2591 optat.
1185 2530 1246 2573 nou
1274 2530 1299 2566 a

103 2614 258 2678 enimait:
282 2613 476 2690 benedicent,
493 2620 653 2697 tamquam
671 2623 773 2679 certus
789 2615 828 2678 sit
844 2615 874 2677 in
891 2614 1043 2691 futurum,
1060 2615 1116 2679 sed
1131 2634 1168 2678 ex
1187 2615 1250 2679 uoti

98 2717 228 2782 adfectu
240 2717 297 2781 ait:
321 2717 548 2783 benedican
559 2725 578 2792 t,
595 2724 625 2783 et
637 2717 720 2796 illud,
731 2719 831 2799 potius
845 2717 1116 2802 utintellIgeretur
1135 2724 1249 2800 optare,

97 2841 190 2904 quam
215 2820 383 2887 confideret
406 2821 449 2887 sie
475 2823 625 2886 futurum.
672 2823 783 2887 deinde
805 2822 1056 2887 benedictionem
1085 2842 1145 2885 non
1171 2827 1250 2885 tem·

97 2925 255 3010 porariam
289 2945 358 2990 esse
391 2924 535 3008 postulat,
571 2927 626 2990 sed
650 2932 805 3001 aternam,
841 2927 877 2989 in
912 2924 1099 2990 saeculum
1139 2933 1175 2990 et
1209 2925 1249 2990 iu

97 3028 289 3094 saeculum
314 3028 463 3094 saeculi.
509 3030 598 3094 nobis
628 3031 728 3110 potius
763 3030 940 3110 optandum,
973 3035 1007 3093 ut
1035 3030 1067 3093 in
1098 3035 1246 3094 aternum
1275 3049 1300 3087 a

98 3132 320 3198 benedicamus
344 3141 509 3198 aeternum:
535 3134 607 3217 quia
630 3135 661 3198 ln
685 3141 834 3199 aternum
852 3133 1043 3198 benedicens
1066 3140 1183 3198 aterno
1206 3131 1250 3196 illi

98 3257 228 3302 neeesse
251 3243 297 3300 est
320 3243 445 3301 maneat
468 3243 648 3314 coaternus,
672 3240 796 3303 domino
825 3237 944 3303 scillcet
968 3247 1073 3302 nostro
1089 3237 1250 3320 unigenito

100 3347 130 3404 et
161 3341 370 3425 primogenito
406 3342 454 3406 dei
489 3341 552 3405 filio
588 3342 659 3407 lesu
694 3341 826 3417 Christo,
859 3342 911 3425 qui
943 3340 1191 3407 estbenedictus
1217 3340 1248 3404 in

100 3442 211 3509 saecula
234 3443 427 3509 saeculorum.
473 3466 572 3510 amen.

141 3688 323 3756 leloquatur
350 3707 381 3742 er
407 3690 555 3756 eloquetur
582 3709 615 3743 m.
636 3690 653 3740 1
672 3691 698 3742 R
750 3691 839 3743 oratio
858 3708 888 3742 ea
906 3689 995 3743 oratio
1021 3688 1112 3741 oratio
1137 3705 1205 3742 corr.
1224 3687 1251 3742 R

103 3775 278 3829 2exaudiuit
291 3778 316 3828 t.
333 3777 349 3828 l.
366 3776 391 3828 R
445 3775 560 3829 lfaoid
579 3776 675 3844 inquid
696 3777 720 3829 R
738 3776 829 3844 inquit
848 3776 931 3829 faciet
951 3776 978 3828 E
1030 3778 1063 3829 14
1082 3772 1204 3827 laudatio
1224 3790 1239 3828 e

99 3850 597 3932 smpsilaudationemltlaudasseE
641 3866 673 3917 19
691 3863 816 3916 laudabit
826 3864 866 3915 Ro
879 3863 1051 3916 laudabilior
1096 3863 1130 3916 20
1151 3860 1250 3930 fplicae

100 3949 200 4001 curali
219 3948 338 4017 fppheta
354 3948 404 4034 heo
435 3953 515 4001 curat
532 3969 551 3998 α
570 3949 705 4017 propheta
730 3955 758 4002 et
776 3956 885 4002 curate
939 3953 1016 4016 optat
1035 3949 1060 4000 R
1080 3953 1108 4000 et
1126 3951 1203 4016 optat
1224 3948 1252 3999 E

99 4052 132 4104 22
149 4057 177 4105 et
196 4053 266 4106 illud
284 4053 377 4121 potius
398 4059 429 4106 ut
447 4054 512 4106 coni.
531 4054 629 4106 Bened.
648 4059 679 4106 ut
697 4053 767 4106 illud
785 4054 878 4122 potius
897 4059 929 4106 ut
948 4054 974 4105 R
992 4058 1023 4106 ut
1043 4053 1112 4105 illud
1131 4051 1250 4120 potiueo

100 4140 131 4193 ‘28
146 4138 299 4193 confideret
317 4141 357 4192 Ro
373 4138 514 4194 confidere
531 4137 619 4202 esort.
636 4151 703 4193 recte
756 4143 790 4193 29
806 4141 853 4219 qui
864 4159 894 4193 ex
904 4157 957 4207 que
968 4159 999 4192 nr.
1011 4140 1027 4192 1
1037 4130 1248 4208 RExplieitp‘al

100 4224 195 4279 CXLII
213 4222 282 4295 Inffp
301 4227 412 4280 CXLIII
432 4225 495 4292 (sic)
506 4227 558 4294 sta.
576 4244 642 4280 nera.
662 4237 738 4280 nacor
757 4238 780 4280 et
798 4227 922 4296 psalmus
935 4225 1128 4279 —Zachariae
1147 4242 1195 4278 om.
1215 4225 1248 4276 n.
