2790 4844
150 245 214 312 802
499 252 616 304 sancti
635 252 772 304 Hilarii
792 252 956 320 episcopi

100 486 104 493 .
150 451 253 508 tamen
278 443 453 527 incognitus
476 447 558 516 erat3
589 454 691 524 neque
715 441 814 505 solurn
838 442 878 505 ad
902 442 1067 506 dexteram
1093 447 1300 510 contuebatur.

150 549 206 612 sed
240 548 333 612 etiem
368 548 408 610 ed
441 546 598 610 sinistram
633 546 661 610 ei
696 551 878 625 conspectus
913 546 1052 626 patebat.
1100 547 1182 612 ittud
1206 558 1298 612 auteur

151 652 305 735 quomodo
328 670 468 730 personae
492 650 557 714 eius
588 649 759 731 aptabitur:
790 649 899 729 perit
929 648 1029 734 suga
1053 672 1073 714 a
1097 672 1169 727 me,
1195 652 1298 717 dehinc

150 755 241 819 iliud:
267 760 393 819 etnou
411 760 481 829 θεῖ,
498 754 565 836 qui
588 752 776 836 requirat
799 754 972 843 animam
989 774 1131 833 meam,
1150 764 1296 836 postremo

111 881 124 918 r
151 858 245 924 etiam
267 857 352 934 illud,
377 877 436 940 quo
459 857 597 937 psalmus
620 856 827 922 concluditur:
862 877 920 922 me
944 861 1296 938 expectantium,

151 964 276 1028 donec
307 962 517 1026 retribuas
548 959 672 1025 mihi?
717 961 869 1026 contraria
898 961 957 1026 eibi
991 961 1053 1027 ista
1076 970 1152 1028 sunt
1175 986 1212 1029 ex
1235 985 1294 1045 per·

150 1086 227 1131 sona
250 1065 386 1131 hominis
409 1064 573 1130 intellecta.
618 1066 643 1130 si
675 1066 759 1130 enim
791 1072 861 1130 sunt
891 1066 962 1130 iusti
987 1074 1294 1151 expectantesque

150 1172 241 1234 modo
264 1190 358 1234 neruo
381 1167 566 1253 cognoscit?
590 1169 744 1252 quomodo
768 1189 859 1233 nemo
882 1169 1019 1234 animaru
1045 1172 1204 1253 requirit?
1246 1193 1294 1252 per

150 1274 182 1338 id
206 1274 288 1338 enirn
312 1294 404 1338 uerno
427 1274 564 1338 auiuraru
597 1273 727 1356 requirit
749 1279 779 1337 et
813 1292 903 1337 nemo
937 1274 1108 1356 cognoscit,
1145 1277 1219 1358 quia
1250 1296 1292 1340 re

98 1401 123 1437 ιο
150 1377 299 1458 spiciente
323 1398 359 1442 co
384 1399 402 1442 a
425 1378 539 1442 dextris
563 1397 656 1441 nemo
679 1377 777 1442 iustus
800 1383 848 1442 ast
869 1376 964 1442 uisus.

193 1483 222 1546 4.
247 1482 309 1546 Sed
333 1481 400 1547 haec
423 1482 527 1545 omnia
549 1481 581 1545 in
605 1481 730 1545 domino
755 1488 894 1561 tempore
909 1480 1063 1561 passionis
1082 1481 1203 1562 inpleta
1219 1490 1290 1559 suut

150 1605 220 1650 cunr
245 1593 368 1651 cunum
392 1605 463 1651 eum
487 1588 526 1650 ad
551 1604 675 1650 amcam
699 1605 803 1649 eorum
828 1604 921 1650 nemo
944 1585 1107 1650 comitatus
1131 1593 1191 1664 ast,
1220 1606 1292 1669 quoe

149 1690 189 1753 ed
211 1690 437 1770 possessionem
462 1689 552 1772 regui
575 1688 707 1754 celestis
742 1690 914 1753 secundum
945 1688 1163 1773 euangelicum
1195 1691 1291 1770 dispo

150 1793 294 1858 sitionem
324 1799 481 1873 separatos
505 1814 524 1857 a
545 1793 672 1858 sinistra
703 1794 819 1857 dextrae
850 1792 1052 1873 praeparabat,
1084 1794 1123 1858 ob
1155 1814 1235 1877 quos
1263 1800 1290 1858 et

99 1919 124 1955 rr
151 1896 244 1960 horno
268 1905 333 1962 eret
356 1904 460 1962 natus:
496 1917 567 1961 cum
602 1897 632 1960 in
668 1902 713 1961 ῖοῖ
746 1897 900 1980 tantisque
935 1897 1034 1961 crucis
1066 1898 1165 1978 ipsius
1197 1899 1290 1977 signis

150 2001 244 2065 deum
267 2021 359 2065 nemo
383 2001 535 2085 cognouit
566 2021 637 2066 curu
661 2001 840 2084 frequenter
861 2007 954 2066 antee
976 1999 1078 2065 latens
1102 2021 1136 2066 se
1160 2001 1219 2077 his,
1241 2002 1288 2084 qui

150 2124 222 2169 eum
256 2105 445 2187 quaerebant,
480 2111 511 2169 et
544 2105 679 2184 prodidit
712 2111 744 2168 θῖ
776 2104 916 2187 ingessit.
962 2112 994 2169 et
1016 2124 1074 2184 per
1106 2103 1287 2170 oblationem

150 2215 326 2289 spontenoae
349 2208 514 2272 uoluntatis
546 2208 620 2292 suga
643 2208 682 2272 ab
706 2228 742 2272 eo
776 2208 874 2288 periit,
908 2227 980 2272 cum
1014 2207 1118 2273 nullus
1147 2209 1287 2274 uirtutem

149 2312 221 2376 uitae
255 2313 328 2391 eiua,
360 2332 428 2395 quae
458 2312 489 2375 in
514 2313 617 2376 anima
651 2311 853 2396 significatur,
884 2311 1018 2395 inquirit.
1065 2332 1177 2393 corpus
1200 2314 1289 2378 euim.

98 2437 123 2472 rr
150 2418 232 2499 quod
255 2416 338 2482 cruci
373 2415 553 2495 adfixerant,
586 2423 765 2481 contuentes
799 2422 982 2496 potestatem
1017 2416 1138 2486 enimae.
1170 2437 1236 2500 quta
1257 2437 1286 2481 se

150 2519 248 2604 signis
272 2527 302 2585 et
324 2519 415 2585 sactis
438 2521 530 2585 dcuru
555 2522 747 2601 probaueret‚
772 2540 863 2584 nemo
886 2521 1054 2604 quaerebat.

194 2626 220 2689 t.
245 2624 313 2689 Iarn
336 2623 397 2701 illa,
413 2644 482 2707 quer
502 2632 658 2699 secuntur,
681 2623 753 2689 licet
767 2623 943 2689 communia
958 2624 1124 2689 uideantur
1139 2645 1207 2690 csse
1221 2644 1281 2690 auur

149 2729 269 2800 ceteris,
293 2741 398 2793 tamen
422 2728 517 2793 etiem
548 2749 603 2809 per
633 2748 703 2793 auru
736 2733 873 2809 tempore
904 2727 1058 2808 passionis
1083 2729 1187 2793 omnia
1209 2729 1281 2793 dicta

148 2841 299 2916 gestaque
323 2839 402 2897 sunt.
448 2831 622 2896 clumeui
647 2833 693 2896 ad
718 2843 762 2908 ῖθ,
786 2832 953 2910 dominc,
976 2839 1015 2896 et
1048 2833 1150 2897 dixi:
1181 2840 1218 2897 tu
1244 2850 1279 2895 es

96 2956 122 2992 π
149 2956 241 3016 spes
272 2956 363 3010 ruee,
386 2936 528 3017 'portio
558 2931 642 3000 me'a
665 2937 703 2999 in
727 2943 835 3000 terra
869 2936 1109 3001 uiuentium.
1154 2936 1277 3002 clamans

148 3040 238 3105 dixit:
270 3045 310 3104 tu
333 3060 374 3105 es
397 3059 489 3121 spes
513 3060 607 3116 mea,
642 3059 713 3105 curn
738 3040 795 3104 ait:
829 3046 953 3119 pater,
985 3041 1219 3105 commendo
1244 3037 1273 3100 in

148 3164 287 3209 manue
319 3150 408 3209 tues
439 3144 631 3224 spiritum
662 3163 795 3209 meum.
840 3164 913 3224 pars
937 3144 1002 3208 eius
1026 3143 1057 3207 in
1082 3150 1163 3209 terra
1184 3143 1271 3208 uiuen

147 3247 224 3313 tiurn
246 3255 301 3323 θεῖ,
325 3266 394 3312 cum
420 3247 527 3312 latroni
551 3248 600 3312 die
624 3248 733 3313 cedern
763 3247 929 3314 incolatum
959 3247 1098 3328 paradisi
1131 3244 1268 3329 promittit

190 3423 224 3476 ee
244 3422 308 3476 uuo.
328 3423 428 3489 xxm,
446 3423 490 3475 re.

273 3571 286 3597 u

192 3615 295 3680 lneqe
315 3613 340 3664 G
392 3614 409 3664 3
427 3612 500 3681 perit
520 3612 546 3664 G
562 3612 648 3681 periit
665 3612 722 3665 RE
771 3611 890 3666 datiam
908 3611 979 3665 ittud
999 3611 1056 3665 GE
1071 3612 1142 3666 illud
1160 3603 1263 3666 etrmss

145 3702 260 3753 Snemo
278 3699 399 3753 enimam
420 3699 471 3752 GR
494 3699 614 3752 animam
633 3716 714 3753 nemo
733 3699 761 3752 E
811 3700 891 3752 aerbo
910 3697 1007 3767 perid
1026 3699 1101 3753 enim
1120 3728 1154 3737 —
1170 3691 1264 3766 requirit

146 3787 258 3840 amicire
276 3789 378 3840 uidetur
398 3787 423 3839 G
475 3788 492 3839 9
519 3791 548 3841 et
566 3803 647 3839 uerno
672 3786 816 3855 cognoscit
837 3785 876 3839 Ge
899 3790 928 3839 at
950 3802 1032 3839 nemo
1051 3785 1171 3840 animam
1187 3796 1265 3852 cogno

145 3873 199 3927 seit
212 3874 252 3926 Ro
308 3876 339 3927 10
358 3873 513 3943 respirasse
535 3874 560 3926 G
578 3872 744 3941 respiciente
762 3891 776 3926 e
792 3870 1008 3942 perspiciciante
1027 3872 1054 3925 R
1071 3862 1266 3942 pompinium

145 3961 178 4011 13
196 3959 364 4013 seecundum
375 3960 400 4012 R
454 3963 487 4014 ts
505 3960 640 4014 ιιίεῖθῖθιιι
659 3961 687 4011 Ε
702 3959 850 4014 εθτίῖθῖθω
860 3959 886 4011 R
937 3960 973 4013 tto
991 3975 1046 4026 qua
1059 3975 1089 4012 ιθ
1107 3963 1174 4014 coni.
1190 3953 1269 4012 neret

145 4047 173 4097 r'n
190 4048 250 4098 adn.
303 4048 336 4100 nt
357 4049 435 4115 ‘pbat
453 4048 480 4100 R
532 4048 566 4100 29
583 4052 719 4115 sequntur
737 4048 763 4101 R
789 4047 823 4116 cs.
844 4047 926 4100 Accd.
950 4065 977 4117 p.
998 4045 1039 4099 23
1090 4048 1128 4102 24
1146 4046 1171 4102 ἅ
1186 4041 1272 4100 dixifl

144 4130 242 4184 dixiE
291 4134 325 4187 26
343 4133 435 4200 portio
453 4134 688 4204 mearam-eccli
740 4136 776 4187 28
793 4132 926 4188 eaderrffl
943 4132 1081 4187 eodemE
1133 4128 1274 4204 paradisii}

145 4218 274 4286 paradysi
293 4219 325 4272 R.
