2790 4844
415 267 595 314 tractatus
620 260 654 313 in
679 261 850 328 psalmum
875 261 958 315 LVII.
1193 261 1253 324 177

121 451 217 516 sicut
239 450 401 530 aspidis
425 452 556 515 surda
580 457 618 515 et
640 450 871 515 obturantis
895 473 1008 516 aures
1033 473 1139 516 suas:
1172 472 1254 536 quse

121 574 182 618 non
201 554 370 619 exaudit
388 574 522 620 uocem
548 554 857 627 incantantium,
880 556 1168 620 medicamenti
1185 576 1254 621 me-

119 659 235 723 dicati
252 658 485 739 asapieute.
509 678 569 723 uon
586 665 748 723 excusatur
764 661 906 741 quaedam
923 661 1091 725 necessitas
1108 659 1254 724 naturalis

116 764 140 827 iu
163 763 304 829 crimine.
349 782 423 826 uam
446 781 575 845 serpens
590 762 739 826 innocens
756 782 823 828 esse
839 764 997 844 potuisset,
1021 765 1069 828 oui
1086 784 1177 829 aurea
1201 785 1254 846 per

116 888 143 933 se
165 877 197 932 ut
221 868 324 934 surdae
346 867 409 931 siut
432 867 646 945 obstruuntur3
669 886 841 951 uocemque
863 867 1048 933 incantantis
1072 888 1133 932 non
1159 869 1251 944 audit,
1294 896 1306 930 s

115 992 177 1037 cum
203 971 360 1038 medioata
382 971 592 1040 medicamina
614 992 634 1036 a
656 972 796 1054 sapiente
819 992 881 1036 nou
898 972 1036 1054 percipit,
1083 993 1186 1056 neque
1201 971 1251 1037 hic

115 1076 288 1142 Marsorum
311 1082 421 1140 cantus
445 1081 476 1140 et
491 1076 651 1156 consopita
673 1076 848 1156 ciperanum
873 1075 963 1140 sibila
986 1083 1148 1153 memorat,
1181 1077 1252 1160 quia

114 1181 177 1246 hac
200 1181 312 1246 eadem
336 1182 455 1244 maiore
478 1200 548 1264 cum
572 1179 682 1244 inertia
712 1199 767 1260 per
801 1180 894 1244 fidem
929 1180 1064 1245 nominis
1088 1181 1136 1245 dei
1162 1181 1253 1245 uirtu-

113 1294 237 1368 temque
261 1289 456 1365 torpesount;
490 1284 546 1349 sed
579 1282 664 1347 iiiam
698 1290 913 1348 contumacem
944 1291 1037 1367 atque
1067 1284 1250 1350 insolentem

112 1389 226 1473 antiqui
272 1388 428 1473 serpentis
465 1387 716 1452 inobendientiam
755 1388 845 1452 docet
881 1390 1030 1454 aduersus
1076 1395 1253 1453 sauctorum
1283 1413 1307 1448 ιο

111 1500 219 1559 cantus
243 1499 274 1557 et
296 1493 452 1557 medicata
475 1511 493 1555 a
516 1492 656 1572 sapiente
686 1492 893 1556 medicamina
914 1475 1181 1571 obsurdescentie;
1205 1493 1250 1558 cui

110 1599 166 1663 etsi
186 1598 310 1672 cotidie,
333 1616 373 1660 ne
397 1596 493 1671 fatiat,
516 1616 556 1660 ue
572 1595 725 1676 subrepat,
749 1617 788 1660 ne
805 1599 954 1668 mordeat,
968 1598 1063 1662 etiam
1079 1598 1136 1661 sub
1153 1597 1248 1662 diuini

110 1702 246 1766 nominis
262 1701 495 1767 denuntiatione
509 1700 682 1776 mandetur,
699 1708 802 1765 tamen
819 1701 974 1766 obstructo
991 1702 1121 1767 desauit
1132 1702 1253 1778 auditu;

109 1828 145 1872 ex
169 1826 232 1890 quo
256 1825 316 1869 nou
340 1805 532 1869 oboedientes
556 1803 718 1888 euangelio
742 1805 825 1869 natio
848 1806 1025 1887 uiperarum
1049 1812 1128 1870 sunt.

151 1913 182 1976 4.
207 1910 270 1975 Sed
294 1909 367 1993 quia
388 1915 526 1989 potestas
549 1908 614 1973 eius
638 1927 825 1992 suorumque
849 1910 1016 1974 conteritur
1039 1918 1069 1974 et
1091 1910 1196 1974 omnia
1220 1911 1250 1974 in
1279 1933 1305 1969 re

107 2016 156 2080 fris
180 2015 310 2079 saeuitia
333 2033 421 2077 arma
443 2013 634 2096 franguntur,
659 2012 725 2076 bae
760 2013 882 2077 subdite
915 2024 1002 2077 sunt:
1038 2014 1136 2078 deus
1166 2035 1253 2079 con·

105 2119 239 2184 teruit
262 2119 408 2183 dentes
432 2137 568 2181 eorum
592 2117 630 2181 in
653 2137 721 2181 ore
740 2116 929 2196 ipsorum,
949 2117 1252 2183 rnolasleonum

103 2222 322 2307 confregit
345 2221 541 2286 dominus.
587 2228 834 2303 spernentur
859 2222 968 2286 uelut
992 2242 1093 2305 aqua
1116 2224 1251 2289 decur-

102 2347 220 2394 rens:
256 2326 444 2390 intendet
482 2345 619 2389 arcum
654 2345 777 2402 suum,
813 2326 940 2390 donec
974 2325 1250 2391 infirmentur.

101 2434 219 2498 sicut
256 2450 351 2495 cera
391 2429 619 2511 liquefacta
664 2430 921 2494 auferentur:
968 2431 1252 2511 supercecidit
1280 2452 1306 2487 πο

99 2536 223 2621 ignis
247 2541 382 2599 etnou
418 2534 611 2598 uiderunt
644 2532 779 2597 solem.
826 2534 864 2598 de
887 2540 1081 2614 peccatomm
1107 2535 1250 2600 dentibus

99 2656 132 2707 et
168 2638 264 2704 molis
299 2638 423 2703 ieonum
457 2637 635 2721 frequenter
669 2636 757 2701 nobis
792 2636 848 2701 fuit
882 2657 992 2716 senne,
1031 2639 1102 2722 quia
1137 2640 1167 2703 in
1202 2637 1251 2702 his

98 2744 308 2812 desaeuientis
355 2741 556 2826 malignitatis
604 2739 798 2824 significatur
845 2742 1017 2807 instinctus.
1077 2741 1126 2806 his
1176 2762 1251 2825 ergo

152 2924 164 2972 l
190 2877 291 2986 aspidi.
312 2918 338 2969 11
391 2923 417 2968 et
446 2916 602 2969 obturantis
630 2934 660 2968 er
687 2922 714 2968 ct
741 2917 893 2970 abiurantis
923 2918 947 2969 u
974 2918 1021 2998 ebt
1047 2920 1208 2972 obturantes
1235 2918 1257 2969 Γ

95 3034 120 3084 ‘l
136 3026 274 3080 exaudiet
283 3026 362 3078 Vre*
412 3024 607 3078 medicamenti
620 3023 745 3076 meditati
759 3022 918 3088 (dicaurenti
928 3040 972 3076 me
981 3043 1037 3093 sap.
1050 3026 1096 3076 lin,
1109 3026 1168 3076 odd.
1179 3042 1211 3076 m.
1225 3022 1254 3089 2)

107 3116 133 3167 Γ
165 3111 378 3166 medicamentis
407 3110 537 3164 medicati
568 3111 612 3162 Pa
677 3114 693 3162 1
718 3128 780 3162 nam
812 3129 859 3162 ont.
900 3112 920 3162 Γ
982 3113 1184 3178 duocemquae
1222 3107 1255 3161 Γι

98 3205 119 3254 ‘a'
141 3216 300 3253 manorum
313 3198 556 3252 RPl'sanotorum
574 3197 596 3248 Γ
647 3197 778 3265 consopia
796 3198 818 3248 Γ
868 3197 949 3251 eibita
968 3202 1093 3250 menorat
1112 3198 1132 3250 Γ
1183 3195 1252 3249 8ch

97 3308 184 3359 gaspar.
202 3305 250 3338 scr·
268 3305 301 3338 m.
323 3287 337 3338 1
357 3286 382 3337 11
434 3285 487 3336 iffi
496 3284 587 3337 mertia
606 3282 625 3347 (i
645 3286 670 3336 in
689 3302 743 3337 rna,
761 3303 777 3334 u
797 3303 829 3336 rn.
850 3281 878 3348 2)
901 3283 924 3334 f'
939 3283 1052 3337 intertia
1073 3285 1095 3334 Γ
1110 3283 1216 3337 euertia
1233 3303 1252 3333 α

98 3372 225 3441 energia
252 3375 289 3426 ed.
308 3373 394 3425 Busil.
415 3371 497 3434 1550,
515 3373 561 3422 sed
577 3371 612 3439 cf.
637 3371 730 3422 lteued.
759 3372 784 3422 in
813 3372 874 3422 adn.
928 3374 944 3421 9
970 3369 1020 3423 illd
1046 3372 1068 3422 Γ
1084 3373 1110 3423 in
1131 3371 1208 3423 illam
1229 3371 1253 3421 P

100 3464 203 3529 adque
235 3460 258 3511 Γ
309 3462 343 3513 10
361 3464 502 3526 serpentes
537 3456 569 3508 Γ1
623 3458 770 3510 aduersum
800 3457 878 3508 Wla'
941 3460 1006 3510 lla
1033 3460 1092 3509 odd.
1121 3477 1153 3509 rn.
1182 3460 1201 3508 ·.)
1235 3458 1258 3509 Γ

100 3545 339 3612 obsurdescentes
356 3547 380 3598 R
433 3544 477 3598 cui
496 3545 548 3597 etsi
566 3547 665 3615 scripsi,
684 3544 728 3596 cui
747 3548 775 3596 et
788 3545 884 3597 licum
903 3544 928 3598 ei
946 3544 1045 3596 ΓΡΤΕ
1098 3546 1130 3598 13
1148 3544 1253 3596 denun-

102 3631 490 3691 ciscioneadenuntiatione
503 3631 527 3681 P
576 3631 724 3683 mandatur
740 3631 765 3682 T
816 3637 907 3684 tamen
926 3633 1019 3700 scripsi
1036 3631 1061 3683 ei
1080 3637 1172 3683 tamen
1186 3632 1209 3683 lt
1227 3642 1255 3684 et

102 3730 207 3777 tamen
222 3721 267 3773 rel.
281 3721 348 3775 libri.
363 3719 398 3783 cs.
414 3737 478 3789 qima
491 3719 546 3771 dixi
560 3720 631 3770 stud.
649 3716 721 3771 1889
728 3736 754 3787 p.
765 3717 820 3769 :tlt
874 3718 997 3771 desueuit
1007 3736 1037 3769 cn
1047 3718 1143 3771 desaut
1153 3717 1216 3769 aa?
1231 3718 1254 3770 Γ

102 3807 202 3864 aditui
227 3807 249 3857 Γ
301 3809 334 3860 14
352 3805 516 3874 euuangelio
543 3804 589 3857 VR
642 3805 700 3858 nati
724 3805 882 3872 uiperarurn
904 3805 969 3855 inu
1023 3807 1057 3858 15
1075 3805 1124 3858 ead
1152 3823 1200 3857 nin
1228 3807 1253 3856 ft

103 3899 264 3967 potantes
288 3893 312 3946 V
362 3909 475 3946 suorum
503 3891 526 3944 Γ
577 3893 609 3944 ld
627 3891 741 3944 seuitiae
768 3892 790 3942 Γ
840 3891 978 3944 conteruit
1004 3891 1031 3957 Γ,
1058 3894 1092 3958 cf.
1122 3892 1151 3942 1³.
1181 3892 1254 3944 Neue

105 3983 243 4038 earm
262 3981 300 4041 11,
319 3979 382 4044 ⁴88,
401 3979 534 4033 contriuit
552 3980 598 4032 rel.
617 3980 677 4031 iibri
730 3981 763 4032 te
782 3978 918 4046 confregit
938 3978 972 4030 ds
989 3979 1011 4030 Γ
1061 3978 1211 4031 decurrens
1224 3997 1253 4030 ex

102 4073 263 4127 decurrens
282 4066 384 4120 ΜΓ
436 4069 468 4120 19
486 4065 632 4120 intendent
649 4065 712 4116 ΓΡα
731 4065 850 4118 intendit
864 4067 886 4117 11
939 4081 1032 4117 arcum
1052 4085 1082 4117 er
1100 4065 1163 4118 erce
1183 4066 1254 4117 na?

110 4161 135 4211 Γ
191 4157 223 4209 91
246 4154 280 4207 de
298 4153 491 4223 peccatoribus
509 4153 639 4208 dentibus
651 4154 674 4204 11
726 4154 761 4206 22
779 4159 807 4205 et
819 4172 876 4221 sup.
889 4154 1033 4204 limum?
1050 4153 1072 4204 Γ
1124 4153 1209 4206 molas
1231 4153 1254 4203 11

100 4249 139 4301 23
159 4242 355 4296 denuntiantes
377 4240 401 4292 i’
415 4239 597 4294 deeeeuientis
617 4268 649 4277 -
669 4237 841 4307 significatur
860 4258 932 4308 supr.
950 4240 1010 4292 add.
1031 4259 1063 4292 m.
1083 4243 1102 4290 :1
1130 4239 1155 4292 Γ.

162 4363 239 4404 xxrr.
253 4362 325 4402 arur.
340 4361 398 4400 mea
413 4370 463 4409 μη
477 4360 496 4401 1.
1068 4345 1100 4397 12
