2790 4844
148 245 211 310 726
490 243 608 297 sancti
633 241 767 296 Hilarii
792 239 955 308 episcopi

191 437 219 500 lt.
243 434 371 515 Super
393 433 566 498 flumina
591 431 815 517 Babylonis
839 431 929 498 illio
961 432 1151 498 sedimus
1177 434 1302 499 etsie

148 541 286 617 nimus,
322 540 409 602 dum
444 538 753 603 recordaremur
789 535 893 602 Sion.
946 538 983 602 iu
1018 535 1235 603 salicibus
1267 539 1300 602 in

149 644 279 709 medio
318 643 405 707 eius
442 642 730 723 suspendimus
768 660 920 725 organa
957 647 1108 706 nostra.
1174 641 1300 708 affectus

148 746 278 813 humaui
302 766 410 812 seusus
433 747 491 812 ists
507 753 562 823 est,
584 751 619 811 ut
634 746 714 810 iuter
729 746 856 811 iniurias
872 746 1072 826 presentium
1088 745 1298 812 calamitatum

108 878 123 915 a
149 853 188 917 ad
212 852 436 932 praedarum
471 851 619 916 bonorum
642 850 888 915 recordationem
909 849 1114 933 ingemescat
1163 860 1297 916 mntem·

149 956 272 1037 plemur
301 956 382 1021 enim
418 955 521 1019 animo
555 965 678 1036 captam
714 953 920 1031 Hierusalem,
954 954 1129 1019 semieutes
1167 955 1298 1020 dominis

149 1059 319 1127 uictoribus
353 1079 461 1144 reges,
500 1058 639 1124 subditos
673 1057 862 1124 antistitibus
899 1056 1060 1142 gentilium
1099 1059 1295 1141 impietatum

150 1165 334 1241 sacerdotes,
357 1170 495 1244 ereptum
520 1164 663 1228 omuibus
682 1163 729 1228 ius
747 1162 944 1238 matrimonii,
967 1161 1161 1228 substratum
1179 1163 1295 1228 libidini

151 1266 390 1351 Babyloniorum
414 1273 513 1348 captae
537 1267 722 1352 uirginitatis
744 1266 904 1349 pudorem,
923 1272 955 1331 et
977 1287 1015 1332 ex
1036 1266 1161 1349 gemitu
1185 1287 1295 1338 eanum,

100 1396 127 1433 ιο
152 1372 204 1455 qui
228 1372 401 1452 perpessuri
424 1372 484 1437 ista
506 1377 599 1448 eraut,
633 1371 843 1453 proclamasse
866 1369 962 1455 digne
983 1370 1172 1451 prophetam
1198 1370 1294 1437 eristi·

152 1476 322 1540 mabimus:
346 1496 468 1556 super
491 1475 663 1541 slu'mina
687 1475 912 1560 Babylonis
941 1472 1031 1540 illic
1053 1475 1239 1540 sedimus
1262 1482 1296 1540 et

152 1578 355 1658 sleuimus,
378 1580 467 1644 dum
490 1580 803 1645 recordaremur
827 1579 930 1645 Sion.

195 1735 224 1798 5.
249 1736 311 1801 Sed
335 1737 407 1820 quia
430 1734 504 1801 Sion
527 1735 579 1801 illa
600 1744 726 1801 eternas
749 1735 948 1801 beatitudiuis
964 1735 1046 1801 sedis
1062 1743 1118 1812 est
1144 1744 1177 1800 et
1200 1743 1293 1800 mater

151 1839 283 1905 caelestis
308 1839 395 1905 nobis
411 1839 605 1905 Hierusalem
630 1847 684 1919 est
705 1840 913 1924 frequentium
930 1837 1113 1924 angelorum
1137 1848 1168 1905 et
1191 1841 1292 1921 primi·

99 1968 124 2005 a
152 1944 284 2008 tinorum
307 1946 339 2008 in
363 1943 445 2009 caelis
469 1944 713 2024 conscriptorum
737 1945 846 2010 ciuitas
876 1950 990 2020 sancta,
1026 1950 1057 2008 et
1079 1941 1131 2008 illa
1158 1943 1289 2028 Babylon

151 2048 261 2113 eiuitas
283 2047 473 2114 confusionis
508 2055 539 2113 et
571 2048 779 2115 inrationabili
813 2055 898 2113 motu
931 2048 1116 2125 turbulenta,
1151 2068 1228 2133 quae.
1260 2058 1291 2112 ut

152 2151 283 2217 Genesis
318 2153 415 2229 docet,
439 2174 457 2217 a
479 2153 673 2218 confusarum
705 2152 882 2237 liuguamm
913 2151 1091 2217 bominibus
1120 2158 1289 2232 nuncupata

151 2256 290 2342 Babylon
314 2264 363 2322 est
386 2295 426 2303 —
450 2255 511 2322 illio
534 2259 616 2322 enim
642 2257 726 2341 loqui
755 2258 970 2322 uniuersarum
1001 2258 1142 2341 gentium
1174 2257 1286 2341 linguis

151 2380 323 2426 cumanus
346 2362 483 2425 omnium
513 2368 596 2427 esset
618 2381 728 2438 sermo,
763 2368 931 2443 ooeperunt,
956 2368 986 2426 et
1008 2361 1111 2442 ipsum
1134 2359 1209 2426 illud
1231 2360 1284 2424 Bn-

99 2485 125 2523 a
152 2464 273 2548 bylonis
295 2464 476 2530 uocabulum
507 2465 792 2547 interpretationem
814 2465 911 2531 babet
933 2465 1123 2530 reclusionis
1147 2503 1188 2511 —
1210 2464 1282 2548 quis

151 2571 221 2653 quis
255 2589 331 2654 ergo
362 2569 394 2634 in
428 2570 558 2635 crimine
592 2570 683 2651 primi
714 2570 849 2651 parentis
873 2572 952 2635 Adae
975 2570 1099 2635 exulem
1121 2589 1156 2635 se
1179 2569 1276 2634 saeba

150 2672 230 2738 illius
254 2673 326 2738 Sion
358 2673 576 2751 recordabitur,
611 2674 642 2738 iu
677 2694 738 2759 qua
771 2675 837 2739 siue
871 2674 1045 2756 eupiditate,
1081 2674 1148 2740 siue
1179 2671 1273 2738 dolore.

150 2778 217 2844 s'iue
241 2784 332 2855 metu,
367 2779 433 2843 siue
468 2778 598 2843 crimine
632 2781 693 2843 uita
725 2785 779 2856 est,
804 2786 835 2843 et
858 2778 1004 2844 nuditum
1029 2798 1064 2844 se
1088 2777 1195 2844 saeculo
1215 2792 1270 2839 eon·

150 2880 278 2946 fusionis
295 2882 385 2947 buius
400 2888 559 2966 tamquam
576 2882 732 2966 Babyloni,
745 2883 890 2949 traditum
903 2883 1032 2964 corpori,
1049 2883 1132 2966 quod
1148 2881 1265 2946 uitiorun

97 3003 123 3042 a
150 2992 181 3051 et
214 2987 437 3066 adpetitionum
472 2994 503 3051 et
537 2987 736 3068 cupiditatum
775 2987 1004 3069 perturbatione
1042 2986 1198 3052 confusum
1224 2985 1263 3044 cst

149 3096 234 3155 recte
257 3096 286 3154 et
306 3090 372 3170 ipse
388 3090 567 3172 spiritaliter
582 3092 718 3173 captiuus
734 3091 951 3174 proclamabit:
976 3111 1099 3172 super
1122 3087 1261 3156 slumiut

197 3299 355 3353 lfleuimus
374 3318 404 3353 er
422 3299 548 3354 flebimus
568 3302 593 3353 P
642 3301 743 3354 Bdum
763 3302 802 3354 Re
819 3302 854 3371 cf.
882 3302 1002 3354 Sedabo
1031 3301 1070 3366 Il,
1098 3299 1155 3354 265
1180 3297 1227 3348 eda.
1243 3296 1259 3338 d

150 3388 195 3439 lia.
210 3385 247 3439 12
256 3404 320 3440 eum
332 3386 398 3439 PTd
441 3387 658 3441 Sreoordatione
673 3389 698 3441 G
751 3370 1260 3457 ingemescat(1'RP¹iupemircatP'TE

149 3476 293 3542 deaptam
326 3474 390 3527 GPe
420 3479 502 3543 capta
531 3475 598 3528 BTb
657 3474 804 3529 seruientia
832 3472 866 3541 (1)
897 3473 922 3527 G
981 3475 1182 3529 7antistitibur
1207 3456 1267 3520 ΟΡΓ4

149 3560 334 3614 antistans
387 3560 586 3628 astoer-uota,
605 3561 944 3629 ereptumGRTEom.P
995 3542 1261 3616 substernerent

149 3648 301 3701 substratas
320 3646 356 3715 (1)
376 3644 413 3701 P·
465 3647 696 3715 Bbabylloniord
716 3650 742 3701 P
793 3651 827 3703 10
844 3647 945 3715 dignae
963 3648 990 3702 R
1045 3652 1075 3702 ll
1095 3632 1262 3718 babyllonisG

461 3745 476 3772 u

148 3784 330 3839 babilonisT
382 3787 483 3840 sedims
504 3787 529 3838 G
583 3788 615 3840 la
633 3788 700 3840 dum
720 3787 746 3839 G
764 3803 827 3841 cum
845 3787 951 3840 RTPE
1002 3789 1036 3841 13
1054 3787 1130 3843 sedis
1154 3784 1188 3841 R¹
1209 3779 1266 3838 stadt¹

150 3869 240 3924 R'PT
294 3875 326 3928 tt
343 3873 511 3928 hierusalem
539 3873 696 3940 (ierusalem
724 3873 760 3942 R)
787 3879 829 3928 est
856 3871 882 3940 (e
902 3873 937 3941 P)
962 3873 1016 3928 BP
1040 3873 1205 3929 hierusalem
1227 3876 1270 3925 ae

149 3957 295 4012 ierusalem
306 3961 345 4011 tu
401 3964 432 4014 16
450 3961 548 4015 ciuitas
567 3966 665 4015 saneta
682 3967 711 4015 et
723 3960 918 4015 illaReiuitaa
936 3966 1035 4015 saneta
1052 3967 1096 4016 est
1114 3968 1144 4016 et
1160 3961 1208 4016 ila
1217 3953 1275 4014 PTE
1329 4028 1331 4033 Ι

149 4044 183 4101 16
196 4046 295 4100 ciuitas
313 4047 483 4102 contusionis
501 4054 529 4101 et
547 4067 559 4101 e
577 4048 677 4102 ciuitas
690 4048 791 4102 ciuitas
803 4047 972 4102 confusionis
984 4052 1012 4101 et
1026 4049 1052 4101 R
1066 4049 1168 4104 ciuitas
1180 4045 1279 4104 earu

150 4136 183 4188 19
201 4140 275 4187 esset
284 4150 374 4187 sermo
385 4135 439 4187 RE
446 4151 535 4189 sermo
546 4142 618 4189 esset
628 4136 678 4188 Vr
729 4133 1010 4204 ipsum-2-(eruadil
1022 4135 1048 4189 B
1103 4138 1135 4191 at
1157 4137 1284 4192 suzam

147 4223 225 4283 teus.
246 4218 271 4287 c)
290 4221 316 4272 B
368 4223 403 4274 24
419 4221 550 4290 babyloni
569 4223 610 4275 Rd
627 4223 748 4291 babylon
767 4222 817 4274 Fr
833 4221 998 4290 babylonico
1017 4239 1038 4276 e.
