2790 4844
359 256 539 305 tractatus
558 253 592 304 in
610 254 781 320 psalmum
799 252 895 306 LXVI.
1136 251 1198 316 273

116 441 138 504 5.
157 443 242 508 Hanc
266 450 368 507 autem
392 462 515 507 omnem
538 441 750 523 propheticam
773 450 865 525 atque
896 442 1093 523 apostolicam
1125 444 1198 508 doc·

80 539 170 611 trinam
193 567 322 612 necesse
353 554 400 612 est
430 547 582 612 confessio
612 547 791 627 populorum
814 554 845 611 et
867 547 1066 611 remissorum
1090 567 1197 628 pecca-

79 647 158 715 lorum
173 650 281 717 laetitia
292 658 534 734 consequantur:
556 671 657 734 neque
669 650 768 715 solum
780 659 977 731 peccatorum
988 653 1197 726 remissorum,

80 752 124 815 sod
142 757 219 838 quod
242 775 321 832 cum,
344 755 395 838 qui
420 762 544 835 peccata
559 754 719 831 remiserit,
742 744 895 838 {equitatis
912 755 1047 819 futurum
1062 755 1198 820 iudicem

80 853 164 936 Sciant
187 861 270 944 quod
293 880 348 940 per
371 879 440 924 eum
463 860 495 923 in
517 859 600 924 uiam
623 859 693 923 uitae
716 879 824 923 omnes
840 868 950 942 gentes
969 872 1085 924 terram
1108 858 1196 923 inho·
1239 885 1252 921 e

79 950 191 1028 litantes
215 964 388 1048 dirigantur
409 962 514 1028 relicto
537 963 687 1028 idolorum
710 983 812 1028 errore
843 965 883 1028 ad
914 963 1122 1047 cognitionem
1145 963 1195 1028 dei

80 1066 193 1133 eruditae.
228 1067 342 1134 idcirco
366 1067 433 1132 haec
454 1074 613 1132 secuntur:
644 1067 926 1132 confiteantur
950 1068 1025 1132 tibi
1049 1066 1198 1148 populi,

80 1161 163 1247 deus,
187 1172 468 1237 confiteantur
491 1170 730 1252 tibi-populi
764 1191 908 1236 omnes.
953 1171 1141 1236 laetentur
1163 1181 1200 1236 et

79 1276 243 1341 exultent
280 1284 440 1360 gantae,
478 1276 664 1359 quoniam
702 1276 910 1340 iudicabis
950 1274 1117 1356 populos
1159 1276 1198 1339 in

77 1380 253 1462 equitate
276 1386 314 1444 et
337 1389 482 1463 gentes
506 1380 542 1443 in
567 1389 718 1444 terram
742 1380 908 1463 diriges.
930 1399 1002 1445 cum
1015 1379 1198 1445 confitentur
1227 1405 1251 1441 ιο

72 1482 171 1563 populi,
194 1484 351 1566 designari
374 1484 519 1547 uidentur
542 1503 578 1547 er
601 1483 740 1549 tribubus
765 1484 928 1548 duodecim
958 1483 1008 1548 uel
1038 1484 1200 1549 credentes

69 1586 111 1651 nel
133 1588 288 1652 credituri.
333 1607 403 1653 cum
427 1588 612 1679 confitentur
635 1586 738 1668 populi
761 1608 877 1665 omnes
901 1587 1037 1667 exceptio
1060 1587 1143 1652 nulla
1166 1587 1201 1651 tit

64 1693 207 1776 gentium.
255 1711 326 1755 curn
348 1690 493 1756 laetantur
515 1697 546 1756 et
568 1691 704 1756 exultant
727 1700 844 1776 gentes,
875 1690 1019 1774 quoniam
1051 1693 1199 1757 iudicabit

61 1795 187 1876 populos
209 1797 241 1861 in
265 1798 409 1879 aequitate
433 1806 464 1861 et
485 1806 595 1880 gentes
618 1797 649 1860 in
674 1803 788 1861 terram
811 1796 932 1879 diriget,
963 1816 1057 1861 causa
1086 1795 1199 1861 fetide

59 1921 95 1965 ex
129 1920 184 1981 spe
219 1901 323 1965 iudicii
357 1900 464 1965 aeterni
499 1909 529 1965 et
562 1900 749 1964 directarum
778 1900 812 1963 in
841 1900 926 1964 uiam
955 1901 1026 1964 uitae
1056 1901 1197 1985 gentium
1227 1923 1252 1959 m

56 2004 251 2085 praedicatur.

102 2124 132 2188 6.
157 2124 333 2190 interiectio
367 2123 529 2205 diapsalmi
563 2125 685 2189 uidetur
719 2124 770 2190 hic
804 2124 879 2189 nihil
912 2125 1088 2202 incohasse,
1126 2146 1198 2191 cum

55 2229 233 2310 praesertim
255 2230 312 2294 sub
334 2228 435 2293 isdem
451 2227 555 2293 uerbis
570 2247 679 2293 sensus
696 2228 822 2293 iteratus
838 2229 893 2292 sit:
918 2229 1015 2293 conf
1019 2229 1127 2294 itean
1139 2236 1201 2293 tur

55 2333 135 2399 tibi
159 2331 305 2416 populi,
330 2332 436 2407 deus,
469 2330 755 2396 confiteantur
789 2332 865 2395 tibi
889 2331 1030 2413 populi
1053 2352 1201 2397 omnes.

55 2440 115 2504 sed
138 2456 209 2502 cum
226 2436 374 2502 edicitur:
398 2445 508 2501 terre
531 2437 645 2501 dedit
667 2437 845 2501 fructum
869 2457 987 2513 suum,
1011 2436 1201 2521 intellegitur
1229 2456 1253 2494 n

55 2562 119 2607 non
154 2561 191 2606 er
224 2539 322 2605 nihilo
360 2542 541 2605 eorumdem
577 2542 739 2605 uerborum
775 2542 855 2605 facta
889 2561 958 2606 esse
991 2541 1138 2622 repetitio,
1174 2543 1200 2606 si

55 2660 164 2712 tamen
185 2645 320 2726 idipsum
352 2645 409 2709 sub
439 2645 540 2710 isdem
563 2645 668 2710 uerbis
699 2645 907 2730 significatum
937 2644 1116 2729 intellegere
1148 2647 1200 2709 de·

55 2753 196 2816 beamus.
240 2750 416 2814 inuenimus
450 2750 533 2814 enim
567 2751 790 2815 confessionem
833 2749 945 2833 duplici
979 2749 1097 2815 ratione
1131 2769 1200 2845 esse

55 2855 269 2920 tractandam:
293 2873 361 2918 esse
383 2874 477 2918 unam
501 2854 712 2919 confessorum
736 2861 938 2932 peccatorum,
961 2853 1015 2918 ubi
1031 2855 1062 2918 in
1079 2855 1201 2919 deserto

56 2957 200 3024 iordanis
222 2957 446 3022 confitebantur
468 2962 595 3037 peccata
617 2977 689 3036 sua3
723 2978 793 3022 esse
815 2957 907 3021 oliam
929 2957 1115 3022 laudationis
1141 2959 1200 3034 dei,
1229 2976 1253 3014 es

1299 605 1320 639 Q

103 3153 115 3202 l
137 3149 284 3218 profetiam
303 3148 393 3215 adque
417 3148 441 3200 V
491 3149 649 3201 2remissi0
674 3148 838 3217 populorum
864 3149 889 3202 V
912 3152 955 3218 quai
978 3159 1068 3218 posteo
1096 3167 1143 3201 om.
1172 3155 1201 3201 et

51 3255 238 3310 remissorum
261 3260 440 3321 peccatorum
493 3231 712 3307 &remissorum
730 3260 907 3321 peccatorum
918 3254 943 3305 P
953 3253 1200 3307 etzzremiesio
1277 3257 1278 3260 ’

51 3346 236 3412 peccatorum
264 3336 344 3401 (cros.
371 3339 433 3404 int)
462 3340 487 3391 R
539 3341 759 3407 deonsequetnr
792 3339 892 3391 VPTE
950 3343 1049 3393 deum
1076 3360 1106 3393 ee
1133 3338 1199 3394 soris

51 3451 85 3482 m.
107 3427 129 3480 ἑ)
151 3426 176 3479 V
224 3426 289 3479 hin
314 3426 361 3478 uia
379 3426 404 3478 R
456 3426 642 3480 inhabitantes
669 3445 699 3479 en
725 3425 881 3480 habitantes
910 3427 935 3478 P
986 3425 1157 3481 6relictorr‘1
1183 3427 1206 3478 V

49 3519 81 3570 in
112 3513 305 3583 cognitionem
329 3512 353 3566 V
408 3512 472 3567 'lid
489 3519 584 3582 seqtur
610 3514 633 3566 V
682 3515 750 3567 8ds
769 3507 868 3567 RPdi
892 3514 917 3567 V
966 3513 1106 3567 9iudioas
1126 3512 1203 3565 Pr‘u

51 3609 87 3659 10
107 3603 137 3656 in
167 3605 271 3654 terram
303 3599 366 3652 Vre
392 3600 426 3668 cf.
455 3601 574 3653 Sabaticr
601 3600 639 3663 II,
666 3600 723 3652 130
749 3600 779 3653 in
805 3607 880 3654 terra
909 3601 971 3653 PTt
1024 3600 1122 3667 dirigis
1152 3599 1202 3652 T¹c

51 3696 82 3746 ll
113 3705 150 3742 ex
178 3687 267 3740 tribus
291 3686 339 3739 VR
391 3686 432 3739 uel
451 3686 594 3741 credentes
612 3687 639 3740 R
694 3689 725 3739 13
743 3687 869 3740 exultent
895 3688 919 3738 Ρ
972 3690 1004 3741 14
1022 3687 1051 3739 in
1079 3695 1154 3741 terra
1180 3688 1204 3738 T

51 3782 85 3833 15
107 3784 137 3829 et
156 3773 251 3842 apcV
300 3771 469 3857 directarum
487 3771 530 3840 (ec
549 3776 574 3826 in
592 3771 656 3839 ros.)
676 3774 701 3825 P
716 3775 903 3827 rectarumV
955 3773 985 3827 17
1004 3773 1070 3827 hine
1088 3773 1159 3827 nihil
1181 3775 1205 3825 l'

50 3886 85 3937 18
107 3880 199 3934 isdem
226 3877 279 3930 ΗΡ
301 3874 410 3930 hisdem
432 3878 499 3931 VTa
552 3879 673 3932 itenetus
697 3877 732 3931 V¹
785 3881 820 3933 20
838 3879 922 3933 icitur
940 3879 966 3931 n
1018 3881 1052 3933 22
1071 3879 1158 3932 isdem
1179 3879 1204 3930 lt

46 3968 167 4024 hisdem
192 3964 240 4017 Vr·
291 3965 326 4017 23
344 3980 402 4017 esse
429 3965 603 4018 tractandam
628 3968 683 4028 (am
702 3984 732 4018 cs
751 3972 769 4019 u
787 3983 853 4018 corr.
873 3985 905 4019 en.
925 3965 955 4029 2)
980 3965 1005 4018 V
1027 3965 1202 4019 tractandam

45 4075 112 4113 esse
133 4053 188 4107 ΡΤ
188 4054 217 4104 Ε
266 4054 302 4107 24
318 4047 585 4106 ‘eemamnunam
604 4054 682 4105 PTE
733 4052 903 4107 confessione
923 4049 1091 4115 potionata
1106 4054 1203 4115 raso)

48 4148 76 4200 13
96 4142 141 4210 (h)
162 4141 200 4208 cs.
219 4141 304 4193 econ.
319 4158 348 4210 p.
365 4139 404 4193 59
455 4140 490 4193 25
508 4155 567 4192 esee
585 4157 633 4192 om.
659 4140 683 4192 V
732 4140 815 4193 aliam
843 4159 873 4192 ea·
899 4139 1001 4193 ucliam
1029 4159 1060 4193 ut.
1086 4140 1105 4190 2
1130 4138 1205 4209 Μ’,

47 4233 136 4288 (lomi
156 4248 186 4299 1³.
208 4226 253 4279 15.

103 4347 186 4392 xxrr.
200 4346 276 4387 arur.
290 4347 347 4386 esea
361 4357 412 4396 pn·
426 4347 445 4387 1.
1019 4334 1053 4388 le
