2790 4844
376 253 555 301 tractatus
581 246 615 299 in
640 248 811 314 psalmum
836 246 959 301 LXVIII.
1174 250 1236 329 337

51 438 229 502 oninium
255 437 484 502 liberandarum
509 457 633 502 sensum
659 443 857 526 mentemque
881 439 1069 522 significans,
1096 448 1136 517 ut,
1161 441 1235 505 dum

51 539 200 608 mlum
236 553 266 607 et
300 552 382 606 terra
412 547 442 606 et
477 561 559 605 mare
594 541 713 617 dicitur,
749 552 972 625 cognoscantur
1006 545 1130 608 dominu
1164 545 1235 610 lesu

51 643 215 710 Christo
239 646 374 712 caelestia
403 654 434 710 et
465 646 621 710 terrestria
651 653 682 710 et
703 645 825 709 inferna
847 665 929 730 genu
952 645 1085 712 flectere.
1129 648 1159 711 in
1185 647 1233 713 bie

54 748 185 826 enim,
209 771 277 834 qnae
300 752 331 814 in
357 750 431 814 mari
448 760 558 829 repunt
575 787 614 795 -
632 770 701 814 cum
726 750 878 814 tamenin
901 750 1088 834 aquatilibus
1112 763 1235 818 natatus

55 856 192 936 magis
208 857 246 920 sit
271 876 308 920 ex
324 862 431 919 natura
465 874 556 937 quam
580 854 678 938 reptio
695 891 735 899 -
752 875 797 930 ea,
818 875 885 937 quae
909 855 939 918 in
964 855 1092 920 infernis
1110 857 1234 939 degunt
1276 884 1288 920 a

61 954 246 1032 docentur,
270 978 340 1024 cum
365 959 549 1038 profundum
573 958 666 1021 maris
689 959 793 1022 sedem
819 957 1033 1042 intellegamus
1056 959 1177 1023 inferni.

144 1060 185 1126 29.
209 1062 340 1128 Causam
365 1069 475 1138 autem,
500 1082 553 1127 cur
575 1060 676 1126 adbuc
700 1061 807 1127 caelum
831 1074 861 1126 et
884 1074 966 1127 terra
989 1070 1019 1128 et
1041 1083 1128 1128 mare
1145 1066 1235 1129 deum

68 1156 201 1243 laudet,
225 1168 362 1232 ostendit
384 1167 508 1231 dicens:
544 1167 733 1249 quoniam
758 1166 944 1232 dominus
976 1166 1237 1233 saluificauit

73 1258 192 1336 Sion.
217 1280 255 1337 et
278 1271 598 1336 {edificabuntur
628 1271 826 1336 ciuitates
859 1271 973 1336 ludae.
1019 1276 1056 1335 et
1078 1271 1235 1337 inhabi-

76 1367 234 1441 tabunt
268 1376 305 1440 in
344 1397 386 1440 ea
420 1384 458 1440 et
495 1375 792 1440 hereditabunt
827 1383 987 1440 terram.
1033 1384 1071 1440 et
1101 1397 1234 1441 semen
1264 1402 1288 1439 ιο

78 1485 304 1544 sernorum
339 1481 426 1544 eius
460 1480 733 1560 possidebunt
766 1500 857 1545 eam.
889 1481 1022 1563 etqui
1053 1479 1235 1565 diligunt

80 1589 231 1650 11Omen
255 1584 342 1648 eius
366 1582 661 1648 inhabitabunt
683 1582 721 1645 in
747 1604 797 1647 ea.
836 1583 902 1647 laus
918 1585 1062 1648 uniuersa
1078 1604 1115 1648 er
1131 1604 1231 1648 rerum
1260 1637 1263 1646 .

84 1677 328 1753 admirabilitate
361 1687 570 1768 proficiscitur.
617 1696 680 1751 turn
716 1687 797 1752 enim
832 1686 946 1770 aliquid
980 1687 1071 1751 laude
1105 1689 1233 1772 dignum

87 1780 221 1871 uidetur,
262 1787 330 1858 cu'm
355 1812 441 1884 'opus
476 1791 575 1874 ipsum
609 1792 653 1855 ita
686 1791 883 1875 magnificum
921 1798 1012 1874 atque
1050 1791 1230 1872 praeclarum

10 1954 12 1967 Ι
89 1893 143 1959 est,
179 1904 212 1962 nt
245 1909 276 1961 et
310 1896 533 1977 prouidentiam
572 1915 607 1960 ac
646 1897 789 1960 uirtutem
824 1896 963 1978 gerentis
1005 1902 1034 1960 et
1074 1905 1231 1980 gestorum
1262 1920 1287 1957 ιι

91 1983 184 2064 dtens
206 2021 359 2084 usumque
383 2000 545 2065 contineat.
591 2000 674 2084 quod
690 2000 791 2084 itaque
807 2019 934 2065 sensum
950 2007 1040 2084 atque
1056 2001 1228 2081 opinionem

93 2086 206 2177 illgenii
230 2104 401 2170 communis
424 2102 561 2180 excellat,
587 2104 617 2167 id
640 2125 696 2185 per
719 2104 953 2168 admirationem
978 2105 1024 2168 sui
1046 2111 1179 2169 meretur
1201 2111 1233 2169 et

95 2188 225 2273 laudem:
256 2208 367 2274 caelum
397 2227 479 2292 ergo,
511 2208 592 2292 quod
623 2215 708 2273 tento
732 2223 839 2273 ornatu
863 2209 1049 2286 distinctum,
1081 2209 1229 2289 inpletum

10 2380 13 2385 ,
96 2312 143 2364 &Si
174 2318 332 2397 tantosque
370 2318 472 2377 motus
506 2320 597 2395 atque
635 2332 741 2377 cursus
784 2311 957 2378 incredibili
993 2313 1165 2377 constantia
1198 2334 1233 2376 ac

10 2480 15 2491 ,
97 2408 234 2482 uariante
257 2423 428 2493 conseruet,
451 2423 484 2480 ut
506 2436 620 2480 annum
655 2419 744 2483 inter.
770 2416 902 2481 hiemem
935 2416 1129 2500 caloremque
1152 2424 1231 2481 tem·
1260 2437 1285 2475 eo

10 2594 12 2598 .
98 2517 205 2585 berane
225 2521 365 2586 autumni
389 2530 418 2584 et
442 2521 521 2585 ueris
545 2521 732 2601 temporibus
757 2521 932 2586 moderetur
955 2531 985 2586 et
1015 2520 1118 2597 finiat3
1153 2532 1234 2584 terra

10 2664 17 2699 .;
97 2619 203 2689 aulem.
232 2645 302 2710 qnae
333 2625 473 2706 supernis
504 2625 679 2689 inumbrata
708 2626 826 2689 naturis
858 2624 906 2689 uel
936 2625 1087 2705 conplexa
1111 2625 1140 2687 in
1165 2644 1233 2689 sese

10 2768 16 2810 ς
96 2714 150 2780 ΠΘῙ
178 2737 315 2810 suscepta
349 2729 416 2795 sinu
451 2729 569 2794 semina
600 2742 630 2794 et
661 2730 814 2794 contineat
837 2738 868 2793 et
890 2728 950 2793 alat
974 2735 1003 2794 et
1026 2729 1180 2793 secundet.
1204 2734 1234 2793 et

10 2876 13 2881 -
96 2822 256 2898 se‘tnrtdnm
281 2833 518 2916 uniuscuiusque
542 2834 665 2917 generis
689 2841 828 2897 naturam
851 2853 940 2897 usum
962 2833 1139 2897 maturitate
1161 2851 1231 2897 con-

10 2972 22 3019 5
97 2920 216 3002 sOlidet:
251 2957 337 3002 mare
370 2944 482 3005 autem.
519 2938 610 3020 quod,
634 2938 704 3001 uitre
738 2944 850 3002 nostrae
885 2940 983 3009 modo,
1018 2957 1099 3002 nunc
1122 2935 1231 3001 hausto
1259 2954 1284 2992 ιο

98 3028 199 3104 8biritu
220 3062 300 3107 nunc
325 3040 426 3107 retuso
450 3041 603 3107 animetur
626 3050 656 3106 et
688 3049 811 3106 maneat
841 3049 987 3124 motuque
1017 3042 1049 3104 in
1079 3047 1164 3105 tanta
1186 3040 1232 3105 sui

16 3290 18 3294 ,
147 3225 267 3297 3gennm
303 3234 325 3284 l'
375 3235 436 3300 lq.
463 3235 524 3286 edd.
552 3251 585 3285 m.
610 3232 630 3284 2
654 3234 678 3285 l'
728 3233 757 3285 in
784 3233 990 3286 mari÷erunt
1020 3234 1095 3296 ΜΤ)
1149 3249 1232 3300 aqua·

106 3290 171 3366 liba,
193 3320 213 3370 l'
263 3324 374 3373 natatus
392 3338 421 3371 ee
440 3319 511 3372 natis
531 3319 556 3372 R
575 3323 703 3372 nataturo
722 3319 771 3371 1⁷!
789 3323 907 3372 natusa
961 3320 1024 3373 bin
1042 3319 1137 3372 inferis
1157 3319 1235 3371 ΡΤΕ

111 3401 292 3493 8intellegunt
317 3388 372 3476 Ψ.
404 3425 521 3476 icauna
539 3424 565 3474 It
618 3421 707 3475 adbuc
726 3438 775 3475 cur
796 3423 829 3474 i'e
882 3422 1031 3476 &laudent
1051 3424 1077 3474 E
1128 3421 1232 3476 saluifi-

115 3497 277 3564 r*botrium
328 3508 521 3564 eaedificauit
541 3509 573 3561 m
627 3509 751 3563 ruaaoz
762 3510 787 3562 n
804 3508 921 3562 iudaeae
936 3509 1032 3562 senae
1051 3511 1077 3561 a
1096 3510 1231 3576 anajaz.

117 3596 290 3668 'metrosa
302 3616 331 3668 p.
344 3594 438 3662 338,6
494 3599 526 3651 10
544 3596 573 3649 in
593 3598 665 3649 een
721 3597 750 3649 11
770 3602 946 3676 seruoruntm
971 3597 993 3649 Γ
1043 3596 1136 3663 etqui
1155 3615 1184 3649 esc
1203 3611 1231 3648 ee

117 3712 184 3774 llil'
233 3721 265 3773 12
284 3719 313 3771 in
331 3697 366 3771 eii
383 3716 463 3782 (erue.
481 3720 580 3779 lincol.)
600 3718 625 3769 R
646 3735 707 3770 eam
727 3718 804 3770 PTE
857 3719 888 3771 13
906 3727 1005 3771 tuneo
1061 3720 1092 3771 15
1110 3718 1232 3787 pruden-

114 3795 163 3854 tium
178 3805 254 3858 PTE
305 3805 442 3858 uirtutum
457 3805 484 3856 P
533 3809 681 3884 gementes
708 3805 730 3855 V
781 3807 813 3858 16
831 3805 921 3872 adque
947 3804 994 3857 Vn
1050 3807 1080 3858 17
1095 3805 1159 3871 forr.
1182 3820 1231 3857 ex·

108 3903 214 3978 uadatus.
220 3928 248 3979 p.
257 3907 323 3974 338,
333 3908 354 3961 3
406 3909 538 3963 etleudet
553 3908 578 3961 1'
623 3910 954 3977 lssimpletumqueestE
1007 3911 1039 3962 19
1048 3908 1233 3976 tantusque?

103 3994 133 4047 20
147 3987 287 4050 cunwrriat
306 3996 343 4047 Te
396 3996 571 4063 caloremque
589 3996 701 4049 aestatis
720 3997 880 4063 temperatis
901 3997 928 4048 E
981 3997 1014 4048 21
1033 4001 1193 4050 moueretur
1211 3996 1234 4048 V

95 4136 129 4191 22
144 4136 276 4202 conplexa
302 4135 332 4187 in
360 4151 389 4188 se
415 4134 461 4187 uel
489 4135 539 4186 W
565 4133 679 4202 coplexs
706 4134 742 4187 sit
766 4135 811 4187 uel
838 4135 859 4186 l'
911 4137 945 4188 28
964 4087 988 4187 et
1006 4136 1147 4188 contineat
1165 4152 1231 4187 corr.

91 4219 159 4277 na?
178 4221 200 4271 l'
250 4223 283 4274 24
303 4238 355 4274 usu
373 4220 532 4274 maturitate
546 4221 631 4275 Pnsu
650 4238 682 4274 ac
701 4221 861 4274 maturitate
879 4222 930 4274 TE
982 4222 1017 4273 ‘26
1034 4222 1231 4289 motumqueb.

139 4340 473 4390 uranu-arnapam.
1040 4327 1075 4379 22
1113 4348 1118 4358 ·
