2790 4844
154 258 194 322 92
494 256 608 310 senati
635 256 769 308 llilarii
793 256 956 323 episcopi

153 450 256 530 plures
287 448 380 512 etiam
410 466 465 526 per
495 447 768 526 presumptionem
798 446 869 509 uitae
900 446 951 509 diu
983 445 1153 510 innocentis
1177 447 1217 510 ad
1240 446 1299 510 cri·

153 555 237 618 mina
260 551 418 616 deuolutos
442 557 480 627 et,
505 570 574 615 oum
599 549 710 615 delicta
732 549 800 614 aliis
824 550 1052 629 exprobrarent,
1075 551 1159 630 ipsos
1183 549 1233 613 uir
1257 550 1297 613 ad

155 655 338 737 penitentia
361 654 483 718 ueniam
514 655 694 734 pertinere?
728 673 787 718 non
823 660 870 718 est
898 653 992 736 igitur
1021 653 1219 733 obprobrium
1243 655 1298 718 ud·

152 780 259 827 uersus
283 759 437 839 proximos
460 758 637 833 ineundum,
667 758 731 836 sed,
754 758 781 822 si
805 758 879 841 quid
903 758 933 821 iu
958 756 1017 821 illis
1040 757 1237 833 incuriosum,
1270 758 1298 821 si

113 895 125 930 1
154 865 229 948 quid
250 862 431 947 neglegens,
454 862 481 926 si
504 862 579 945 quid
601 861 751 942 petulans,
774 861 800 926 si
824 862 898 944 quid
913 862 1106 926 inemtinens
1122 859 1298 941 deprehen-

153 970 242 1047 ditur,
265 968 332 1032 sine
348 960 589 1046 exprobrationis
617 966 820 1030 amaritudine
844 965 1056 1030 blandimento
1072 965 1298 1030 emendationis

153 1079 200 1138 est
222 1071 449 1155 corrigendum.
496 1068 555 1134 hoc
578 1069 745 1148 humilitas,
769 1068 828 1134 hoo
851 1070 896 1134 sui
911 1089 968 1150 per
983 1076 1100 1134 metum
1113 1067 1297 1140 diffidentia,

153 1196 221 1260 quae
245 1175 436 1240 ualidissima
456 1173 578 1238 fiduciae
601 1180 702 1238 eustos
726 1180 782 1251 est,
806 1179 900 1250 curat,
924 1193 964 1238 ne
985 1173 1026 1237 sit
1039 1172 1207 1237 admonitio
1224 1191 1297 1237 con-

152 1280 288 1360 tumelia,
310 1300 349 1344 ne
372 1279 412 1343 sit
435 1279 610 1343 emendatio
626 1277 835 1358 obprobrium,
859 1298 898 1342 ne
910 1278 950 1342 sit
962 1277 1101 1343 doctrina
1112 1276 1297 1342 conuicium.

101 1413 125 1448 10
153 1385 197 1449 sio
219 1382 364 1448 fiduciam
389 1381 504 1446 orantis
527 1380 672 1461 pharisaei
696 1382 839 1446 dominus
871 1382 901 1444 in
937 1380 1105 1464 euangeliis
1129 1381 1297 1457 damnauit,

152 1495 217 1553 tum
241 1507 311 1552 cum
345 1487 377 1550 in
411 1485 513 1549 medio
547 1486 718 1550 consistens
753 1486 795 1549 ita
827 1486 1100 1551 sermocinaretur:
1135 1486 1297 1569 gratias

152 1591 227 1655 tibi
251 1611 333 1674 ugo,
357 1588 525 1665 domine,
545 1590 649 1673 quod
673 1610 746 1653 non
771 1610 864 1669 sum,
889 1590 995 1653 siout
1018 1590 1148 1655 ceteri
1171 1588 1297 1654 homi·

152 1716 232 1776 nes,
254 1693 445 1770 adulteri,
469 1695 591 1770 anari,
627 1695 733 1759 siout
762 1699 799 1759 et
821 1691 887 1758 hic
909 1692 1162 1775 publio-anus.
1208 1706 1298 1758 erat

152 1805 284 1864 autem
307 1797 550 1879 publicanus
573 1798 611 1861 111
635 1805 794 1862 secreto
817 1817 952 1862 orans:
977 1799 1145 1875 domine,
1181 1798 1298 1862 mise

100 1932 124 1968 11
151 1923 241 1968 rere
265 1901 365 1966 mihi
389 1902 607 1982 peccatori.
655 1902 726 1967 huic
749 1903 877 1967 orationi
901 1902 965 1967 eius
982 1902 1131 1982 scriptura
1148 1901 1297 1966 subiecit:

151 2007 244 2089 quia
274 2007 403 2089 magis
434 2005 695 2071 iustificatus
729 2026 925 2089 egressus
956 2012 1017 2070 est
1050 2004 1298 2085 publicanus

151 2130 267 2193 quam
301 2110 537 2191 phariseus.
584 2110 830 2176 misericordiam
865 2110 914 2175 dei
950 2110 1065 2190 peccati
1100 2109 1299 2175 consessione

150 2214 318 2295 promeruit
342 2213 536 2295 publicanus:
560 2213 731 2293 pharisaeus
754 2235 826 2279 uero
849 2214 1000 2279 honorem
1023 2234 1137 2292 eorum,
1162 2234 1234 2297 quea
1258 2216 1299 2280 de

150 2338 184 2382 se
206 2317 399 2398 preferebat,
422 2335 477 2398 per
498 2317 692 2382 insolentiam
716 2316 871 2398 obprobrii
894 2319 1006 2383 amisit.

99 2448 124 2486 11
196 2422 244 2486 12.
270 2421 331 2487 Sed
354 2421 433 2486 sorte
455 2421 518 2485 iam
548 2421 677 2505 dignum
700 2441 735 2486 se
758 2421 836 2503 quis,
859 2422 885 2485 si
909 2420 976 2487 lune
998 2422 1140 2487 uniuersa
1164 2423 1300 2504 adeptus

150 2526 200 2607 sit,
225 2524 480 2605 promissionibus
504 2525 554 2589 dei
577 2525 689 2589 credit:
720 2545 790 2589 oum
814 2545 848 2590 se
877 2533 947 2605 post
977 2526 1193 2604 innocentiam,
1225 2537 1299 2607 post

149 2629 328 2706 bonitatem,
351 2637 420 2709 post
444 2629 613 2709 prudentis
637 2627 762 2691 modum
787 2629 879 2693 etium
915 2628 1086 2694 humilitate
1117 2629 1299 2696 moderat-us

150 2733 200 2797 sit.
245 2735 299 2798 sed
322 2732 409 2813 plura
432 2733 534 2796 adhue
556 2738 683 2797 restant.
730 2751 803 2795 nam
826 2740 859 2795 ut
881 2732 1067 2815 significauit
1089 2734 1120 2797 in
1145 2754 1181 2797 eo
1206 2755 1298 2800 men·

150 2837 237 2903 dacio
260 2857 329 2903 esse
352 2843 520 2916 peecatum,
551 2837 577 2900 si
600 2835 688 2901 alteri
719 2835 833 2900 1111111111
867 2839 1043 2902 mentientis
1074 2837 1192 2903 salsitas
1225 2860 1299 2905 con·

97 2969 121 3006 11
149 2948 279 3021 pararet,
295 2941 338 3004 ita
360 2959 449 3021 nunc,
470 2940 521 3005 ubi
541 2939 704 3020 obprobria
728 2942 875 3006 aduersus
893 2943 1048 3022 proximos
1064 2962 1124 3006 non
1139 2948 1296 3009 sumenda

149 3043 294 3120 decernit,
319 3041 495 3107 habendam
519 3045 797 3109 tamentationem
828 3045 925 3125 ipsius
956 3045 1137 3111 humilitatis
1171 3049 1294 3113 adiecit.

148 3168 216 3230 quse
240 3153 343 3211 autem
368 3146 435 3210 haee
457 3147 533 3209 ratio
557 3147 604 3222 sit,
628 3147 761 3212 oohaeret
784 3149 815 3212 in
837 3169 943 3214 uersu:
969 3159 1005 3214 et
1028 3151 1294 3231 obprobrium

193 3290 223 3341 ll
244 3286 311 3340 Luc.
330 3285 428 3353 XVIll,
449 3288 495 3353 113
516 3288 558 3339 13.

193 3411 207 3462 l
226 3408 388 3462 innocentes
403 3407 428 3460 R
480 3408 963 3478 111111111111111-1111111111111112
981 3412 1004 3465 V
1055 3415 1071 3465 3
1083 3413 1255 3481 penitentiae
1274 3415 1296 3467 l'

147 3495 338 3566 poenitenciae
362 3495 388 3546 R
439 3493 522 3548 daed
547 3494 569 3547 si
595 3496 694 3563 quid'
686 3515 715 3550 111
739 3497 828 3551 11111
821 3499 989 3552 incuriosum
1015 3499 1123 3566 siquid
1143 3501 1293 3569 neglegens

147 3583 170 3637 si
190 3581 256 3650 quid
275 3580 425 3663 neglegens
449 3580 472 3632 si
491 3580 558 3648 quid
576 3583 704 3650 petulans
723 3584 746 3636 si
766 3583 832 3652 quid
849 3585 954 3667 1111111Ι
947 3603 1027 3638 mcou
1031 3586 1121 3639 linens
1145 3587 1170 3640 1
1194 3588 1244 3641 sed
1270 3588 1292 3641 si

147 3651 239 3738 quid'
231 3687 261 3722 m
280 3650 361 3721 illis
354 3666 522 3720 incuriosum
540 3665 563 3719 ai
582 3668 648 3735 quid
667 3669 835 3737 petulans'
813 3689 836 3724 11
855 3653 922 3739 qu'id
940 3671 1114 3726 incontinens
1133 3672 1160 3726 R
1212 3675 1229 3728 5
1248 3675 1293 3728 de·

146 3754 386 3825 praehenditurl
436 3755 523 3823 tsup
542 3761 599 3807 met
588 3757 685 3808 11111111
740 3760 772 3811 10
790 3757 899 3812 farisaei
920 3760 943 3810 R
961 3758 1096 3813 fariseil
1145 3760 1175 3814 in
1192 3778 1294 3816 ennen-

146 3878 227 3947 geliis
243 3878 291 3930 VR
345 3875 565 3929 llconsistesl'
607 3877 891 3933 l2siouteteeteriV
934 3882 1030 3934 15111111
1040 3884 1294 3949 peccetolssqu.

147 3982 267 4034 Sodctier
284 3980 338 4046 III,
356 3979 414 4032 345
467 3953 710 4034 01111111111111.11·’
756 3985 1099 4051 antescripturaeramul
1113 3986 1139 4037 R
1196 3987 1295 4040 171111·

146 4066 291 4121 sardamR
344 4069 378 4121 18
390 4065 553 4134 publicanus
564 4086 611 4120 our.
629 4069 675 4121 VR
727 4070 843 4123 sarissas
859 4071 1062 4126 l'sariseeusR
1114 4071 1252 4128 honorem
1266 4094 1296 4128 a

144 4152 287 4208 homonem
306 4153 424 4206 m.2V
476 4156 508 4207 19
526 4154 683 4222 proferebat
707 4156 744 4209 Vb
796 4159 831 4209 22
849 4163 911 4225 post
930 4158 1105 4225 prudentiam
1123 4159 1240 4215 modum
1259 4162 1297 4216 Vr

145 4234 208 4294 281
227 4258 259 4294 eo
278 4240 429 4293 mendaciis
448 4257 507 4293 esse
532 4241 554 4292 l'
605 4243 638 4295 97
658 4241 771 4297 coheret
796 4244 851 4297 VR.
