2790 4844
284 275 463 323 tractatus
489 270 522 321 iu
547 268 719 337 psalmum
739 267 859 322 CXVIII.
1081 271 1143 336 527

10 462 186 545 ibicumque
220 467 282 525 est:
318 479 380 524 nou
414 480 469 540 pro
500 467 586 539 parte
616 478 746 540 usquam
779 466 833 527 est,
869 461 976 524 sedin
1001 463 1144 527 omnibus

10 567 102 630 »mnis
119 572 174 631 est.
220 566 327 630 beatus
344 563 498 644 apostolus
515 561 760 644 Atheniensibus
777 562 980 643 philosophiae
997 565 1144 631 inanitate

10 670 136 735 idiculis
160 690 214 750 pro
245 670 386 734 contione
417 669 610 747 respondens
641 668 698 731 ait:
735 687 807 731 non
842 666 961 752 longe
985 689 1003 733 a
1026 671 1144 735 uobis

10 782 228 839 uouentem
253 774 470 856 quaerimus
494 773 624 837 deum:
648 771 687 834 iu
711 773 799 851 ipso
831 771 935 835 euim
965 772 1142 838 uiuimus

10 888 34 942 it
58 897 261 943 monemur
284 887 321 942 et
344 896 491 941 sumus.
536 882 566 940 et
589 877 765 956 spiritus
789 876 863 957 dei,
888 877 1142 958 secundumpro·
1183 904 1195 940 s

10 982 135 1059 phetam,
170 981 512 1063 repleuitorbem
535 988 744 1045 terrarum.
790 986 821 1045 et
842 1000 982 1045 rausum:
1013 1002 1143 1046 noune

10 1086 138 1151 taelum
163 1093 200 1152 et
223 1094 370 1151 terram
395 1104 468 1169 ego
490 1084 650 1165 inpleo?
673 1084 777 1149 dicit
799 1085 992 1150 dominus.
1034 1085 1144 1150 nihile

10 1189 53 1255 leo
70 1196 171 1268 uacat,
188 1189 265 1256 nihil
281 1191 407 1273 indiget.
452 1189 565 1272 aliique
582 1195 629 1253 est
644 1188 735 1253 modo
751 1189 863 1253 animae
880 1189 1057 1272 corporalis,
1074 1210 1143 1274 quae

11 1314 25 1357 u
51 1296 207 1360 membris
230 1296 374 1359 onmibus
398 1291 510 1358 diffuse
533 1314 551 1356 a
575 1292 707 1376 singolis
730 1294 905 1376 quibusque
928 1294 1066 1373 partibus
1081 1315 1143 1359 non

10 1398 93 1464 abest.
141 1399 262 1463 etiamsi
297 1399 417 1479 priuata
450 1397 593 1480 quadam
628 1396 656 1461 ei
680 1404 710 1460 et
733 1397 819 1480 regia
853 1398 899 1461 in·
919 1404 980 1460 toto
1014 1417 1142 1479 corpore
1170 1422 1194 1459 ιο

12 1504 81 1567 edis
105 1511 160 1575 est,
184 1510 286 1568 tamen
310 1503 340 1566 in
365 1501 518 1579 medullis
550 1501 663 1585 digitis,
700 1501 826 1565 artubus
856 1501 1034 1567 infunditur.
1079 1503 1142 1567 iam

10 1606 19 1669 i
45 1607 200 1687 corruptis
224 1607 379 1690 aliquibus
402 1606 539 1687 corporis
561 1605 711 1670 membris
735 1605 885 1670 recisione
917 1605 974 1670 erit
1007 1625 1142 1685 necesse,

10 1732 67 1775 um
95 1732 187 1776 usum
211 1731 300 1775 suum
324 1712 432 1776 eadem
457 1711 598 1774 membra
621 1709 701 1774 uitiis
724 1715 861 1773 emortua
883 1728 943 1773 nou
976 1708 1141 1788 habebunt,

10 1816 37 1889 l,
60 1817 144 1899 quod
166 1824 255 1895 putre
278 1816 493 1898 caducumque
516 1814 618 1879 caruis
641 1821 697 1889 est,
726 1814 791 1878 sine
816 1813 999 1880 detrimento
1030 1815 1142 1879 animae

10 1919 163 1983 ecidetur.
207 1920 276 2000 ipsa
299 1920 383 1983 enim
406 1920 543 1999 corporis
575 1917 671 1983 nostri
702 1918 805 1981 anima
835 1919 921 1982 sanis
952 1925 982 1982 et
1010 1918 1142 2003 integris
1170 1939 1193 1977 ιο

10 2023 137 2087 rimixta
160 2023 308 2088 membris
331 2029 392 2100 est;
416 2030 532 2087 etcum
549 2023 659 2086 eadem
678 2021 791 2085 suerint
806 2023 906 2101 putria
923 2027 953 2086 et
968 2022 1141 2100 recidenda¹

10 2146 61 2191 ou
84 2128 230 2211 sequitur.

47 2231 75 2294 9.
96 2231 170 2296 Hanc
195 2233 320 2314 quidem
345 2231 497 2312 superllue
529 2231 641 2295 diuiuae
672 2237 789 2294 naturae
820 2231 860 2295 ad
893 2231 1139 2310 conparationem

10 2334 208 2400 innititudiuis
232 2335 443 2400 conteruntur:
469 2336 542 2418 quia
565 2333 793 2414 incomparabile
813 2342 865 2398 est.
884 2334 1034 2417 quidquid
1053 2340 1140 2399 aeter·

14 2456 79 2499 um
98 2448 151 2518 est,
176 2460 235 2506 nec
258 2441 367 2520 recipit
389 2438 589 2523 configurata·
612 2439 752 2504 uerita-tis
783 2439 919 2519 speciem
950 2437 1140 2503 ininitiabilis
1169 2457 1193 2495 2⁰

10 2537 169 2609 liuiuitatis
193 2544 340 2627 except-io.
386 2545 441 2608 sed
466 2542 683 2626 intellegentiae
707 2550 819 2608 nostrae
842 2543 930 2607 istius
951 2543 1034 2606 modi
1051 2563 1140 2623 coap-

10 2646 85 2706 atur
117 2648 291 2727 exemplar,
338 2654 369 2711 ut
406 2668 460 2728 per
498 2648 529 2711 id
567 2648 737 2711 secuudum
781 2645 949 2712 caelestium
988 2647 1139 2711 alietatum

10 2752 192 2816 maturitates
214 2751 439 2832 incorporalem
462 2758 492 2815 et
514 2752 690 2816 inmensum
715 2752 807 2815 deum
823 2751 1052 2831 circumscripto
1068 2749 1139 2815 huie

10 2854 39 2901 ct
63 2855 201 2938 corporali
233 2856 348 2920 mundo
378 2854 629 2939 intellegeremus
660 2855 839 2932 admixtum,
869 2854 986 2918 uitiosis
1016 2875 1087 2918 uero
1111 2864 1141 2919 et

11 2959 67 3015 l'er
94 2980 182 3039 opera
216 2979 273 3024 sua
307 2959 452 3024 emortuis
483 2979 543 3023 uim
566 2959 677 3024 inesse.
724 2960 796 3041 quin
821 2960 912 3023 etiam
936 2958 1040 3024 adhuc
1062 2958 1139 3023 diui·
1167 2974 1192 3013 2⁶

14 3059 224 3148 nar¹1matque
249 3062 450 3128 inuisibiliuru
482 3084 583 3128 rerum
615 3062 785 3128 intellectus
816 3082 853 3126 ex
883 3062 1139 3143 contemplatione

16 3161 202 3235 eortoralium
237 3188 343 3232 rerum
381 3168 558 3250 naturisque
593 3176 755 3232 sectamur.
800 3166 898 3231 solem
933 3166 1075 3231 uidemus
1108 3168 1138 3231 in

56 3276 138 3343 ira.
155 3308 198 3359 ep.
218 3290 304 3357 XVII,
322 3293 364 3344 28.
400 3291 416 3341 5
436 3294 497 3357 Sap.
516 3292 537 3357 Ι,
556 3293 579 3342 7.
616 3293 632 3343 6
650 3289 770 3343 Hierem.
790 3288 888 3355 XXIII,
907 3291 949 3342 24.

126 3404 150 3431 l‘ss

60 3433 193 3517 lubiq3p
247 3463 302 3499 nou
320 3464 371 3514 pro
389 3452 468 3515 parte
487 3474 519 3482 -
538 3446 627 3500 omnia
656 3452 697 3499 est
715 3446 808 3498 ornC
858 3445 984 3499 omnibus
1002 3446 1092 3498 omnis
1110 3463 1139 3498 ea

26 3520 204 3586 lfflbiena.2l'
254 3532 491 3587 bathiuiensibus
509 3534 532 3585 Γ
582 3533 724 3587 Bootiono
744 3533 909 3601 Vctiouep
929 3531 1105 3585 contentione
1119 3534 1142 3585 C

29 3608 109 3697 {lobio
125 3638 153 3672 cr
170 3619 454 3674 anobiaeomw
502 3622 565 3673 det
585 3637 678 3674 sumus
698 3628 726 3672 et
744 3619 926 3673 mouenturV
975 3623 1032 3672 det
1050 3619 1139 3686 reple·

30 3698 92 3750 ΓΗ)
133 3708 227 3762 orbem
255 3714 358 3761 terram
379 3706 403 3755 R
455 3710 518 3761 'let
546 3712 621 3759 terra
650 3707 674 3758 Γ
725 3706 835 3774 inplebo
870 3706 893 3757 Γ
943 3707 1025 3759 Subi
1053 3711 1094 3758 eet
1120 3706 1142 3759 Γ

32 3774 150 3859 ltinpuia
178 3792 237 3857 (oro
262 3793 288 3861 a)
305 3796 340 3864 po
396 3798 426 3847 ll
447 3795 524 3846 sedes
550 3790 634 3863 lupi«)
685 3794 799 3846 artubus
827 3812 856 3845 ex
883 3793 989 3846 artibus
1018 3812 1049 3845 or.
1080 3793 1094 3844 1
1119 3794 1143 3845 Γ

30 3872 106 3930 utibm
137 3881 183 3933 ΗΟ
241 3882 274 3935 12
292 3881 427 3934 recisione
458 3899 488 3933 ea
517 3880 688 3949 praecisione
719 3899 750 3933 aa.
783 3879 803 3931 :2
836 3880 859 3931 V
911 3882 942 3932 14
961 3880 1079 3932 caducae
1104 3882 1139 3950 pla

27 3960 127 4018 demente
143 3966 175 4019 l'¹
213 3968 245 4020 15
263 3967 400 4021 reciditur
410 3968 435 4020 R
471 3967 588 4035 integris
600 3986 630 4017 eo·
642 3967 751 4034 integra
760 3967 820 4018 ar.l
833 3968 856 4018 u
893 3969 925 4019 16
944 3971 972 4019 et
981 3966 1074 4034 putria
1086 3966 1139 4036 Cpb

17 4051 140 4127 putridae
196 4057 227 4107 19
246 4054 423 4107 conferentur
443 4058 465 4101 l'
516 4053 651 4121 quidquid
669 4054 697 4105 in
716 4059 859 4106 oeternum
882 4059 922 4106 est
949 4054 971 4105 Γ
1022 4055 1055 4106 22
1074 4053 1138 4106 doc·

13 4156 91 4201 torum
111 4142 121 4189 (
126 4142 146 4209 'p
200 4142 234 4194 ‘23
252 4140 427 4194 auctoritatis
451 4141 497 4193 Vt*
513 4141 707 4193 arroteritatem
729 4141 755 4191 Ia*
804 4141 838 4192 25
856 4156 907 4207 per
934 4157 1016 4208 opere
1045 4157 1094 4193 sua
1120 4141 1140 4192 Γ

10 4246 57 4292 pou
72 4228 130 4279 auat
149 4229 220 4279 aa?
245 4226 268 4279 V
319 4227 408 4280 adhuc
426 4227 461 4280 ad
480 4227 637 4280 diuinarum
663 4227 686 4280 Γ
736 4229 769 4280 27
788 4232 909 4280 sectatur
928 4227 968 4297 po.
