2790 4844
399 241 581 338 tractatur
605 284 640 337 in
664 283 838 351 psalmum
863 281 986 337 CXVIII.
1201 280 1264 346 407

115 484 236 543 nostrae
266 474 470 540 humilitatem
494 473 544 538 dei
575 478 667 550 esset,
698 472 843 538 ostendit.
888 493 958 537 oum
988 479 1092 538 autem
1116 472 1264 539 nubieoit:

116 590 162 648 et
185 580 393 663 exquiram
418 597 502 643 eam
524 597 693 658 semper,
709 575 847 642 officium
862 576 1033 641 deuotiouIs
1048 596 1112 641 auae
1129 575 1264 657 protulit

116 698 150 752 et
175 687 206 749 in
229 683 341 749 ceteris
363 690 527 765 utmmque
551 700 674 765 quoque
704 680 837 763 quodam
868 679 1015 760 conplexu
1044 680 1104 746 sibi
1127 680 1262 746 inquem

116 787 305 873 eonlignuit:
329 806 400 852 oum
425 785 535 850 deduci
558 805 593 851 se
615 785 646 848 iu
670 784 781 849 semita
802 783 937 865 postulat
959 789 991 850 et
1013 804 1084 849 oum
1107 784 1138 848 id
1161 785 1264 864 ipsum

117 892 227 959 uoluit.
273 890 357 971 prius
381 889 476 964 euim,
500 909 568 972 quae
590 909 608 952 a
632 889 688 953 deo
717 895 796 965 sunt
830 907 899 953 oum
937 887 1053 954 honore
1082 889 1265 969 praeposuit3
1304 914 1317 953 a

117 1007 153 1064 et
181 1005 262 1072 tuno,
286 1014 355 1078 quur
377 993 513 1059 hominis
543 998 623 1068 sunt,
654 1012 725 1058 eum
756 992 940 1057 humilitatis
970 999 1062 1076 atque
1092 989 1183 1058 officii
1216 992 1263 1058 sui

117 1100 316 1167 confessione
338 1098 478 1163 subiecit.
523 1097 716 1180 orat-igitur,
740 1105 772 1160 ut
796 1097 871 1161 deuo
895 1097 1017 1162 tribuat.
1062 1096 1192 1161 euobis
1216 1103 1265 1161 eet

116 1223 208 1288 ergo,
232 1222 303 1268 eum
325 1221 457 1277 oramus,
482 1201 649 1275 exordium,
672 1205 705 1264 ut
726 1219 839 1264 munus
854 1200 893 1264 ab
909 1219 944 1265 eo
966 1200 1020 1279 sit;
1045 1200 1168 1276 dehine,
1194 1200 1266 1286 quia

117 1311 162 1375 de
187 1307 311 1373 exordio
340 1312 446 1371 nostro
477 1323 589 1369 munus
620 1303 685 1369 eius
716 1309 772 1381 est,
802 1324 839 1368 er
870 1309 974 1369 nostro
1005 1323 1127 1369 rursum
1150 1312 1207 1380 est,
1231 1310 1266 1368 ut

116 1413 301 1494 exquiratur
323 1417 354 1476 et
376 1409 550 1474 obtineatur
574 1415 603 1473 et
626 1413 758 1473 maneat.
919 1436 922 1442 ·
1293 1433 1317 1471 ro
1387 1472 1390 1477 ,

170 1515 219 1578 13.
244 1515 280 1579 Iu
296 1534 332 1579 eo
348 1512 557 1596 autem,quod
573 1512 616 1577 ita
632 1533 665 1577 se
681 1510 789 1576 habet:
813 1511 967 1577 inoliua
990 1532 1056 1577 oor
1077 1532 1204 1577 meum
1226 1512 1265 1577 iu

117 1617 457 1695 iustificationes
488 1623 576 1680 tuae
598 1622 630 1681 et
653 1635 726 1679 non
754 1615 790 1679 in
815 1614 1050 1693 utilitatem,
1074 1615 1200 1698 quidam
1224 1615 1267 1680 ita

118 1719 1265 1789 transtulerunt:inelinaoormeuminiustificationestuae

120 1840 162 1892 et
193 1847 269 1890 non
298 1826 336 1889 in
364 1824 588 1890 auaritiam.
632 1823 672 1895 id,
697 1824 779 1906 quod
802 1825 834 1888 in
856 1822 990 1888 hebraeis
1013 1824 1171 1889 oodioibue
1194 1842 1266 1889 oon·

120 1931 245 2001 tinetur,
268 1930 414 2014 ambigua
436 1929 468 1993 ln
492 1928 671 1993 delinitione
693 1928 816 2011 utrique
838 1926 1058 2012 intellegentie
1080 1933 1264 2008 oportunum
1293 1952 1318 1989 rr

122 2042 180 2099 est.
204 2034 259 2099 sed
282 2054 353 2109 noe,
388 2032 475 2098 siouti
500 2038 636 2112 oportet,
659 2033 819 2115 sequimur
841 2032 1038 2115 septuaginta
1061 2033 1266 2113 interpretum

124 2139 301 2223 religiosam
325 2145 357 2202 et
379 2137 538 2220 antiquam
562 2137 784 2207 auctoritatem,
809 2156 847 2200 ex
869 2135 982 2201 iudicio
1013 2143 1116 2202 tamen
1148 2148 1263 2201 cetero

125 2262 191 2305 rum
215 2241 433 2306 translatomm
454 2239 673 2320 proprietatem
696 2239 915 2324 intellegentia
938 2240 1085 2323 cuiusque
1109 2240 1265 2305 desiderio

128 2354 311 2429 oraptautea.
357 2364 428 2409 oum
466 2344 550 2409 enim
590 2343 620 2407 hi
661 2342 809 2408 dixerint:
855 2344 892 2407 iu
937 2342 1180 2418 utilitatem,
1221 2342 1265 2408 illi

128 2447 272 2513 dixerint:
307 2449 345 2513 iu
379 2448 603 2523 auaritiam,
628 2468 682 2527 per
716 2447 858 2526 idipsum,
889 2449 1043 2532 quomodo
1073 2447 1189 2512 utilitas
1213 2446 1265 2512 hia
1292 2468 1318 2508 ao

128 2568 200 2617 nmo
235 2553 276 2617 sit
307 2552 453 2628 subiecta
484 2559 636 2617 noscetur.
681 2572 751 2640 nam
777 2552 880 2616 saeouli
913 2550 1056 2616 homines
1090 2553 1265 2632 peouuiam,

120 2666 292 2736 argeutum,
316 2676 425 2720 aurum
448 2661 481 2720 et
503 2665 604 2721 uetera
627 2675 717 2734 opum
743 2656 949 2720 instrumenta
963 2654 1128 2720 utilitatem
1147 2663 1265 2720 uoeeut.

168 2852 389 2905 lhumilitatem
413 2869 444 2905 a
467 2851 633 2906 humilitatis
662 2871 694 2903 rn.
716 2851 737 2903 2
761 2852 956 2905 thmilitate
975 2853 1000 2905 R
1052 2864 1112 2906 onte
1130 2852 1174 2906 dei
1194 2871 1266 2922 repe·

109 2930 191 2989 'llum
220 2938 287 3006 quid
316 2956 389 3007 repr.
416 2957 464 2991 err.
484 2939 510 2991 R
563 2955 623 2991 eane
648 2938 695 2991 Vl'
743 2940 888 3006 3quoque
906 2943 1055 3007 utrumque
1079 2940 1170 3010 VCpE
1220 2944 1266 2994 od·

103 3013 201 3078 plexo
222 3025 247 3078 lt
302 3028 320 3077 4
344 3024 496 3093 oouligebit
520 3022 553 3076 V¹
571 3024 777 3112 coniliffauit
796 3023 876 3087 (erno.
895 3041 918 3092 e,
937 3043 956 3112 g
973 3044 1003 3080 ez
1020 3044 1040 3080 n
1057 3026 1139 3091 corr.)
1158 3027 1183 3079 R
1235 3027 1265 3080 in

99 3128 218 3182 semita
243 3129 291 3182 VR
348 3128 502 3198 postulauit
522 3129 548 3180 Ε
600 3132 663 3184 det
681 3134 710 3182 to
726 3125 746 3197 q
771 3146 787 3182 a
811 3135 890 3183 need
903 3149 925 3200 p
943 3134 970 3184 et
989 3135 1056 3184 tuno
1075 3147 1144 3198 quae
1163 3147 1226 3184 oum
1247 3132 1271 3183 l'

95 3195 289 3269 humiliantis
307 3221 391 3283 atque
408 3214 493 3269 osfioii
513 3214 556 3268 aui
575 3233 622 3268 om.
638 3217 675 3285 Cp
727 3215 834 3283 adquae
852 3214 980 3270 V¹om.R
1033 3219 1049 3269 7
1068 3216 1228 3271 eoulneione
1243 3220 1267 3270 lt

100 3284 194 3354 ‘lena
212 3320 259 3355 om.
277 3302 301 3355 V
352 3302 458 3355 tribuat
476 3321 505 3355 at
523 3302 624 3356 tribuit
641 3320 674 3354 m.
688 3302 707 3354 2
721 3302 817 3373 Vpoat
835 3303 941 3357 tribuat
959 3306 986 3356 in
1004 3305 1030 3357 R
1047 3322 1114 3358 crea
1132 3307 1267 3374 repetitum

96 3383 113 3421 ὅ
140 3389 238 3441 nobie
257 3401 280 3442 et
297 3391 409 3458 spatium
428 3406 483 3442 aar.
503 3386 612 3441 10-12
630 3390 676 3441 litt.
730 3393 773 3442 eat
796 3406 862 3456 ergo
881 3407 897 3443 a
915 3390 994 3444 nobie
1019 3392 1068 3460 pE
1092 3396 1134 3445 eet
1160 3392 1271 3459 erposl

98 3455 251 3528 ⁸1nnnie
270 3476 296 3529 R
350 3480 379 3529 et
402 3475 467 3529 hino
486 3476 512 3528 R
567 3476 599 3529 12
622 3474 652 3528 iu
669 3475 850 3529 inutilitatem
871 3478 908 3544 (lp
970 3477 1009 3530 ita
1026 3479 1049 3531 a.
1068 3479 1085 3530 l.
1103 3495 1152 3530 om.
1176 3478 1269 3548 Vopa*

98 3540 132 3633 {3
151 3553 423 3616 intestimoniatua
436 3562 489 3615 RE
543 3561 614 3615 rein
623 3562 742 3615 auaritia
761 3563 807 3614 VR
862 3564 1072 3633 loambigro
1121 3564 1268 3633 utriusque

98 3639 333 3731 letelregontiee
350 3667 383 3718 pe
435 3653 621 3717 opportunum
640 3649 721 3703 estR
739 3650 859 3717 positum
878 3655 920 3704 eet
935 3652 986 3720 Ope
1041 3654 1073 3706 16
1091 3652 1163 3705 siout
1177 3652 1270 3723 Vl'pE

102 3712 132 3765 ¹‘
181 3737 339 3804 etantiqua
358 3736 383 3788 R
440 3737 471 3788 18
488 3738 525 3789 ric
542 3735 576 3797 R,
595 3737 645 3788 nini
672 3738 740 3804 quod
761 3749 820 3806 port
843 3739 975 3806 oninique
1000 3740 1059 3790 odd.
1078 3742 1129 3805 ent,
1148 3739 1179 3791 da
1196 3741 1268 3791 caios

102 3808 226 3875 ‘divine
252 3822 284 3886 cs.
310 3824 406 3892 praes..
439 3823 516 3893 VCpe
542 3825 603 3875 loeo
629 3825 665 3874 ito
694 3825 799 3876 lobene:
826 3825 1026 3893 proprietatem
1059 3824 1267 3893 intellegentiae

104 3883 213 3959 huin.
229 3925 297 3976 quae
315 3913 357 3962 est
376 3906 497 3962 difficilis
515 3913 658 3977 oaptautea
683 3910 871 3978 (captantibus
892 3911 943 3976 C).·
969 3913 1190 3981 interpolationem
1214 3914 1268 3964 iem

112 3968 228 4068 Bpnar,
244 4008 377 4048 senserunt
432 3997 463 4049 19
480 3994 510 4048 hi
529 3994 590 4061 (hii)
605 4006 664 4065 poor
682 3996 804 4050 dixerint
821 4016 892 4068 arrpr.
905 4016 953 4051 arr,
967 4004 1017 4052 na?
1035 3999 1061 4052 R
1112 3997 1215 4051 dixerit
1235 3997 1267 4049 V¹

115 4055 260 4152 &xerunt
279 4082 303 4131 ('
351 4081 380 4135 in
399 4081 579 4135 inutilitatem
600 4084 638 4152 t'p
657 4093 679 4135 et
696 4085 733 4136 ric
751 4084 813 4151 infr.
868 4086 902 4139 20
919 4084 1051 4139 dixerunt
1065 4085 1102 4155 (p
1157 4086 1185 4138 in
1204 4102 1264 4138 aun·

120 4152 200 4245 ptis
221 4168 242 4219 r
291 4171 321 4221 21
343 4168 468 4222 noscitur
486 4168 523 4222 n¹
576 4168 696 4224 nominis
715 4169 752 4223 rr
806 4172 840 4223 aa
857 4172 1010 4226 unitatem
1026 4191 1097 4242 apr.
1117 4190 1166 4226 scr.
1186 4173 1219 4238 a,
1238 4190 1268 4223 ee

130 4253 139 4287 ¹
161 4251 309 4309 utilitatem
327 4274 393 4309 corr.
412 4273 444 4307 m.
465 4254 484 4307 2
508 4256 536 4308 V.
