2790 4844
152 272 216 336 690
494 275 608 327 sancti
634 274 767 327 Hilarii
792 274 952 343 episcopi

153 463 237 528 enim
260 462 354 528 bomo
377 463 449 541 suit;
484 464 539 528 sed
575 470 643 543 post
677 463 932 540 benedictionem,
967 465 1073 529 statim
1098 474 1131 529 ut
1159 469 1305 547 peccauit.

153 569 257 633 statim
292 567 405 648 impius
440 568 505 632 suit.
551 567 608 633 sed
641 569 693 651 qui
728 567 844 633 mauult
877 569 1048 648 peccatoris
1083 570 1301 651 paenitentiam

152 692 245 756 quam
269 678 410 748 mortem,
444 671 508 762 uult
543 672 766 738 benedictionis
800 691 864 736 suae
898 691 1000 737 rorem
1030 672 1070 736 ab
1096 672 1243 741 Hermon
1274 676 1301 739 in

152 776 223 840 Sion
259 776 459 853 descendere,
493 777 524 840 id
555 785 609 842 est
625 797 661 842 er
684 777 851 857 impietatIs
874 777 949 841 sede
981 776 1013 840 in
1037 778 1299 845 sanctificationis

2 961 5 966 ι
113 907 124 943 a
151 878 251 944 locum
274 881 429 946 transire
460 900 528 946 rore
551 881 635 946 enim
659 881 766 946 omnia
780 881 946 958 uirescuut,
970 882 1103 958 aluntur,
1127 891 1298 969 augentur:

151 984 193 1048 ita
215 984 376 1065 principaii
401 983 451 1048 illa
467 985 517 1050 dei
533 985 747 1050 benedictione
763 984 855 1049 homo
871 986 1017 1069 gignitur,
1049 987 1161 1067 spirat,
1199 1007 1298 1053 exere

151 1089 217 1154 scit.
263 1095 408 1172 astorgo
431 1090 545 1153 bonum
568 1095 660 1172 atqua
684 1090 860 1168 iucundum,
884 1096 919 1154 ut
940 1110 958 1153 a
981 1090 1092 1174 gentili
1123 1111 1241 1168 errore,
1269 1091 1295 1156 id

151 1198 199 1257 est
220 1213 238 1256 a
260 1191 388 1276 profana
411 1192 549 1258 Hermon
570 1193 767 1258 ueneratione
791 1192 984 1259 descendeus
1011 1194 1050 1258 ad
1074 1195 1163 1274 Sion,
1193 1197 1230 1261 -id
1253 1204 1293 1261 est

151 1298 335 1363 adactorum
369 1297 567 1389 beatitudinis
601 1299 729 1363 domum
764 1305 902 1363 transeut
936 1310 966 1363 et
996 1319 1076 1375 eum,
1112 1301 1168 1383 qui
1202 1299 1293 1365 salute

100 1425 124 1461 ιο
151 1402 289 1465 omnium
312 1400 442 1477 laetatur,
465 1400 598 1466 obiectet
620 1403 659 1467 ob
674 1401 721 1465 id:
757 1403 948 1485 quoniam
972 1401 1061 1468 illic
1087 1404 1289 1469 mandauit

151 1504 337 1570 dominus
360 1506 696 1572 benedictionem
717 1506 896 1571 etuitam
919 1526 1045 1590 usque
1076 1507 1287 1577 insaecula

150 1610 182 1674 in
205 1610 278 1673 Sion
301 1609 419 1675 scilicet
442 1609 490 1674 uel
513 1611 606 1674 etiam
627 1610 657 1673 in
674 1611 877 1675 unanimitate
892 1611 1139 1676 cohabitantium
1157 1612 1285 1677 fratrum.

150 1714 382 1779 benedictiones
405 1715 489 1779 euim
512 1713 641 1779 ecclesia
664 1712 729 1778 sola
743 1712 882 1798 largitur,
906 1716 1000 1780 uitam
1018 1722 1172 1780 aeternam
1188 1715 1284 1781 unani-

151 1820 242 1883 mitas
265 1825 465 1898 promeretur.
510 1818 562 1901 qui
586 1817 662 1882 dixit
685 1819 767 1883 enim
791 1825 914 1883 aeternae
937 1819 1008 1883 uitae
1031 1820 1117 1884 uiam
1142 1821 1282 1901 pandens:

100 1946 124 1982 n
152 1921 319 2006 diligite
353 1923 537 2000 inuicem,
564 1923 671 1986 sicut
704 1943 776 2007 ego
811 1923 938 1988 dilexi
973 1943 1051 1997 uos,
1076 1943 1137 1987 non
1162 1922 1281 1989 mendas

151 2031 205 2090 est
251 2032 299 2092 est
321 2027 405 2092 enim
427 2026 495 2110 ipse
519 2027 683 2103 ueritas,
706 2027 779 2104 uia,
803 2028 895 2104 uita,
919 2028 1064 2092 dominus
1087 2036 1191 2094 noster
1206 2027 1279 2090 Iesus

151 2129 301 2212 Christus,
326 2130 376 2213 qui
400 2136 448 2195 est
472 2130 653 2196 benedictus
676 2130 708 2194 in
732 2130 845 2196 saecula
868 2131 1060 2196 saeculorum.
1106 2151 1205 2197 emen.

536 2318 721 2403 isumus
749 2319 907 2402 CXXXIII.

166 2459 297 2525 *Ecca
336 2480 438 2524 nuuc
480 2460 715 2525 benedicite
761 2462 963 2527 dominum
1001 2481 1138 2527 omnes
1180 2455 1270 2525 serui

99 2581 124 2620 ao
151 2564 316 2628 domini:
341 2564 406 2646 qui
431 2565 738 2629 statisindomo
759 2566 921 2641 domini,
945 2565 983 2629 iu
1007 2566 1129 2630 atriis
1152 2566 1268 2630 domus

151 2668 311 2732 domini.

195 2772 222 2835 1.
248 2772 360 2837 Finem
384 2779 511 2837 sumunt
534 2773 651 2838 cantica
684 2774 845 2857 graduum,
882 2773 937 2838 sed
968 2775 1194 2839 ascensionibus
1219 2767 1265 2834 suit

151 2876 290 2959 dignum.
336 2895 406 2940 cum
430 2878 514 2941 enIm
538 2896 593 2960 per
615 2898 651 2941 ea
674 2877 714 2941 ad
733 2877 943 2960 cognitionem
958 2880 1145 2944 sacramenti
1159 2871 1265 2943 eaelotb

151 2981 324 3056 scandatur,
356 3000 485 3045 necesse
508 2987 562 3056 est,
593 2987 628 3045 ut
650 2988 755 3063 postea
779 2981 951 3045 benedictio
975 2982 1013 3063 ei,
1038 2982 1076 3045 ad
1108 3001 1194 3066 quern
1215 2993 1266 3043 euu-

98 3103 124 3140 aa
151 3103 295 3149 sconsum
320 3085 368 3162 sit,
393 3085 549 3149 debeatur.
597 3090 685 3149 uocat
714 3085 808 3168 igitur
830 3104 940 3150 omues
963 3085 1115 3166 propheta
1136 3086 1175 3150 ad
1196 3085 1268 3149 boue

151 3188 317 3253 dicendum
333 3188 492 3252 dominum
509 3194 541 3253 et
556 3194 715 3271 tamquam
732 3172 954 3253 consummatis
970 3190 1115 3255 omnibus
1134 3191 1270 3255 uniuersos

150 3294 190 3356 ad
206 3292 461 3358 contestationem
475 3291 600 3357 honoris
616 3292 711 3358 debiti
728 3299 898 3376 congregat
918 3294 1041 3359 diceus:
1074 3313 1168 3360 ecce
1185 3306 1274 3358 nuuc

151 3396 385 3462 benedicite
423 3397 627 3462 dominum
663 3416 801 3463 omnes
835 3397 945 3462 serui
983 3398 1148 3464 domini.
1190 3399 1223 3464 in
1252 3413 1278 3459 eu

151 3506 263 3578 autem,
287 3502 369 3584 quod
391 3501 447 3566 ait:
471 3520 565 3566 ecce
587 3519 699 3577 nunc,
723 3499 888 3566 elaboratae
911 3502 1101 3567 incensionis
1124 3503 1283 3584 perfectum

98 3620 124 3657 ³⁰
151 3624 226 3684 opus
249 3624 319 3670 esse
341 3603 506 3688 significat,
535 3604 651 3668 utiam
676 3625 757 3668 nunc
780 3604 972 3682 benedicunt,
1003 3606 1075 3688 quia
1098 3606 1288 3687 proficientes

194 3740 227 3792 15
246 3739 302 3792 Ioh.
321 3739 395 3806 XIII,
414 3741 456 3792 34.
495 3741 527 3792 16
546 3739 603 3792 Ioh.
621 3739 694 3807 XIV,
711 3742 738 3793 6.

194 3854 208 3903 1
228 3851 321 3904 statim
341 3856 371 3904 ut
389 3852 515 3919 peccauit
534 3851 628 3905 statim
647 3850 748 3920 impius
763 3851 927 3919 Gpecceuit
944 3857 973 3906 et
991 3853 1087 3906 statim
1108 3854 1216 3925 impius
1228 3856 1299 3911 Pru

150 3989 233 4042 baed
252 3991 355 4057 quiaG
408 3949 506 4058 3qu
559 3991 796 4045 breuiresountr
849 3991 1009 4059 bsperatI’
1063 3993 1097 4046 11
1117 3993 1173 4050 diis
1193 3997 1303 4051 (ΜΠ

153 4078 184 4129 ie
203 4075 284 4129 sicuti
304 4077 330 4129 P
380 4081 398 4130 fr
417 4077 500 4130 mdax
519 4082 534 4130 e
552 4072 599 4130 eni
617 4079 677 4146 ipse
690 4076 850 4146 PExplioit
867 4078 989 4146 psalmus
1009 4077 1141 4136 CXXXII
1161 4076 1210 4138 ind
1232 4086 1304 4155 psci·

149 4180 210 4216 mus
230 4162 367 4216 CXXXIII
381 4165 407 4215 P
422 4164 503 4232 Expl.
516 4165 550 4217 de
562 4164 686 4218 CXXXII
696 4165 778 4233 incip.
789 4164 823 4218 de
836 4164 1009 4218 CXXXIII'I‘
1062 4167 1100 4221 24
1120 4174 1178 4238 que
1192 4191 1224 4225 ex
1244 4173 1307 4242 q.I'

149 4251 183 4304 25
202 4250 348 4318 prophetia
367 4251 408 4302 Pa
462 4248 660 4305 28seruidi1‘1'
679 4251 747 4304 ΡΤα
766 4251 840 4305 serui
857 4250 916 4304 cius
935 4270 954 4303 ε.
