2790 4844
400 269 579 317 tractatus
604 265 639 316 in
663 265 834 332 psalmum
861 264 941 317 in'.
1181 264 1244 329 249

96 454 299 534 inscriptione
322 454 476 519 rationem
500 454 695 535 perspicuum
720 465 769 519 est
791 455 944 535 psalmum
966 454 1048 520 bunc
1071 456 1109 520 ob
1133 457 1244 536 adepta

97 578 153 636 per
176 558 321 622 meritum
346 558 418 622 boni
442 559 543 637 operis
574 558 721 638 spiritalis
755 559 904 623 doctrina·
939 560 1077 624 instituta
1111 560 1243 624 cantari:

96 661 171 743 qnia
194 663 318 744 quando
341 663 372 726 iu
404 663 664 746 superscriptione
700 662 879 742 psalmus
914 663 1066 728 cantici
1101 671 1156 742 est,
1190 684 1245 744 per

96 765 309 849 cognitionum
335 764 502 831 celestium
537 766 785 845 predicationem
817 776 906 850 gesta
937 767 1006 831 boni
1039 768 1142 848 operis
1171 787 1243 831 con-

97 871 236 935 tinentur
259 871 291 933 in
315 869 451 950 psalm03
475 891 544 935 cum
567 878 672 936 autem
704 872 909 936 canticum
942 871 1086 951 psalmi
1118 879 1175 952 ast,
1207 891 1244 935 ax
1285 903 1296 938 a

95 974 286 1053 operationis
309 975 499 1040 obedientia
520 976 640 1055 adeptae
664 974 812 1054 spiritalis
836 975 973 1040 scientia>
990 974 1125 1060 hymnus
1142 983 1244 1039 osten-

95 1078 186 1142 ditur.
232 1079 388 1142 canticum
412 1079 495 1142 enim
530 1080 614 1143 uocis
645 1078 779 1142 osticium
811 1085 874 1155 est;
905 1078 1044 1159 psalmus
1074 1088 1175 1143 antem
1207 1099 1243 1144 ex

95 1182 298 1262 coaptatione,
335 1202 428 1265 quam
465 1183 655 1247 harmoniam
693 1191 876 1264 nuncupant,
910 1183 1018 1266 organi
1053 1192 1244 1262 conparatur.

95 1286 194 1368 litque
217 1305 256 1350 er
277 1285 438 1366 inparibus
461 1306 496 1350 ac
519 1286 721 1351 dissimilibus
746 1287 846 1350 modis
869 1286 996 1350 art-ilicis
1024 1286 1151 1369 ingenio
1174 1291 1242 1367 apta

95 1397 128 1453 at
151 1408 327 1454 consonans
351 1398 383 1455 et
405 1409 528 1455 ammira
551 1390 726 1454 modulatio.
772 1410 832 1473 qui)
857 1390 997 1471 exemplo
1028 1391 1121 1455 uariis
1151 1390 1241 1455 oflicii
1274 1421 1296 1456 o

96 1494 196 1557 nostri
219 1501 251 1558 et
273 1493 411 1558 scientia
435 1493 617 1558 ministeriis
640 1504 763 1578 gratum
785 1496 842 1559 deo
859 1516 934 1576 opus
951 1502 982 1560 et
997 1494 1054 1559 sibi
1072 1513 1244 1560 consonans

94 1616 312 1676 conteramus.
358 1604 389 1663 et
412 1597 501 1662 buius
524 1598 652 1680 quidem
674 1597 896 1680 intellegentia
919 1598 978 1679 ipsi
1009 1599 1098 1663 nobis
1132 1598 1244 1682 psalmi

94 1706 240 1766 auctores
263 1708 361 1778 erunt
384 1722 454 1766 curn
478 1703 601 1785 quando
625 1702 666 1765 sit
688 1702 718 1764 in
744 1703 864 1782 psalmo
887 1703 999 1767 cantici
1029 1723 1083 1783 per
1106 1703 1244 1768 scientia

95 1812 126 1869 et
150 1805 340 1888 cognitionis
363 1806 535 1871 doctrinam
559 1807 632 1871 boni
655 1807 757 1886 operis
778 1807 965 1887 pradicatio,
989 1808 1020 1870 in
1037 1808 1155 1872 cantico
1171 1826 1244 1871 uero

94 1908 208 1989 psalmi
233 1930 289 1992 per
312 1916 474 1992 gestorum
496 1911 640 1974 meritum
662 1909 825 1992 gratulatio
849 1912 970 1994 adeptae
993 1911 1131 1976 scientia·-
1154 1909 1243 1974 intel-
1273 1940 1296 1976 o

95 2014 227 2096 legatur.
272 2016 312 2080 ob
347 2033 416 2079 eam
450 2014 545 2098 igitur
579 2034 701 2079 causam
738 2015 768 2078 in
800 2015 919 2094 psalmo
951 2017 1097 2097 prasenti
1120 2015 1243 2096 spiritus

95 2115 269 2196 pniphetize
292 2139 312 2181 a
334 2118 546 2202 gratulationis
576 2119 717 2183 doctrina
739 2120 841 2198 caepit.
888 2119 1042 2198 psalmum
1073 2130 1176 2183 antem
1207 2138 1243 2182 ex

95 2219 316 2300 propbetamm
342 2243 475 2301 persona
498 2223 675 2299 consistere,
707 2243 757 2287 res
787 2224 854 2302 ipsa
884 2237 913 2286 et
942 2222 1017 2286 ratio
1041 2224 1241 2287 demonstrat.

141 2324 174 2388 2.
199 2324 381 2391 iubilate
419 2328 493 2391 deo
531 2327 661 2390 omnis
703 2335 825 2402 terra,
871 2327 1069 2406 psalmum
1115 2327 1243 2391 dicite

94 2429 250 2494 nomini
275 2431 370 2507 eins,
406 2432 498 2495 date
522 2429 695 2514 gloriam
720 2430 949 2495 laudationi
975 2431 1069 2495 eius.
1116 2430 1243 2494 dicite
1271 2458 1296 2495 ro

93 2534 186 2596 deo:
218 2553 333 2616 qnam
366 2534 577 2598 terribilia
608 2543 699 2598 sunt
731 2536 958 2614 operatua!
1005 2535 1040 2597 in
1066 2534 1243 2598 multitu-

93 2638 194 2701 dine
231 2638 405 2702 uirtutis
443 2646 516 2702 tua
556 2640 814 2703 mentientur
852 2639 928 2703 tibi
974 2639 1135 2702 inimici
1177 2638 1241 2701 tui.

94 2742 233 2820 primum
257 2762 332 2825 ergo
366 2742 553 2806 iubilandum
587 2743 644 2807 deo
676 2757 851 2823 praemonet,
883 2744 1018 2808 secundo
1049 2741 1241 2821 psallendum

93 2845 216 2908 nonrini
239 2846 314 2914 eius.
339 2846 452 2911 debinc
476 2846 608 2910 dandam
627 2847 758 2930 gloriam
777 2847 940 2911 laudationi
958 2848 1032 2918 eius,
1057 2857 1120 2910 tum
1139 2846 1243 2910 dicen·

92 2951 173 3012 dnm
198 2949 271 3012 deo:
295 2969 409 3032 quam
436 2949 649 3014 terribilia
680 2960 771 3015 sunt
805 2971 925 3031 opera
958 2952 1039 3014 tua!
1086 2956 1242 3030 postremo
1271 2979 1295 3013 a

144 3139 359 3210 lincoriptione
379 3143 404 3194 R
456 3142 592 3195 rationem
610 3160 681 3212 supr.
700 3160 748 3195 scr.
768 3161 800 3194 m.
823 3145 835 3193 l
855 3134 940 3195 Rom}
953 3142 978 3194 P
1028 3143 1063 3195 ob
1082 3141 1246 3209 ademptaP

92 3232 214 3295 ‹lgests
231 3247 278 3280 erm.
298 3228 324 3280 R
377 3230 469 3298 ὀμεῖ
487 3235 529 3282 ent
547 3227 620 3280 1-2
638 3231 683 3281 lin.
703 3247 769 3281 eros.
790 3230 815 3282 R
867 3233 959 3299 θροεῖ
983 3229 1151 3296 operationis
1168 3228 1243 3281 5-6'

94 3318 147 3367 lire.
175 3332 241 3366 eros.
260 3315 286 3367 lt
348 3315 558 3383 Bcoaptetiona
576 3315 631 3367 RF,
647 3332 679 3368 ea
698 3316 874 3383 adaptatione
893 3312 937 3376 (aa
955 3333 985 3367 ar
1003 3313 1046 3381 eo)
1060 3316 1086 3366 P
1145 3332 1199 3382 qua
1219 3314 1244 3366 R

93 3401 251 3454 canoniam
261 3402 314 3455 RI'
359 3402 591 3470 nuncupanturP
641 3403 871 3469 comparanturl'
921 3402 1089 3470 9luitqueP
1140 3402 1173 3456 10
1183 3400 1242 3454 offi-

95 3540 181 3594 cioP
232 3544 262 3594 ll
281 3535 348 3595 diP
401 3543 433 3595 12
451 3556 886 3610 comparemuseacomparamus
901 3541 926 3593 P
976 3497 1244 3608 quidemomiutelle·

94 3629 213 3697 gentico
239 3628 322 3697 (opus
348 3647 421 3700 repr.
448 3647 498 3682 ecr.
526 3647 558 3681 m.
587 3626 620 3695 2)
648 3629 675 3682 P
736 3631 769 3681 14
786 3629 914 3682 doctrina
943 3630 966 3680 lt
1030 3632 1096 3682 l'la
1120 3647 1168 3681 om.
1193 3628 1247 3682 ΒΡ

95 3716 243 3769 doctrinae
262 3716 289 3767 l'
339 3714 480 3784 accpiter
498 3715 589 3783 caepit
608 3735 639 3768 m.
661 3716 676 3767 I
695 3717 720 3767 lr
773 3731 807 3768 ex
831 3732 949 3783 persona
976 3715 1174 3781 prophetarum
1193 3714 1246 3767 PE

97 3802 133 3855 18
154 3818 197 3853 res
215 3821 284 3872 mpr.
303 3820 353 3855 scr.
373 3821 405 3854 ar.
426 3804 441 3854 1
460 3802 487 3855 R
541 3805 573 3855 lu
592 3803 643 3855 deo
663 3802 712 3859 (do
735 3801 770 3866 V)
795 3802 873 3855 VRE
888 3802 943 3855 dno
966 3802 989 3853 l'
1038 3805 1073 3855 ‘20
1091 3801 1243 3855 laudationi

97 3888 155 3942 PE
170 3888 336 3942 laudationis
356 3889 382 3942 R
434 3890 467 3942 al
488 3888 626 3941 terribilia
653 3895 717 3941 sunt
745 3907 766 3955 e,
792 3890 826 3957 cs.
851 3890 914 3957 infr.
942 3900 964 3942 et
993 3891 1112 3941 Soborier
1130 3888 1169 3942 II.
1189 3886 1242 3940 1:27

95 3974 237 4030 terribilia
246 3976 311 4029 RPb
365 3977 395 4029 in
404 3975 585 4029 multitudine
600 3977 656 4030 Rc·
664 3976 692 4028 in
702 3975 910 4056 multitudinem
930 3976 956 4029 P
1005 3977 1040 4028 22
1056 3979 1123 4028 inter
1141 3980 1205 4028 tuae
1221 3987 1243 4028 et

95 4080 270 4135 mentientur
287 4100 358 4151 arrpr·
377 4098 427 4134 aar.
446 4079 470 4132 dt
485 4091 576 4150 pecten
594 4099 661 4134 erar.
680 4081 741 4133 nal
751 4082 776 4132 R
829 4082 863 4134 23
881 4079 1033 4132 secundum
1050 4080 1070 4132 V
1123 4081 1158 4132 24
1175 4081 1243 4133 dau·

92 4170 165 4222 dnm
182 4167 299 4235 gloriam
324 4168 372 4220 Vn
398 4167 517 4235 gloriam
544 4168 663 4220 (landam
685 4169 710 4219 12·
726 4166 826 4220 dehinc
844 4194 878 4203 -
897 4166 1049 4219 larnlationi
1074 4167 1133 4219 eius
1153 4187 1200 4220 ron¹
1222 4166 1247 4218 P

93 4268 167 4309 tunc
186 4252 260 4308 dices
278 4255 343 4307 rimo
367 4254 392 4307 V
441 4255 475 4308 '25
493 4254 630 4308 terribilia
647 4262 710 4306 aunt
737 4254 771 4306 Ve
789 4252 926 4306 terribilia
946 4252 1018 4305 lll’t.
