2790 4844
196 253 258 318 592
544 251 660 305 sancti
678 251 816 304 Hilarii
836 251 1001 320 episcopi

196 444 258 508 fide
290 462 478 514 maneamus,
510 462 582 506 aum
605 441 635 505 in
660 442 770 506 timore
805 441 854 506 dei
889 442 1090 519 resideamus,
1124 462 1197 508 cum
1229 443 1261 507 in
1292 463 1340 523 spe

197 548 348 612 bonorum
364 553 552 611 aeternorum
569 546 759 610 inmoramur
777 545 872 611 adiuti
889 546 939 611 dei
963 546 1185 622 misericordia,
1209 548 1339 612 scientes

196 649 332 729 fidelem,
357 651 408 734 qui
433 651 523 714 dixit:
560 669 655 714 ecce
689 669 763 733 ego
798 648 1008 715 uobiscum
1042 670 1127 714 sum
1157 651 1339 715 omnibus

87 782 92 796 ·
198 755 343 820 diebus
374 774 501 838 usque
532 757 577 819 ad
610 754 1002 819 consummationem
1024 752 1175 829 saeculi,
1199 755 1241 818 ad
1265 753 1338 818 hunc

159 887 172 923 s
199 858 390 924 habitantem
421 859 452 923 in
475 856 566 922 nobis
589 858 704 940 gaudia
726 867 831 922 nostra
854 859 1034 935 referamne,
1058 857 1140 936 huie,
1165 859 1192 922 si
1215 859 1292 942 quid
1312 859 1337 920 in

199 962 288 1028 nobis
312 969 368 1040 est,
392 963 577 1039 debeamus;
612 982 631 1026 a
654 961 747 1026 Paulo
778 963 868 1027 beato
892 961 991 1027 edocti
1017 961 1094 1027 nihil
1117 968 1261 1027 nostmm
1285 962 1338 1027 axi·

199 1067 389 1131 stimandum
413 1067 552 1131 dicente:
578 1067 673 1150 quid
704 1065 838 1143 habes,
870 1069 975 1150 quod
1008 1087 1083 1131 non
1119 1066 1340 1147 accepisti?

200 1171 233 1235 si
257 1178 388 1235 antem
411 1171 622 1252 accepisti,
647 1170 743 1254 quid
766 1170 973 1254 gloriaris,
996 1170 1113 1254 quasi
1135 1190 1213 1235 non
1237 1190 1338 1236 acce

199 1273 337 1355 peris?
382 1283 528 1340 asancto
551 1295 625 1340 uero
648 1275 740 1339 Iacob
764 1274 940 1355 patriarcha
961 1275 1148 1340 modestiam
1171 1274 1339 1340 referenda

148 1408 173 1445 ιο
201 1379 309 1463 gratiae
332 1385 565 1463 cognoscentes,
588 1398 657 1444 cum
683 1379 772 1445 dicit:
798 1381 904 1455 deus
929 1379 994 1463 qui
1018 1378 1223 1443 enutriuit
1248 1397 1339 1442 mea

199 1485 414 1548 iuuentute
438 1503 529 1552 mea,
553 1490 591 1548 et
613 1483 786 1567 angelus
817 1503 962 1548 eruens
993 1503 1051 1547 me
1081 1503 1126 1548 ex
1157 1480 1339 1547 omnibus

201 1589 327 1653 malis,

245 1763 273 1826 4.
298 1761 369 1826 Non
401 1769 447 1826 est
478 1772 580 1826 autem
611 1762 642 1825 in
672 1781 729 1825 usu
759 1759 931 1838 hominnm,
965 1768 997 1824 nt
1020 1761 1106 1824 uiuos
1130 1759 1207 1825 alios
1230 1773 1340 1825 uorem,

201 1886 302 1949 nequa
325 1886 422 1949 usque
445 1868 484 1930 ad
507 1886 616 1931 earnes
640 1864 828 1949 gluttiendas
852 1865 922 1930 odia
944 1867 1125 1946 procedunt.
1173 1866 1231 1930 sed
1247 1882 1341 1948 nequa

150 1995 175 2031 rs
202 1989 284 2034 nunc
307 1973 346 2035 de
369 1978 455 2035 eruto
479 1992 497 2034 a
520 1977 618 2034 urorte
641 1989 770 2050 corpore
793 1969 942 2053 gaudium
965 1975 1022 2042 est,
1057 1970 1113 2034 sed
1137 1971 1178 2034 de
1202 1969 1341 2033 animae

202 2080 329 2155 peccato
342 2081 522 2139 conseruata
537 2082 630 2157 atque
646 2095 664 2137 a
680 2082 877 2154 peccatorum
893 2072 1046 2138 consortio
1060 2071 1201 2138 liberata
1232 2073 1342 2138 idcirco

202 2179 244 2242 ita
256 2179 309 2242 ait:
335 2178 462 2243 forsitan
474 2179 561 2243 uiuos
573 2177 801 2262 degluttiendos
815 2179 916 2252 fuisse,
928 2178 1045 2242 scilicet
1057 2177 1087 2241 in
1102 2196 1236 2258 corpore
1248 2176 1342 2242 adbuc

202 2283 317 2363 positos
341 2303 359 2347 a
382 2290 481 2347 morte
505 2302 651 2363 peruasos
675 2290 768 2366 atque
784 2302 802 2346 a
818 2290 944 2362 peccato
967 2287 1132 2347 comestos,
1180 2280 1251 2346 haec
1266 2281 1344 2347 enim

202 2387 343 2450 uiuorum
366 2407 450 2450 mors
475 2393 528 2461 est,
562 2387 667 2452 uiuere
698 2387 787 2463 luxui,
819 2406 935 2463 somno,
966 2383 1148 2469 sacrilegiis
1180 2384 1345 2456 adulteriis

203 2490 346 2555 caedibus.
393 2492 450 2554 deo
475 2511 550 2575 crgo
574 2491 681 2575 gratiae
698 2493 829 2576 agendae
845 2498 916 2555 sunt
931 2489 1068 2554 manenti
1084 2489 1115 2553 in
1132 2489 1236 2566 nobis,
1268 2489 1345 2574 quod

202 2594 373 2676 perfidem
397 2595 462 2659 eius
485 2595 719 2678 doctrinamque
741 2595 880 2660 uiuentes
905 2613 964 2658 non
982 2592 1187 2678 degluttimur
1210 2594 1251 2659 ab
1275 2593 1346 2658 istis

202 2698 237 2764 fit
260 2719 334 2783 ergo
358 2697 409 2763 hie
431 2698 461 2761 in
487 2697 690 2782 gratulatione
721 2700 803 2775 ordo,
835 2699 887 2781 qui
919 2705 965 2763 est
996 2705 1026 2762 et
1055 2697 1087 2760 in
1121 2696 1349 2782 iniquitatibus.

203 2823 275 2867 nam
292 2803 364 2886 quia
387 2803 425 2866 ab
449 2803 683 2886 insurgentibus
700 2803 834 2882 primum
850 2804 1000 2866 aduersus
1026 2821 1083 2866 nos
1107 2802 1270 2886 degluttiti
1293 2822 1351 2867 non

247 3032 263 3083 3
282 3029 380 3083 Matth.
400 3029 524 3096 XXVIII,
543 3031 584 3082 20.
622 3031 637 3082 7
656 3030 668 3082 Ι
688 3028 748 3081 Cor.
766 3030 792 3094 4,
810 3030 834 3080 7.
873 3029 905 3082 10
924 3026 991 3081 Gen.
1010 3025 1133 3094 XLVIII,
1155 3029 1198 3083 15.

250 3224 330 3288 lspc
351 3221 403 3272 (1'1'
419 3219 527 3273 sedeR
580 3218 725 3273 ofidelem
753 3219 801 3287 qui
821 3219 846 3270 G
864 3217 974 3271 fidelem
1001 3233 1065 3270 eum
1092 3215 1141 3284 qui
1168 3218 1254 3272 RPE
1305 3235 1353 3289 ego

204 3326 252 3360 ora.
265 3307 290 3360 G
342 3309 359 3360 5
375 3308 403 3359 in
418 3307 498 3360 nobis
513 3308 605 3376 scripsi
614 3324 670 3359 curn
680 3324 700 3371 e,
716 3307 750 3374 cf.
761 3306 824 3373 infr.
834 3307 879 3357 lin.
891 3303 937 3369 20,
947 3305 990 3357 abi
1001 3304 1052 3356 GR
1067 3303 1097 3356 in
1113 3305 1201 3360 nobis
1213 3309 1355 3377 praebeat·

204 3397 226 3448 t.
246 3396 262 3447 i.
285 3394 309 3446 G
328 3395 377 3461 Ieyi
394 3403 552 3463 conpareat,
577 3392 605 3444 in
624 3409 673 3444 nos
693 3392 745 3444 ΗΡ
795 3396 812 3445 6
830 3408 846 3444 a
864 3390 949 3443 Paulo
973 3390 1054 3443 beato
1077 3389 1174 3444 edocti
1194 3393 1221 3445 R
1240 3411 1259 3447 a
1277 3394 1356 3464 paulo

204 3483 284 3535 beato
304 3480 401 3533 edocet
422 3483 446 3529 (ι’
464 3480 578 3533 abesto
597 3480 683 3532 Panlo
707 3479 783 3532 docti
802 3478 828 3530 P
878 3477 979 3545 'anid
1007 3477 1092 3532 habes
1112 3477 1168 3530 GR
1187 3480 1261 3547 quId
1285 3481 1355 3534 enim

203 3568 289 3623 habes
309 3567 335 3619 P
350 3567 417 3634 qnid
435 3572 528 3620 autem
546 3565 657 3619 habese
709 3564 907 3620 dmodestiam
924 3561 1090 3617 modes**G
1146 3566 1180 3619 ll
1201 3565 1355 3621 serucnsG

208 3657 238 3708 14
254 3666 313 3725 post
340 3671 426 3721 usque
453 3655 565 3724 spatium
584 3650 659 3705 2-3
676 3654 752 3706 litter.
779 3669 835 3704 nac.
864 3653 891 3703 ia
918 3669 983 3704 ocra
1010 3651 1112 3703 incunte
1140 3650 1169 3704 R
1225 3655 1263 3709 15
1281 3653 1355 3707 uerba

204 3741 296 3795 anima
314 3770 348 3779 -
366 3747 450 3808 atquc
468 3743 495 3793 in
516 3740 540 3792 G
559 3758 625 3792 nunc
643 3741 694 3807 legi
711 3748 843 3807 nequeant,
861 3739 907 3790 aad
923 3755 954 3791 aa
972 3737 1007 3790 idi
1024 3754 1122 3806 qaroqae
1131 3738 1227 3805 juisse
1246 3744 1356 3812 spadam

206 3831 280 3881 anius
290 3830 372 3881 lineae
381 3830 537 3881 demonstrat
592 3825 938 3881 reconseruaztzan
990 3823 1108 3877 liberata
1122 3824 1178 3878 GR
1191 3827 1358 3896 separataP

208 3969 239 4018 17
257 3924 405 4021 itiaitGita
423 3967 547 4020 aitnait
557 3967 610 4018 PE
659 3966 823 4019 forsitamG
876 3963 1068 4030 deglutiendos
1080 3963 1164 4016 GRP
1219 3969 1255 4021 19
1275 3969 1356 4023 sacri·

206 4054 314 4121 Iegisfr'
366 4057 401 4108 20
418 4054 541 4106 manenti
560 4053 588 4106 in
607 4054 685 4107 nobis
704 4053 755 4105 GR
770 4057 899 4104 manente
911 4051 940 4104 in
952 4067 1001 4103 nos
1018 4050 1044 4103 P
1094 4052 1127 4104 21
1146 4052 1358 4124 degluttimG

207 4139 377 4207 deglutimur
395 4139 448 4191 nr>
497 4120 538 4191 22¹
550 4144 578 4193 et
596 4139 624 4192 in
644 4139 837 4207 iniquitatibus
853 4139 878 4189 n
889 4137 919 4189 in
937 4136 1132 4205 iniquitatibus
1144 4139 1185 4193 Pe
1241 4146 1279 4200 28
1298 4161 1358 4199 nam

207 4226 272 4293 quia
293 4227 317 4277 G
335 4225 371 4279 na
390 4224 438 4292 qui
456 4225 481 4276 P
497 4243 616 4294 namque
635 4245 665 4280 ea
682 4225 793 4292 namqui
815 4225 846 4276 R.
