2790 4844
151 261 214 328 722
490 264 608 317 sancti
632 263 766 318 Hilarii
793 261 956 332 episcopi

150 454 312 530 siecum,
344 459 381 518 et
415 452 551 517 diuisa
585 460 646 518 est
679 473 796 536 aqua;
832 462 861 518 et
884 455 1042 536 quomodo
1068 474 1159 520 nunc
1184 456 1301 521 rubrum

150 558 290 622 marein
314 556 481 622 diuisioues
504 556 675 622 diuiditur?
720 557 780 622 nisi
803 557 874 641 quia
904 557 1047 623 existimo
1071 559 1135 623 sub
1161 560 1301 625 relatione

150 669 308 745 gestorum
331 662 476 743 spiritalis
500 661 647 727 doctrinae
667 662 808 728 ordinem
824 663 982 728 contineri.
1029 664 1210 730 suadentes
1226 665 1299 730 eninr

151 767 339 851 Aegyptum,
363 786 432 849 quse
456 766 560 831 saecmi
584 767 685 831 forme
707 773 763 838 est,
787 774 818 831 et
840 767 878 830 ad
902 772 1015 831 terram
1041 769 1300 848 repromissionis

111 899 123 934 s
150 890 245 954 quam
279 870 451 937 secundum
486 870 681 955 euangelium
716 871 798 935 beati
831 869 1060 948 hereditabunt,
1100 880 1219 938 euntes
1251 893 1299 953 per

150 976 276 1040 mbmm
300 995 394 1050 mare,
428 976 531 1040 idest
554 995 609 1056 per
632 975 771 1040 eiusdem
796 974 886 1040 huius
909 973 1013 1039 saeouli
1037 976 1187 1042 turbidos
1210 990 1298 1042 aestus

150 1085 180 1143 et
203 1079 384 1144 fluctuantes
415 1085 517 1144 motus
547 1079 756 1151 transibimus,
785 1079 818 1143 in
847 1097 908 1161 quo
938 1077 1044 1159 plures
1075 1079 1116 1143 ad
1144 1081 1206 1146 iter
1228 1081 1297 1145 diui·

150 1183 253 1248 siones
277 1190 357 1248 suut.
402 1182 469 1248 aliis
486 1184 569 1248 enim
585 1204 640 1264 per
656 1183 769 1248 ieiunia
784 1182 842 1248 iter
857 1188 912 1259 est,
935 1181 1005 1247 aliis
1027 1203 1086 1264 per
1108 1186 1296 1265 pudicitiam

149 1287 217 1352 aliis
239 1307 295 1368 per
325 1288 565 1373 eleemosynam,
595 1307 651 1368 per
684 1286 789 1364 fidem,
823 1306 878 1367 per
910 1306 1008 1368 spem,
1038 1307 1098 1369 per
1129 1290 1295 1354 caritatem.

99 1416 123 1453 ιο
150 1395 181 1456 et
204 1390 271 1456 haec
293 1391 397 1458 omnia
431 1392 570 1457 diuersas
603 1410 729 1456 necesse
764 1396 812 1455 est
845 1390 980 1456 habeant
1009 1391 1187 1458 diuisiones
1210 1394 1294 1458 huius

140 1484 244 1560 ¹meris
268 1496 454 1573 transeundi,
488 1496 632 1561 omnibus
667 1501 769 1560 tamen
803 1515 859 1576 per
892 1495 948 1560 has
981 1496 1105 1561 uiarum
1131 1498 1293 1563 diuisione

149 1601 209 1665 iter
230 1600 334 1666 saeouli
358 1600 539 1666 transitumn.

195 1703 243 1768 15.
269 1703 429 1770 Conclusio
464 1711 567 1769 autem
601 1703 720 1785 psalmi,
755 1711 789 1768 ut
822 1703 890 1769 haec
923 1703 1028 1769 omnia
1052 1706 1093 1769 de
1115 1705 1228 1771 suturis
1250 1706 1290 1769 iu·

150 1807 341 1892 tellegautur,
379 1809 495 1874 maiore
532 1809 595 1873 fide
631 1808 743 1886 firmet,
781 1829 852 1873 cum
887 1808 943 1872 ait:
981 1809 1017 1873 iu
1057 1809 1288 1876 humilitate

84 1914 124 1972 ’11
150 1919 291 1977 nostra
324 1933 474 1977 memor
508 1913 586 1978 luit
619 1913 752 1978 nostri
790 1913 994 1978 dominus:
1032 1916 1226 1996 quoniam
1254 1913 1284 1976 in

150 2015 297 2081 seeoula
319 2017 607 2082 misericordie
630 2017 726 2082 eius.
771 2023 809 2083 et
831 2018 1160 2084 redemitnosde
1183 2036 1282 2082 manu

150 2120 408 2185 inimicorum
431 2129 679 2188 nostrorum:
703 2121 1118 2205 quonieminsaecnle
1140 2120 1280 2187 miseri·

150 2224 407 2290 cordiaeius.
449 2226 516 2309 qui
550 2227 619 2290 dat
652 2245 787 2292 escam
811 2226 915 2291 omui
939 2226 1071 2292 cerni:
1106 2225 1275 2310 quonism

151 2328 188 2392 in
213 2328 361 2394 saeouls
384 2330 674 2395 misericordia
697 2331 793 2396 eius.
817 2330 1170 2396 confitemiuideo
1191 2326 1274 2393 ccli:

99 2453 124 2490 e
151 2433 339 2516 quonism
377 2435 415 2498 iu
454 2434 602 2499 saeoule
639 2434 932 2500 misericordia
969 2434 1068 2499 eius.
1113 2454 1173 2499 non
1208 2431 1270 2497 enin

150 2542 268 2601 tautum
292 2557 413 2602 memor
436 2537 493 2602 suit
515 2537 696 2603 humilitatis
719 2538 864 2603 humana
887 2539 973 2619 deus,
1005 2558 1075 2604 cum
1099 2539 1138 2603 ad
1160 2537 1268 2602 liberau-

150 2641 223 2704 dum
247 2640 393 2722 populum
418 2663 455 2707 ex
480 2643 625 2726 Aegypto
644 2641 775 2727 Moysen
800 2643 912 2707 ducem
934 2641 1019 2725 legit,
1050 2643 1106 2708 sed
1128 2638 1266 2723 perfectu

151 2763 271 2810 memor
293 2745 349 2809 suit
372 2744 554 2811 humilitatis
578 2752 699 2823 nostrae,
723 2766 794 2811 eum
817 2744 917 2827 ipsam
934 2744 1140 2812 humilitatem
1156 2749 1263 2809 nostran

150 2867 315 2929 corporeus
339 2856 428 2914 natus
452 2850 632 2930 adsumpsit,
655 2870 725 2916 oum
742 2849 801 2915 hoc
817 2848 934 2915 humile
948 2857 1166 2935 terrenumque
1179 2860 1262 2925 cerpus

97 2971 123 3008 2⁵
150 2951 250 3036 gloria
271 2953 302 3017 in
327 2973 359 3019 se
383 2960 499 3018 naturae
523 2953 654 3020 celestis
677 2953 839 3035 absorpsit.
884 2973 985 3038 neque
1008 2960 1083 3020 tuuc
1104 2951 1223 3019 redemit
1235 2946 1260 3008 dr

151 3076 245 3120 manu
267 3058 470 3134 inimicomm,
487 3078 559 3123 oum
582 3078 636 3123 eos
658 3080 676 3123 a
699 3059 859 3124 dominatu
874 3059 1100 3143 Aegyptiomm
1124 3055 1258 3123 exemit*

150 3179 222 3225 nam
245 3167 351 3241 postea
373 3161 507 3227 inimicis
538 3162 652 3227 subditi
683 3168 755 3227 sunt
784 3168 816 3228 et
845 3162 937 3228 hodie
966 3164 1032 3228 inre
1058 3162 1149 3228 alieni
1170 3149 1258 3238 imperii

149 3261 354 3330 cohercentur
376 3302 418 3312 —
442 3266 496 3330 sed
527 3266 659 3331 redemit
688 3286 753 3344 nos,
785 3286 857 3332 cum
888 3286 921 3331 se
944 3286 1000 3347 pro
1022 3267 1156 3348 peccatis
1176 3254 1258 3328 nostd

207 3389 209 3397 1
1195 3377 1202 3405 l

192 3422 361 3475 2relatione
380 3440 410 3474 ec
426 3422 598 3476 reuelatione
616 3423 643 3476 T
693 3424 870 3492 dgestorum
889 3441 919 3476 er
936 3423 1110 3492 gistorumlt
1158 3424 1259 3487 41112Γ

113 3551 114 3554 ,
149 3508 242 3562 culiT
292 3510 377 3577 oper
396 3509 512 3563 rubrum
529 3525 606 3562 mure
619 3508 695 3562 RPT
712 3527 762 3578 per
779 3525 856 3562 mare
874 3510 1029 3563 rubrumli
1079 3505 1260 3565 'ltrsnsilrittlIs

150 3595 191 3647 Re
217 3595 396 3649 transiuimus
424 3594 451 3647 P
474 3595 624 3649 transimus
650 3596 688 3649 Te
740 3597 963 3665 9elemosynam
991 3596 1037 3649 Re
1064 3581 1262 3650 elemosinarii

148 3681 316 3735 aelemosina
346 3682 372 3734 P
431 3683 465 3734 14
481 3682 585 3734 maiore
615 3680 670 3735 fide
699 3681 792 3736 firmat
821 3682 877 3736 RE
902 3682 1007 3736 maiore
1038 3682 1132 3737 firmat
1160 3680 1209 3735 flue
1231 3668 1264 3728 ΡΓ

149 3768 306 3823 humilitate
332 3787 362 3821 es
388 3768 526 3822 umilitate
550 3788 582 3821 m.
609 3770 624 3821 1
643 3768 668 3819 B
723 3771 755 3824 15
773 3770 801 3822 in
829 3770 939 3824 saecula
957 3769 983 3823 R
1000 3769 1031 3824 in
1058 3771 1196 3824 saeculnm
1211 3756 1268 3820 ΡΓΕ

151 3859 183 3909 16
195 3860 223 3908 et
241 3855 359 3909 redemit
378 3883 411 3892 —
430 3855 505 3908 omni
525 3854 608 3923 carni,
628 3857 758 3924 quoniam
777 3856 805 3909 in
819 3855 928 3910 saecula
939 3853 1197 3912 misericordiosius
1205 3846 1270 3909 cond

240 3952 270 3980 nu

149 3994 183 4047 de
201 4010 247 4047 ma
282 3994 309 4046 P
359 3997 393 4048 12
410 3994 581 4048 confitemini
599 4021 633 4032 -
651 3995 842 4049 misericordia
865 3995 923 4049 sius
941 4013 989 4049 om.
1009 3996 1061 4049 PT
1078 3997 1134 4062 (lic
1156 3995 1277 4051 1111111111

149 4091 217 4135 extat
235 4083 262 4132 in
282 4080 319 4145 ll)
373 4084 534 4136 2111111111111
554 4081 617 4135 RPe
635 4088 702 4135 tunc
720 4087 829 4137 tanturn
848 4082 888 4135 Te
940 4084 975 4136 22
992 4082 1065 4153 legit
1077 4085 1158 4139 RPT
1175 4078 1281 4155 elegitd

149 4170 183 4222 25
210 4166 348 4235 absorpsit
367 4169 421 4221 RE
445 4168 582 4222 sbsorbsit
601 4169 626 4220 T
651 4171 679 4221 in
695 4187 777 4238 mcrp.
796 4170 940 4224 absorbuit
958 4170 985 4222 P
1000 4172 1125 4240 assdpsit
1144 4173 1170 4227 Τ
1185 4176 1212 4226 in
1237 4181 1286 4226 sar.

148 4258 184 4310 28
202 4253 385 4309 cohercentur
402 4255 479 4307 121⁷!
530 4272 579 4309 nos
598 4255 679 4308 RTE
694 4273 742 4311 om.
763 4257 798 4310 P.
