2790 4844
80 304 82 308 Α
141 222 203 288 212
479 222 598 276 sancti
622 221 759 275 Hilarii
784 220 945 291 epiceopi

142 433 243 499 neque
266 412 378 478 Iudeis
401 433 503 497 neque
527 413 644 479 Graecis
678 432 778 495 neque
801 410 939 478 ecclesie
961 411 1138 477 scandalum
1164 418 1221 490 est,
1244 430 1281 475 ne

144 518 257 583 hebeat
280 518 473 584 aduersarius
504 516 585 582 mele
608 517 646 582 de
668 537 701 581 se
725 517 800 600 quid
824 516 914 600 loqui,
937 515 988 580 illo
1010 515 1138 599 quidem
1162 515 1281 580 obtrec-

144 624 228 689 tandi
251 622 386 688 studium
407 620 659 704 uoluntatemque
683 622 845 698 retinente,
868 613 1011 705 quemuis
1026 640 1060 685 se
1075 618 1128 684 ille
1150 618 1281 684 liberum

144 727 182 792 eb
205 726 290 791 omni
313 725 541 791 obtrectationis
576 727 735 791 occasione
769 731 946 806 prestaret,
981 724 1061 807 quod
1096 736 1128 789 et
1160 725 1192 788 in
1225 722 1283 820 hpc

105 857 117 891 e
145 838 250 897 sancto
272 832 304 895 in
328 830 378 896 siti
401 835 540 896 currente
564 830 785 914 cognoscimus.
830 831 969 913 seqnitur
991 829 1088 893 enim:
1123 847 1191 894 ore
1215 847 1283 893 suo

144 935 449 1001 benedicebant
478 941 517 1000 et
547 935 668 1000 corde
699 954 766 998 sno
796 933 1109 1010 maledicebant,
1151 951 1224 997 cum
1254 940 1285 998 et

144 1049 361 1105 concernentes
385 1040 534 1103 honorem
558 1058 648 1103 suum
671 1037 838 1119 probabilis
867 1039 938 1103 uitae
973 1036 1167 1103 confessione
1191 1037 1285 1102 bene-

145 1145 283 1211 dicerent
306 1150 336 1208 et
358 1144 512 1209 interioris
535 1143 598 1208 odii
622 1142 812 1227 malignitate
836 1142 1068 1207 maledicerent.

189 1268 218 1332 b.
242 1265 305 1330 Sed
328 1266 368 1334 id.
392 1266 472 1348 quod
496 1264 554 1330 sibi
579 1267 713 1330 maxime
736 1264 869 1330 salutare
892 1272 947 1339 est,
971 1275 1094 1329 sanctus
1116 1263 1175 1327 iste
1192 1263 1285 1328 etiam

96 1393 119 1428 ιο
147 1369 316 1451 diapsalma
346 1371 569 1434 interueniente
600 1371 804 1452 congeminat,
835 1368 999 1433 indefesse
1032 1366 1064 1431 in
1094 1365 1184 1431 nobis
1216 1386 1288 1431 con·

145 1475 289 1540 sessionis
312 1473 572 1553 perseuerantiam
604 1478 744 1553 oportere
774 1492 843 1537 csse
874 1472 1098 1536 demonstrans.
1145 1471 1287 1554 seqnitur

146 1579 245 1643 enim:
283 1585 562 1642 cerumtamen
600 1578 672 1641 deo
710 1578 897 1641 subiecta
934 1580 993 1641 est
1030 1575 1160 1638 anime
1192 1593 1286 1653 mee,

147 1683 333 1766 quoniam
357 1681 404 1745 ab
428 1682 516 1761 ipso
540 1687 601 1745 est
623 1682 829 1761 patientia
853 1699 945 1744 mee.
991 1680 1084 1762 quia
1114 1678 1204 1758 ipse
1227 1688 1289 1742 est

148 1787 244 1851 deus
274 1805 382 1849 meus
412 1792 451 1850 et
481 1785 664 1851 seluetor
702 1805 820 1860 moue,
859 1784 1021 1849 adiutor
1058 1802 1177 1859 meus,
1214 1800 1288 1845 non

97 1911 120 1946 ιο
148 1890 364 1973 emigrabo.
411 1889 447 1953 in
480 1888 551 1954 deo
582 1888 762 1954 selutere
801 1908 925 1953 meum
957 1898 994 1951 et
1023 1885 1161 1970 glorie
1196 1905 1288 1960 mee,

149 1997 245 2058 deus
269 1992 414 2058 auxilii
439 1994 523 2073 mci,
549 2006 586 2058 et
609 2013 701 2074 epos
733 2014 818 2058 mea
848 1994 885 2057 in
914 1992 986 2056 deo
1010 2010 1102 2056 meo.
1138 1989 1290 2070 inpellant

149 2099 274 2182 quidem
299 2099 348 2162 isli
371 2097 550 2162 inclinatum
573 2100 721 2178 parietem
747 2096 974 2179 maceriamque
996 2096 1058 2159 iam
1083 2113 1231 2178 quassam
1252 2102 1290 2166 et,

149 2201 350 2267 benedicente
373 2201 444 2266 licet
466 2221 526 2279 ore,
557 2204 650 2266 eorde
675 2201 864 2280 maledicant,
896 2201 953 2265 scit
982 2207 1086 2264 temen
1116 2198 1288 2263 subiectam

150 2306 285 2371 enimam
309 2325 397 2370 suem
422 2307 478 2370 deo
501 2325 570 2370 esec
591 2312 739 2386 oportere,
763 2306 835 2388 quie
850 2306 890 2369 ab
906 2307 973 2385 ipso
996 2303 1143 2384 patientia
1163 2322 1219 2366 sue
1243 2303 1290 2366 sit

52 2469 55 2474 .
97 2427 122 2465 20
151 2411 259 2475 didicit
289 2410 371 2474 enim
402 2409 440 2473 ab
472 2429 508 2474 eo
539 2429 597 2474 non
628 2419 767 2474 euertere
800 2408 910 2474 faciem
951 2429 969 2472 e
998 2406 1201 2489 sputamentis
1233 2425 1291 2472 nec

150 2512 332 2579 subtrahere
363 2513 460 2594 alapis
491 2511 631 2577 maxillae
668 2534 725 2578 nec
765 2515 931 2593 potandum
963 2533 1034 2576 oum
1064 2510 1136 2576 selle
1168 2516 1292 2576 acetum

150 2638 278 2684 renuere
309 2637 366 2683 neo
397 2627 464 2697 post
498 2616 643 2697 colaphos
668 2624 699 2682 et
721 2616 843 2701 flagella
875 2616 1069 2681 maledicere.
1115 2614 1184 2694 ipse
1208 2616 1292 2679 enim

150 2723 226 2788 deus
249 2742 321 2787 suus
346 2730 392 2786 est
406 2728 499 2805 etque
515 2721 656 2799 saluator,
680 2723 745 2802 ipse
762 2722 853 2786 etiam
870 2722 999 2796 adiutor,
1024 2739 1062 2784 nc
1078 2719 1116 2783 de
1132 2719 1292 2799 patientie

150 2825 240 2890 buius
263 2826 493 2906 perseuerantia
516 2827 644 2909 speique
668 2846 729 2890 susc
752 2825 866 2890 fiducie
889 2837 990 2890 motus
1010 2823 1153 2907 emigret.
1200 2824 1233 2887 in
1257 2843 1292 2887 eo

99 2949 123 2985 a
151 2932 232 2996 enim
258 2937 304 2994 est
327 2931 408 2995 selus
432 2937 462 2994 et
484 2928 582 3012 gloria
610 2931 676 2994 cius
700 2936 730 2994 et
752 2949 832 3010 spes,
863 2930 916 3012 qni
945 2947 977 2993 se
1006 2926 1209 2993 coexcitatum
1234 2928 1292 2992 sibi

150 3035 340 3101 conformem
364 3035 405 3098 sit
428 3032 542 3098 caelesti
566 3054 628 3098 suae
651 3034 757 3118 glorire
780 3033 963 3098 redditurus.

195 3226 344 3281 leoleaiee
367 3225 393 3278 V
441 3224 645 3278 bretinereV
695 3242 879 3295 occuparer.
900 3221 935 3275 P¹
988 3224 1051 3275 4et
1075 3223 1136 3275 odd
1161 3240 1195 3274 m.
1222 3219 1242 3273 2
1270 3219 1292 3273 V

151 3310 235 3381 bodi
260 3312 334 3364 enim
359 3313 385 3364 11
438 3313 639 3365 'lconseraent
662 3311 710 3364 Vn
764 3309 1006 3365 benedicebantR
1058 3309 1123 3361 8et
1150 3307 1288 3362 interioris

151 3401 206 3453 oris
232 3399 406 3467 malignitate
434 3399 484 3450 Pr
509 3396 548 3461 (in
578 3399 603 3450 P
627 3398 682 3451 oris
709 3417 780 3467 supr.
807 3415 856 3450 scr.
884 3416 917 3449 m.
938 3394 988 3462 11)
1041 3394 1152 3462 9quod
1170 3396 1287 3448 maxima

152 3486 203 3540 sibi
227 3486 252 3540 V
303 3488 336 3539 10
353 3485 524 3553 diabpsalma
541 3484 699 3538 inueniente
716 3485 742 3537 P
793 3487 823 3537 11
844 3481 1050 3552 perseuerantia
1069 3482 1096 3534 P
1147 3483 1180 3536 rt
1199 3486 1229 3535 et
1246 3498 1288 3550 pa·

151 3572 250 3627 tientie
268 3572 295 3624 P
346 3574 379 3625 14
396 3572 463 3624 dene
490 3589 567 3626 meua
595 3576 623 3625 et
647 3570 680 3624 V¹
698 3572 978 3625 ᾱεοοΞΞΞΞοι
998 3569 1022 3620 Ρ
1045 3568 1081 3638 cf.
1109 3569 1231 3622 Scbctier
1255 3568 1288 3637 11,

155 3658 211 3712 122
228 3659 296 3712 deuo
314 3663 343 3713 et
366 3655 481 3713 V’RTE
532 3659 733 3712 resalutamus
750 3675 842 3713 meum
861 3659 885 3712 V
937 3661 969 3712 16
987 3653 1092 3710 auxilie
1109 3654 1166 3709 mei
1184 3655 1211 3708 R
1261 3656 1290 3711 in

152 3748 203 3801 deo
221 3746 238 3801 ὁ
256 3747 296 3799 Re
348 3745 483 3814 inpellant
500 3745 612 3813 quidem
630 3745 707 3799 insiti
721 3747 747 3799 11
809 3749 841 3800 17
859 3750 888 3799 et
900 3743 1094 3799 benedicentes
1107 3742 1133 3795 T
1184 3743 1217 3796 21
1238 3759 1292 3798 ma·

152 3834 240 3888 xellae
270 3833 295 3886 V
349 3832 502 3900 potandum
531 3851 562 3885 ec
590 3833 742 3901 putandum
771 3851 805 3886 m.
836 3831 856 3885 2
890 3832 915 3886 V
941 3829 1094 3900 putendum
1125 3829 1152 3882 P
1203 3827 1241 3883 iel
1272 3831 1292 3884 V

152 3922 187 3974 ‘22
210 3936 345 3974 rennuere
376 3920 428 3972 RP
489 3919 592 3973 colafos
630 3920 701 3973 Vl'F
764 3922 799 3974 13
823 3919 913 3987 adque
948 3914 1033 3972 VRP¹
1100 3916 1241 3985 patientie
1270 3918 1292 3973 11

154 4010 190 4062 24
207 4006 308 4060 fiducie
325 4025 355 4059 ee
372 4004 489 4060 fiduciae
507 4006 626 4060 m.2V
676 4012 769 4059 mutuo
792 4024 863 4077 eepr.
888 4024 937 4060 scr.
956 4023 990 4058 m.
1009 4004 1070 4057 11³
1122 4005 1292 4085 eemigretl

155 4113 189 4165 25
208 4111 282 4164 celus
301 4109 327 4175 (a
345 4112 372 4163 in
389 4128 435 4164 ras
460 4129 493 4163 m.
514 4112 537 4178 Ι,
554 4122 642 4180 postea
661 4111 684 4166 ie
702 4109 783 4175 erce.)
803 4111 828 4164 11
881 4115 909 4164 et
928 4125 989 4177 spes
1008 4126 1039 4162 a
1056 4111 1099 4161 ert
1115 4118 1180 4175 apes
1194 4127 1227 4161 m.
1241 4107 1292 4167 2p

154 4200 189 4252 26
205 4209 263 4267 poet
281 4214 346 4250 auae
364 4197 435 4250 3-1
455 4199 501 4250 litt.
520 4215 585 4250 erae.
605 4198 637 4251 11.
