2790 4844
158 249 199 312 '26
500 249 617 304 sancti
642 248 776 301 Hilarii
801 247 962 316 episcopi

137 459 283 514 ¹manere
307 458 360 503 eos
383 437 521 503 uolentes
544 437 634 502 otiam
659 437 689 501 in
714 436 929 502 ecclesiastica.
953 436 1032 520 legis
1055 438 1219 500 sanctitate
1241 455 1302 500 non

157 544 277 624 patitur.
324 550 354 607 et
384 543 525 626 quamuis
548 541 685 627 religiosi
707 542 854 622 propositi
878 549 1002 607 tenaces
1025 541 1094 618 sint,
1117 548 1221 606 tamon
1244 561 1301 622 per

156 648 370 713 necessitatem
387 647 471 711 sedis
487 648 618 711 obtenta
635 652 700 711 tum
717 648 757 711 ad
772 645 997 722 contumeliam,
1014 653 1080 710 tum
1096 648 1134 711 ad
1149 645 1300 723 iniuriam,

157 758 221 816 tum
241 753 281 816 ad
301 770 422 831 poenam
446 757 610 816 cunctante
634 750 705 815 licet
727 750 882 815 uoluntate
905 757 1064 835 coguntur,
1088 750 1224 834 facitque
1247 769 1300 814 eos

117 887 129 922 a
155 856 326 921 necessitas
349 855 540 920 necessitatis
562 856 658 936 ipsius
682 875 750 919 esse
774 855 949 935 participes,
976 875 1047 919 curn
1071 862 1228 938 tamquam
1252 853 1302 919 lue

155 961 295 1025 morbida
309 960 494 1024 imbuuntur.
540 960 700 1024 etidcirco
717 959 796 1023 hanc
812 979 917 1024 eorum
929 959 1108 1023 cathedram
1121 958 1301 1023 cathedram

155 1063 337 1145 pestilentia
374 1063 526 1147 propheta
559 1064 766 1147 cognominat,
802 1065 873 1147 quia
906 1064 1089 1147 contagione
1119 1083 1175 1127 sua
1207 1064 1300 1128 etiam

154 1168 343 1232 uoluntatem
367 1167 519 1251 religiosae
542 1169 655 1232 mentis
677 1168 803 1232 inliciat.

201 1273 249 1336 11.
274 1272 335 1337 Sed
359 1271 576 1338 beatitudinem
600 1273 659 1336 uiri
681 1273 817 1336 nondum
841 1271 890 1337 nel
924 1273 955 1335 in
978 1272 1142 1353 impiorum
1172 1270 1298 1335 consilio

103 1406 127 1441 ιο
154 1397 214 1441 non
238 1378 309 1453 isse,
331 1376 381 1441 uel
404 1377 435 1440 in
457 1381 653 1456 peccatorum
677 1378 726 1441 uia
749 1397 808 1440 non
834 1376 965 1454 stetisse,
989 1376 1038 1441 uel
1060 1376 1090 1440 in
1113 1375 1298 1456 pestilentia

154 1479 302 1546 cathedra
335 1500 395 1544 non
426 1481 545 1545 sedisse
578 1487 781 1545 consummat.
834 1487 963 1563 possunt
992 1481 1073 1544 enim
1107 1473 1175 1544 haec
1205 1486 1236 1544 et
1265 1481 1297 1544 in

155 1584 293 1648 saeculari
323 1584 388 1648 uiro
419 1584 555 1664 reperiri,
586 1591 618 1649 ut
640 1604 735 1649 unum
766 1586 856 1649 deum
888 1604 956 1649 esse
988 1591 1157 1649 creatorem
1188 1584 1294 1648 mnndi

154 1688 304 1770 opinetur,
339 1693 372 1751 ut
394 1709 412 1751 a
434 1689 570 1769 peccatis
604 1709 638 1753 se
671 1709 728 1769 per
761 1689 896 1753 studium
930 1691 1079 1753 modestae
1112 1688 1296 1753 innocentia

153 1791 275 1865 referat,
298 1799 332 1855 ut
355 1790 504 1856 honorum
529 1793 730 1877 dignitatibus
752 1793 887 1874 priuatae'
904 1799 934 1857 et
957 1792 1128 1876 tranquillae
1150 1793 1222 1857 nitae
1238 1793 1299 1857 otia

102 1901 326 1976 1santeponat.
372 1897 427 1960 sed
457 1897 627 1977 perfectum
659 1917 741 1962 nnnc
772 1898 828 1962 deo
857 1897 957 1962 uirum
995 1895 1148 1980 propheta
1177 1898 1299 1961 consor-

153 2020 249 2077 mans,
272 2007 303 2064 et
326 2020 417 2083 quem
441 2001 471 2065 in
497 2002 619 2086 magnis
641 2007 763 2068 aeternae
787 2002 986 2066 beatitudinis
1009 2002 1173 2066 constituat
1192 2021 1298 2066 errem-

151 2103 219 2185 pliS,
244 2124 303 2167 non
328 2106 541 2170 communibus
565 2126 635 2170 eum
658 2108 697 2171 ad
720 2106 753 2170 id
776 2107 866 2170 docet
888 2125 1013 2170 usurum
1037 2125 1105 2170 esse
1121 2106 1296 2178 uirtutibus,

152 2209 207 2272 sed
230 2207 280 2272 his
304 2211 581 2274 consummandum
607 2229 683 2286 esse,
706 2216 739 2274 ut
753 2209 862 2275 beatus
878 2210 927 2283 sit,
952 2230 1019 2293 quae
1042 2216 1202 2274 secuntur:
1227 2208 1299 2274 sed

151 2311 190 2375 in
221 2312 313 2396 lege
336 2312 490 2377 domini
515 2314 593 2377 init
615 2314 805 2378 noluntas
837 2314 932 2378 eius.
978 2313 1128 2378 abstentio
1159 2313 1296 2392 superio·

99 2443 125 2480 20
152 2436 218 2480 rum
243 2417 358 2482 inutilis
382 2425 439 2483 est.
462 2418 521 2482 nisi
544 2419 576 2482 in
599 2419 820 2502 consequentia
842 2417 1026 2483 adhibeatur
1044 2418 1186 2482 intentio:
1211 2415 1295 2481 scili·

151 2527 200 2584 cet
223 2522 308 2585 utin
332 2521 402 2606 lege
434 2523 547 2587 domini
570 2522 711 2587 uoluntas
735 2523 784 2586 sit.
829 2542 889 2585 non
915 2528 1057 2603 expectat
1078 2520 1239 2602 propheta,
1260 2525 1295 2585 ut

150 2630 253 2688 metus
277 2626 325 2689 sit.
371 2626 473 2707 plures
498 2627 578 2691 enim
602 2628 682 2690 intra
697 2612 802 2710 legem
817 2634 918 2691 metus
934 2624 1066 2721 cohibet,
1090 2645 1204 2706 paucos
1219 2646 1294 2690 uero

149 2727 290 2793 uoluntas
313 2730 469 2794 constituit
491 2730 522 2794 in
546 2730 632 2814 lege:
657 2731 728 2814 quia
744 2731 862 2795 timoris
878 2737 933 2807 est,
958 2750 1019 2793 non
1031 2731 1145 2794 andere
1157 2729 1296 2795 timenda

150 2832 334 2915 neglegere;
358 2835 504 2915 perlectae
528 2856 601 2900 uero
624 2835 781 2919 religionis
795 2841 850 2912 est,
873 2835 1061 2916 praescriptis
1077 2833 1156 2898 uelle
1173 2853 1293 2914 parare.

98 2961 123 3000 es
150 2937 318 3001 etidcirco
354 2938 497 3003 beatus
520 2938 571 3004 ille
594 2947 649 3018 est,
681 2941 766 3004 cuius
788 2940 819 3003 in
844 2940 893 3004 dei
923 2939 994 3022 lege
1024 2959 1084 3002 non
1117 2938 1209 3002 timor
1238 2943 1293 3014 est,

149 3041 206 3104 sed
230 3039 381 3106 noluntas,

194 3145 243 3208 12.
267 3143 329 3209 Sed
352 3146 441 3211 deest
462 3147 616 3211 interdum
652 3153 684 3211 et
716 3146 832 3230 aliquid
866 3147 1029 3224 uoluntati;
1061 3153 1091 3211 et
1120 3145 1292 3225 perfectam

149 3246 372 3313 beatitudinem
396 3249 493 3313 solum
516 3249 596 3315 uelle
620 3270 679 3314 non
704 3252 831 3330 obtinet,
854 3252 913 3316 nisi
937 3250 1124 3316 uoluntatem
1146 3255 1292 3333 sequatur

193 3424 205 3474 l
238 3438 284 3475 eos
318 3440 365 3475 om.
400 3423 425 3474 V
491 3424 679 3478 eclesiasticae
714 3425 739 3478 V
763 3425 966 3478 aeclesiasticae
993 3426 1019 3476 11
1089 3424 1238 3478 sanctitate
1265 3441 1293 3477 ea

148 3509 325 3562 sanctitatem
343 3509 464 3563 m.2V
512 3512 677 3578 3optentae
690 3513 716 3564 11
770 3528 833 3565 oum
851 3511 886 3564 ad
904 3513 944 3574 (et
961 3514 998 3564 sic
1015 3510 1067 3576 rer)
1088 3511 1121 3564 Vc
1172 3513 1292 3564 ‹tonne-

147 3600 206 3647 tata
223 3595 291 3648 licet
308 3596 454 3649 uoluntate
479 3604 648 3651 concurrunt
680 3599 705 3652 V
755 3598 822 3651 facit
849 3599 877 3650 E
945 3598 1047 3651 bluoe
1072 3599 1096 3650 V
1164 3596 1248 3666 ‘lqui
1272 3597 1296 3649 V

147 3681 487 3750 9inipsornmconsili1‘1
514 3685 579 3738 Vin
598 3685 749 3755 impiorum
768 3686 915 3739 consilium
933 3688 973 3740 Be
1036 3689 1068 3738 10
1086 3703 1140 3739 non
1158 3677 1249 3740 abisse
1275 3684 1297 3736 V

149 3770 178 3821 11
205 3763 252 3822 eni
269 3789 326 3840 sup.
345 3773 390 3824 lia.
410 3773 435 3823 11
488 3777 515 3825 et
533 3792 589 3842 sap.
609 3775 653 3826 lin.
672 3792 689 3826 n
707 3792 740 3825 m.
761 3775 820 3826 21
880 3777 912 3826 12
929 3773 1066 3842 repperiri
1083 3773 1129 3825 VR
1185 3774 1216 3826 13
1234 3788 1293 3826 mo·

1062 3853 1073 3880 0

146 3890 251 3943 destiae
268 3892 306 3943 Va
361 3894 394 3945 14
406 3892 548 3947 refrenets
600 3895 705 3947 honore
720 3896 745 3947 V
795 3894 904 3948 otinms
959 3897 991 3948 15
1009 3912 1066 3946 nnn
1097 3896 1121 3946 11
1177 3896 1208 3946 16
1228 3910 1292 3947 con-

92 3993 94 3996 ’
147 3977 244 4029 stitnat
274 3997 304 4029 ec
333 3979 484 4033 constituta
512 4000 543 4033 m.
573 3983 591 4032 ¹.)
624 3982 648 4033 V
717 3985 748 4035 17
776 3999 891 4034 usurum
928 3999 986 4035 esse
1022 3980 1161 4048 suffragiis
1192 3982 1241 4035 sed
1274 3981 1298 4033 V

148 4065 180 4115 18
193 4067 384 4130 sequunturE
419 4069 451 4120 19
464 4067 632 4121 abstinentia
645 4087 674 4119 ar
686 4069 824 4121 abstentia
835 4068 934 4120 man
975 4070 1007 4122 21
1022 4067 1298 4120 utinros.am.1V

146 4151 180 4201 22
198 4167 265 4203 uero
284 4169 331 4204 om.
356 4153 382 4204 V
447 4157 482 4206 23
501 4155 652 4208 constituet
679 4157 700 4207 l'
751 4173 778 4222 q<
795 4157 903 4208 timoris
926 4157 1010 4208 estli
1080 4157 1115 4208 24
1139 4160 1181 4208 est
1200 4174 1250 4208 om.
1270 4157 1295 4208 R

146 4238 325 4303 praescribtis
344 4240 389 4292 t'rr
441 4242 475 4294 27
495 4241 599 4309 aliquid
618 4245 681 4304 (oiri.
701 4242 737 4307 et)
764 4243 785 4294 V
836 4246 870 4296 28
888 4243 997 4314 optinet
1016 4244 1048 4294 11.
