2790 4844
438 479 619 528 tractatus
638 475 672 527 in
690 475 861 543 psalmum
879 475 925 528 Ll.
1192 475 1249 539 lll

104 662 368 745 significationem
406 682 440 728 se
478 662 594 729 rettulit
630 664 801 745 propheta:
837 665 1038 730 uidebant
1073 665 1177 730 iusti
1216 678 1254 730 et

107 765 308 831 timebunt
330 775 369 831 et
391 767 527 832 rident
544 769 991 847 supereumetdioent:
1016 789 1108 834 eeee
1125 768 1250 845 homo,

110 869 174 951 qni
196 889 271 934 non
294 871 434 950 posuit
457 871 572 936 deum
592 871 821 938 adiutorem
838 874 1250 953 suurn‚sedsperauit

112 971 146 1035 in
168 973 436 1040 multitudine
459 975 703 1040 diuitiarum
723 997 887 1042 suarum
911 983 949 1042 et
969 976 1189 1057 praeualuit
1212 979 1249 1041 in

114 1077 288 1144 uanitate
304 1100 384 1144 sna.
407 1080 564 1155 destructo
576 1081 659 1146 Doea
675 1083 705 1144 in
722 1080 817 1146 linem
833 1086 863 1145 et
878 1079 985 1147 enulso
1003 1082 1041 1145 de
1053 1082 1250 1147 tabernaculo
1289 1107 1302 1147 o

117 1186 200 1263 atque
214 1184 367 1267 emigrato
384 1184 468 1249 etde
484 1197 566 1249 terra
584 1184 756 1249 uiuentium
773 1185 926 1250 eradicato
949 1185 1046 1250 saneti
1063 1185 1179 1268 quique
1197 1206 1249 1251 ne-

121 1300 195 1348 eesse
209 1294 255 1350 est
270 1294 426 1352 metuant:
451 1307 520 1353 enm
539 1288 666 1353 uideant
681 1294 724 1352 tot
736 1289 894 1370 tantisque
906 1288 1018 1353 diuinae
1030 1289 1249 1354 misericordiae

123 1388 226 1454 auxiliis
240 1391 390 1472 populum
405 1392 544 1457 adiutum
557 1400 651 1476 atque
664 1413 756 1457 nsum
773 1399 842 1472 post
858 1393 1015 1476 ingentem
1031 1392 1115 1457 illam
1129 1406 1159 1457 et
1170 1393 1248 1457 ultra

124 1486 258 1558 humanas
279 1515 355 1576 opes
378 1494 502 1580 gloriosi
526 1496 615 1579 regni
639 1496 823 1579 dignitatern
843 1497 1012 1560 inanimum
1036 1497 1074 1562 de
1097 1516 1130 1560 se
1154 1502 1248 1579 alque

127 1591 249 1662 alimum
272 1599 418 1664 humanae
441 1599 624 1665 calamitatis
655 1598 830 1680 exemplum
854 1600 1033 1680 praebuisse.
1079 1600 1132 1683 qni
1162 1605 1246 1665 enim
1273 1627 1299 1661 ao

127 1703 254 1766 memoria
277 1716 435 1769 recenseat
458 1704 601 1788 antiquas
624 1703 731 1787 gloriae
762 1704 829 1768 eius
852 1710 883 1768 et
906 1704 1085 1768 innumeras
1117 1704 1247 1769 beatitu-

129 1798 204 1879 dines,
225 1826 303 1890 quos
327 1808 470 1888 superius
485 1828 541 1890 pro
556 1816 645 1889 parte
661 1808 913 1883 memeranimus
938 1827 1009 1872 eum
1028 1821 1098 1888 post
1111 1809 1246 1893 Aegypti

129 1902 214 1973 innam
235 1911 335 1976 itineri
359 1932 464 1977 omum
489 1912 623 1976 diuisum
657 1932 743 1976 mere
773 1912 875 1983 cessit.
906 1931 977 1976 eum
1008 1911 1151 1977 ardorem
1185 1913 1246 1978 diei

129 2009 200 2077 nubis
219 2014 362 2080 columna
386 2015 581 2081 inumbrarit.
606 2037 677 2082 eum
701 2016 799 2082 noetis
823 2016 969 2081 tenebras
995 2015 1078 2099 ignis
1101 2015 1246 2080 eolnnma

130 2112 258 2185 discnssit.
280 2140 351 2185 oum
377 2120 481 2185 eibum
505 2120 614 2185 eaelum
639 2140 695 2200 per
718 2119 846 2203 angelos
868 2119 1010 2200 prebuit,
1034 2140 1104 2184 oum
1128 2119 1243 2184 sontem
1273 2144 1298 2182 ra

130 2224 196 2292 tetro
213 2223 305 2301 fluxit,
330 2245 402 2288 enm
427 2224 574 2290 lordanes
597 2225 726 2302 refluxit,
750 2243 822 2290 oum
838 2224 946 2289 ciuitas
962 2244 1078 2308 inagna
1092 2224 1131 2288 ad
1144 2223 1244 2289 solnm

130 2337 190 2386 eme
208 2330 382 2392 testamenti
407 2328 569 2394 circuitum
592 2330 733 2397 concidit.
758 2348 828 2394 eum
853 2327 897 2391 eol
922 2329 961 2392 de
984 2348 1076 2393 eursu
1092 2348 1149 2393 suo
1165 2327 1245 2392 inhi-

130 2420 192 2491 bitne
211 2431 288 2496 diem
314 2432 442 2501 distulit.
465 2438 495 2497 et
517 2433 630 2497 diuinae
661 2432 740 2517 legis
774 2433 848 2495 ordo
879 2453 917 2498 er
947 2430 997 2495 illo
1021 2430 1244 2497 elementorum

130 2524 257 2599 indefesso
280 2537 556 2620 inperturbatoqne
579 2546 665 2602 motu
688 2536 727 2600 ad
759 2535 829 2601 belli
861 2556 982 2600 moram
1012 2537 1140 2602 restitit:
1176 2548 1244 2616 post

131 2627 195 2699 illan
214 2640 322 2704 deinde
346 2640 459 2705 diuinae
482 2641 652 2705 maiestatis
675 2648 706 2704 et
728 2646 910 2720 conspectos
941 2648 972 2704 et
1005 2642 1130 2706 auditus
1154 2640 1242 2704 sariri·
1271 2665 1296 2700 aa

130 2731 265 2807 liaritatem
289 2754 490 2826 consumptos
514 2765 566 2809 eos
590 2743 684 2812 bellis
713 2744 796 2808 lame
819 2754 973 2808 emortuos
997 2757 1027 2809 et
1049 2752 1141 2809 antea
1163 2765 1244 2807 nrm·

130 2844 226 2910 luomm
247 2848 453 2914 eadaueribus
476 2850 515 2913 ad
538 2857 670 2913 mortem
693 2847 785 2912 famis
815 2855 929 2928 pastos,
961 2847 1096 2930 reliquos
1131 2848 1242 2912 deinde

130 2940 153 3003 ln
172 2952 336 3018 seruitutem
360 2954 501 3019 redactos
525 2952 629 3018 exules
660 2953 784 3035 ubique,
815 2952 930 3035 ubique
960 2971 1030 3017 esse
1061 2954 1241 3037 degeneres.

129 3064 254 3133 nusquam
290 3058 446 3141 cognitos,
489 3076 613 3137 semper
648 3076 744 3120 nouos
779 3063 809 3120 et
846 3055 1054 3122 dernnlatione
1093 3056 1241 3123 incolatus

129 3168 227 3234 seraper
246 3160 407 3245 ignobiles,
431 3181 554 3241 semper
577 3159 717 3225 alienos?
740 3161 800 3225 iam
826 3161 852 3226 si
875 3161 1029 3241 spirirales
1045 3163 1117 3244 quis
1136 3161 1240 3227 ‹rerrlos
1269 3184 1294 3221 aa

165 3312 272 3370 lratulit
292 3315 369 3370 alt·
420 3318 525 3386 profeta
545 3319 571 3370 lt
590 3317 705 3386 profetia
728 3316 752 3364 P
767 3317 901 3385 profetiae
922 3319 943 3369 l·
993 3321 1010 3371 2
1026 3330 1085 3388 post
1105 3320 1240 3372 timebunt

126 3398 184 3449 ⁴-o'
198 3404 239 3455 litt.
257 3422 324 3458 eros,
343 3405 369 3457 R
422 3405 549 3459 ridebunt
571 3406 623 3456 Ta·
639 3406 674 3474 cf.
693 3404 908 3457 NeneFormonl.
926 3405 961 3468 11,
975 3405 1028 3457 42ἳ
1083 3405 1166 3459 3eed
1184 3424 1240 3476 sup.

123 3483 161 3534 15²¹·
175 3508 188 3533 ’ν
204 3508 231 3542 m.
250 3490 269 3543 2
288 3493 310 3543 l'
360 3492 484 3560 Gadqne
509 3493 555 3545 VR
608 3493 642 3544 de
661 3502 735 3544 terra
753 3491 892 3544 uiuet-ium
911 3511 940 3543 er
958 3491 992 3545 tle
1010 3497 1085 3544 terra
1102 3493 1239 3559 emigran-

120 3570 177 3626 tt'urn
192 3577 319 3632 uinetinm
338 3580 361 3629 l'
409 3581 506 3631 'lenm
526 3578 637 3632 uideant
657 3597 705 3631 cim.
728 3577 775 3631 ΡΤ
826 3578 987 3631 Sadiutnm
1006 3579 1094 3646 adque
1113 3579 1240 3645 adsump-

117 3668 169 3713 lum
193 3664 210 3712 l'
274 3678 300 3719 et
330 3666 471 3734 ingentem
499 3665 575 3719 illam
602 3676 680 3719 extra
708 3665 842 3718 humanos
871 3666 895 3716 Τ
956 3670 1030 3721 9280
1058 3664 1187 3718 ultimum
1217 3666 1244 3716 E

116 3747 215 3817 loquis
234 3753 261 3804 E
280 3755 316 3821 ‹js-
342 3753 436 3804 Herm
461 3753 561 3806 Enrrod.
588 3753 644 3803 Ind.
665 3772 693 3822 p.
721 3753 780 3815 701,
808 3751 952 3821 I'etsclreniy
977 3752 1038 3804 l'ict.
1065 3752 1110 3803 l'ir.
1132 3772 1160 3822 p.
1190 3750 1241 3804 lat

111 3835 144 3890 12
158 3838 262 3906 aegipti
283 3840 307 3891 R
361 3841 395 3892 14
412 3840 492 3892 nubis
511 3838 635 3892 colomna
658 3840 679 3889 l'
695 3841 781 3894 nubes
800 3840 928 3892 columna
948 3836 972 3885 P
987 3840 1114 3892 columna
1132 3839 1241 3892 rrnbise

108 3924 141 3977 1ss
155 3923 274 3978 Iordanis
301 3927 321 3977 l'
337 3926 391 3992 (nbi
408 3944 470 3979 oum
484 3926 609 3978 Iordanis
622 3925 731 3979 refluxit
744 3945 801 3995 sap.
818 3928 861 3978 lin.
873 3946 889 3977 a
899 3944 931 3978 m.
943 3925 972 3985 9)
995 3926 1070 3977 ΙΤΕ
1120 3928 1237 3979 maximo

110 4008 180 4063 ΠΤ
213 4011 407 4067 lieircnitul'
449 4012 582 4066 inhibitus
601 4013 673 4065 diem
694 4029 742 4066 om.
756 4014 780 4065 l'
813 4015 845 4066 19
855 4012 889 4065 ad
908 4012 973 4067 belli
994 4009 1109 4065 moraP
1135 4013 1238 4066 restitit

98 4118 131 4153 ex
147 4099 272 4153 mtititit
290 4120 322 4153 m.
341 4100 362 4152 2
383 4100 404 4151 l'
454 4099 584 4167 postilla
603 4101 629 4153 a
681 4101 714 4154 ill
734 4099 814 4154 bellis
832 4118 862 4153 en
879 4099 946 4153 belli
964 4100 990 4153 R
1041 4098 1238 4155 famemortuos

98 4188 127 4242 Il
168 4191 198 4240 et
213 4194 276 4239 erite
297 4184 345 4239 PT
395 4188 429 4239 22
448 4185 482 4239 ed
501 4202 605 4239 moram
624 4186 705 4239 lamis
725 4187 764 4239 Tb
815 4188 850 4240 23
872 4186 907 4239 ad
931 4184 1094 4240 servitutem
1111 4186 1238 4243 redactos

95 4292 159 4330 ene
184 4273 332 4343 degeneres
358 4290 493 4340 nneiluam
518 4272 643 4341 cognitos
666 4290 775 4342 temper
801 4273 938 4342 ignobiles
962 4272 1032 4337 (eree
1056 4301 1091 4310 -
1112 4273 1238 4342 eognitoe

93 4380 153 4434 nep.
175 4362 219 4415 ln.
237 4379 255 4413 o
271 4380 304 4414 m.
320 4358 351 4419 2)
368 4360 390 4412 l'
439 4361 474 4413 aa
493 4364 521 4413 et
539 4358 727 4414 demutatione
752 4360 879 4415 incolatie
898 4357 954 4426 (nic)
974 4377 1083 4429 semper
1102 4360 1238 4430 ignobiles

93 4472 151 4521 ηιμ
174 4450 219 4500 tta.
237 4466 254 4499 o
277 4466 309 4501 tn,
329 4446 388 4500 21'
436 4448 472 4501 86
489 4446 513 4500 ei
530 4464 587 4518 terp.
606 4448 650 4501 lin.
669 4465 686 4499 a
705 4447 805 4500 na21'
857 4446 994 4515 spiritales
1013 4466 1044 4501 ex
1060 4446 1238 4515 spiritaliell.
