2790 4844
151 211 219 276 312⁴
488 213 606 266 sancti
631 213 764 266 Hilarii
789 214 952 283 episcopi

151 404 189 468 ad
224 409 344 488 patrem
378 422 435 484 pro
470 402 519 467 his
554 410 696 484 precatus
726 411 774 470 est
807 406 928 470 dicens:
962 414 1085 489 pater,
1119 405 1210 471 uolo
1241 413 1288 483 ut,

151 509 216 573 ubi
255 527 327 591 ago
358 527 450 584 sum,
482 506 521 572 hi
555 527 702 573 mecum
737 509 834 586 sint;
867 509 918 574 uel
951 509 1041 574 illud:
1078 516 1119 575 ut
1152 531 1289 577 omnes

151 632 266 677 unum
289 611 379 689 sint
409 632 481 696 ego
513 611 550 676 in
582 611 669 676 illia
693 619 731 677 ot
753 620 791 677 tu
814 613 852 676 in
877 634 942 678 me.
987 614 1136 679 mirabilis
1159 635 1237 700 ergo
1262 617 1291 680 in

151 716 264 781 sanetis
288 718 365 781 deus
388 721 444 791 θεῖ,
461 736 548 799 quoe,
567 736 639 782 aum
655 717 827 783 conformes
840 717 947 803 gloriae
959 720 1095 799 corporis
1107 720 1155 784 sui
1172 719 1291 795 fecerit,

111 845 123 882 a
151 841 205 901 per
234 840 275 899 sa,
310 820 363 904 qui
386 820 536 885 mediator
558 827 613 899 est,
647 822 741 886 otiam
764 821 796 885 in
818 822 936 887 unitata
959 830 1094 903 paternae
1117 824 1291 888 maiestatis

150 926 300 1003 adsumat,
323 925 396 989 dum
421 930 451 990 θῖ
474 925 505 989 in
528 945 564 990 ao
588 945 643 1007 per
666 932 807 991 naturam
839 931 925 1006 pater
954 931 1002 991 est
1031 933 1063 992 et
1084 925 1136 992 ille
1169 947 1290 992 rursum

149 1049 206 1112 par
228 1029 403 1095 societatem
428 1029 530 1095 carnis
553 1029 583 1093 in
608 1029 698 1095 nobis
715 1038 777 1095 est:
801 1049 878 1113 quos
895 1031 925 1094 in
939 1050 1071 1114 regnum
1083 1037 1291 1116 praparatmn

150 1133 210 1198 illis
233 1139 305 1199 ante
334 1133 584 1199 constitutionem
618 1134 725 1198 mundi
759 1134 958 1200 obtinendum
993 1134 1146 1213 locauerit,
1179 1137 1293 1220 quibus

149 1238 294 1318 absorpta
317 1245 414 1302 morte
438 1237 631 1302 inmortalem
654 1238 749 1301 uitam
772 1245 983 1322 {aeternamque
1006 1239 1186 1304 reddiderit.
1232 1260 1294 1304 non

98 1366 123 1401 ιο
150 1341 232 1406 enim
257 1342 318 1406 iam
341 1341 537 1407 incrementis
561 1361 723 1422 corporum
747 1361 948 1426 escammquc
977 1341 1132 1408 alimentis
1164 1343 1292 1409 infirmi·

150 1451 309 1529 totumque
334 1446 456 1511 casibus
479 1446 552 1511 uitae
574 1445 719 1511 humanaa
743 1446 912 1511 demutatio
935 1446 1083 1531 laborque
1099 1446 1293 1526 tolerabitur,

149 1551 205 1637 sad
229 1550 385 1615 aeternitas
408 1551 536 1628 cunctis
559 1570 628 1633 quae
649 1559 766 1615 naturae
783 1571 846 1616 suae
862 1551 974 1615 uirtute
989 1552 1057 1632 ipsa
1072 1571 1106 1616 εθ
1122 1554 1294 1630 continens,

149 1654 180 1717 id
215 1660 262 1718 est
295 1674 364 1738 quae
398 1674 431 1719 se
465 1655 566 1735 ipsam
600 1653 661 1719 alat
694 1666 930 1738 comarumque,
965 1655 1112 1720 donetur:
1154 1657 1293 1740 certique

150 1777 259 1822 omnes
281 1758 346 1823 sore
370 1778 403 1823 se
427 1759 633 1843 sempiternos
656 1778 720 1823 non
742 1759 865 1824 aliunde
888 1759 958 1837 iam,
982 1760 1011 1824 id
1030 1767 1154 1824 estnon
1177 1761 1294 1826 extrin-

98 1885 123 1921 ιε
152 1881 241 1927 secus
264 1863 457 1927 continentur
479 1864 518 1927 ad
543 1863 648 1939 uitam,
671 1863 725 1928 sed
747 1884 783 1927 ex
799 1863 865 1940 deo,
889 1883 944 1946 per
960 1883 1052 1946 quem
1068 1866 1295 1931 resurrexerint

150 1973 181 2032 et
202 1966 380 2032 inmortales
403 1974 551 2033 maneant
573 1974 604 2032 at
626 1968 743 2033 aeterni.
789 1975 819 2033 et
849 1968 918 2032 ideo
947 1966 1016 2034 hoec
1045 1966 1192 2034 humanae
1227 1970 1295 2051 spei

149 2077 343 2136 sacramenta
365 2071 418 2136 tali
437 2072 640 2138 consessionis
656 2071 718 2136 fide
733 2071 884 2153 propheta
899 2072 1060 2138 conclusit:
1085 2073 1295 2139 mirabilis

149 2174 247 2240 daus
270 2177 308 2240 iu
332 2177 489 2242 sanctis
513 2177 607 2255 suis,
632 2178 729 2242 deus
752 2176 913 2242 Israhel
948 2178 1035 2258 ipsc
1068 2179 1184 2243 dabit
1215 2180 1295 2245 uir·

150 2285 273 2345 tutam
297 2288 334 2346 et
357 2280 649 2346 fortitudinem
684 2281 796 2361 plebi
831 2300 917 2359 sum,
952 2282 1197 2348 benedictus
1233 2294 1298 2349 est

97 2402 121 2441 so
149 2383 257 2449 daus.
303 2387 356 2450 dat
388 2386 493 2470 itaque
527 2387 672 2450 uirtutem
709 2386 789 2467 plebi
822 2406 887 2451 suae
910 2396 942 2451 et
964 2386 1174 2453 fortitudinem
1205 2389 1295 2469 daus,

148 2507 216 2571 quae
250 2490 423 2555 inmortalis
457 2488 564 2555 edecta
598 2491 680 2554 intra
713 2511 747 2555 se
775 2491 871 2554 uitam
900 2492 1111 2574 uirtutemque
1134 2492 1296 2558 contineat

147 2595 378 2679 despoliatoque
402 2615 529 2676 corpore
552 2595 752 2675 superinduta
775 2595 815 2658 sit
844 2593 959 2659 honora
990 2594 1115 2677 caelesti,
1149 2603 1185 2660 ut
1209 2598 1294 2662 omni

147 2703 340 2784 corruptione
365 2707 394 2765 et
418 2699 594 2764 infirmitate
617 2698 746 2782 depulsa
778 2701 868 2764 deum
900 2699 1081 2764 aternitatis
1111 2719 1176 2764 sum
1200 2700 1294 2767 laude

191 2863 205 2913 1
225 2858 282 2912 ron.
301 2858 387 2925 xvrr,
404 2859 446 2911 ar.
482 2859 499 2911 a
518 2856 587 2909 rora.
606 2859 653 2921 213
671 2859 713 2910 aa.

188 3001 205 3050 2
224 3003 251 3052 et
263 2997 293 3051 hi
304 2998 331 3050 E
382 2998 448 3049 inter
467 3012 561 3048 omnes
580 3005 603 3047 et
621 2997 768 3048 unumdel.
782 2994 974 3049 momina?
990 2996 1013 3048 Γ
1063 2997 1078 3047 3
1097 2994 1243 3052 mirabiles
1260 2997 1296 3050 Γι

144 3136 254 3204 equod
281 3153 343 3189 cum
363 3136 389 3186 P
404 3152 471 3203 quos
491 3132 548 3200 (om.
569 3131 642 3199 cum)
667 3134 690 3185 V
739 3135 803 3188 liin
828 3134 962 3187 unitatem
981 3134 1034 3186 PE
1084 3093 1205 3203 paterne⁸
1220 3155 1291 3191 corr.

146 3274 209 3328 aa?
225 3276 248 3329 Γ
288 3277 367 3329 aare
377 3231 591 3327 constitutionem
602 3291 669 3326 corr.
683 3292 715 3325 m.
729 3272 748 3325 2
763 3274 789 3327 V
829 3274 1007 3327 obtinendam
1024 3275 1046 3326 Γ
1086 3275 1258 3331 ilabsorbta
1273 3278 1297 3329 Γ

146 3364 256 3416 absorta
282 3362 335 3415 ΗΡ
387 3363 418 3414 12
437 3360 544 3414 cunctis
568 3369 587 3428 q
610 3357 756 3414 chnctis
775 3379 793 3428 q
815 3360 837 3412 R
891 3361 924 3413 13
943 3377 1012 3428 quae
1038 3359 1081 3426 (ae
1108 3363 1170 3414 odd.
1199 3381 1233 3417 m.
1262 3364 1293 3417 21

146 3449 365 3517 secundumipsa
381 3448 403 3499 Γ
445 3444 632 3500 donabitur'E
676 3449 709 3501 14
719 3447 901 3515 sempiternos
911 3446 985 3513 quod
994 3447 1087 3500 nonE
1120 3447 1245 3503 aliumdc
1258 3448 1293 3502 1η

148 3591 179 3642 15
198 3587 392 3640 contineantur
408 3587 435 3638 E
451 3592 650 3640 conseruentur
671 3586 695 3637 V
746 3587 779 3640 16
797 3542 928 3666 manerlut
946 3592 974 3639 et
992 3586 1098 3639 aeterni
1120 3572 1144 3639 Γ
1159 3594 1294 3644 maneant

146 3692 251 3745 aeterni
270 3692 296 3744 R
351 3694 383 3745 18
401 3691 457 3743 suis
476 3708 524 3742 carr.
545 3689 571 3743 V
620 3689 653 3741 ds
672 3689 767 3741 istrael
791 3690 816 3742 V
831 3689 957 3743 israalR
1010 3692 1043 3743 19
1061 3689 1137 3758 plebi
1162 3692 1221 3745 eius
1241 3693 1297 3747 ΒΡ

145 3781 180 3831 20
196 3777 357 3832 benedictus
385 3794 413 3830 θε
441 3777 509 3829 deus
538 3776 564 3828 P
588 3776 750 3829 benedictus
777 3775 843 3829 deus
871 3776 896 3828 R
922 3775 1085 3830 benedictus
1109 3776 1178 3831 deus
1203 3786 1248 3833 est
1268 3781 1296 3833 Ε

145 3867 174 3918 21
198 3882 225 3918 εθ
244 3881 292 3916 om.
312 3865 392 3917 RPE
443 3864 529 3917 uitam
547 3881 617 3934 supr.
637 3881 685 3915 scr.
704 3862 763 3914 nal
773 3862 799 3915 P
849 3863 1060 3931 contineatquae
1076 3863 1100 3915 Γ
1115 3864 1296 3922 contineatur

146 3952 173 4002 Ε
190 3946 221 4005 iae
240 3951 346 4019 appetit
372 3953 398 4002 io
423 3968 476 4003 ros.
502 3967 569 4003 om.
589 3948 608 4001 2
627 3950 653 4001 Ρ
703 3951 738 4002 tlt.)
756 3949 959 4017 dispoliatoque
979 3949 1004 4001 P
1019 3947 1060 4012 (io
1078 3949 1145 4016 ror.)
1167 3953 1196 4004 Ε
1249 3972 1296 4009 su-

145 4037 303 4117 perinduita
330 4055 397 4091 corr.
426 4055 458 4089 m.
478 4035 498 4088 9
516 4037 541 4090 Γ
592 4041 622 4089 ιιῖ
640 4053 689 4088 om.
709 4036 735 4087 P
784 4036 914 4103 omnique
942 4036 1118 4104 corruptione
1144 4037 1176 4091 iu
1202 4058 1259 4095 ras.
1279 4060 1297 4096 o

146 4213 179 4245 m.
198 4192 218 4245 2
237 4195 262 4246 P
312 4196 346 4247 93
364 4153 532 4248 aeternitati³
551 4195 572 4246 Γ
623 4210 686 4246 suae
705 4210 754 4245 om.
773 4193 800 4244 P
850 4192 987 4246 laudando
1006 4193 1035 4245 P.
