2790 4844
188 210 251 275 250
527 214 643 267 saneti
670 213 804 267 Hilarii
830 214 993 283 episcopi

187 401 219 465 id
242 400 469 467 confitendum:
492 403 531 467 in
555 403 821 469 multitudine
844 403 1016 469 uirtutis
1040 410 1113 468 tuae
1136 404 1333 469 mentien-

187 516 250 569 tur
273 505 350 569 tibi
374 506 534 572 inimici
557 509 622 573 tui.
668 509 724 572 sed
747 514 780 572 ut
803 509 952 573 rationem
988 513 1081 591 atque
1113 507 1254 573 ordinem
1288 507 1332 572 its

188 609 327 691 dispositi
351 609 441 675 huius
464 612 619 677 sermonis
635 611 863 696 intellegamus,
880 613 1089 677 necessarium
1113 619 1160 677 est
1183 612 1224 684 id,
1247 614 1332 697 quod

188 714 401 779 difficultatem
423 715 532 794 adfert
556 718 660 796 paucis
683 715 855 781 absoluere.

148 843 161 882 s
231 822 262 884 3.
285 818 322 884 ln
345 818 448 884 latinis
471 821 627 886 codicibus
650 822 692 885 ita
714 820 864 905 legimus:
894 820 1070 885 iubilate
1094 822 1166 886 deo
1200 820 1332 885 omnis

189 931 306 987 terra.
352 933 382 988 et
404 930 555 1006 quantum
579 927 617 989 ad
642 924 754 1009 eloquii
779 925 876 989 nostri
909 924 1165 990 consuetudinem
1188 924 1332 1005 pertinet

187 1026 312 1091 iubilum
337 1027 502 1108 pastoralis
525 1029 721 1112 agrestisque
754 1030 840 1094 noeis
874 1049 983 1094 sonum
1015 1047 1236 1110 nurroupamus
1259 1048 1331 1094 anm

187 1131 219 1194 in
242 1130 456 1196 solitudinibus
479 1143 530 1196 aut
553 1135 744 1214 respondens
767 1140 819 1198 aut
840 1134 1001 1215 requirens
1016 1153 1073 1212 per
1088 1132 1329 1218 signifiesntiam

188 1234 286 1299 duotae
310 1235 340 1298 in
358 1235 484 1320 longum
502 1242 533 1301 et
549 1256 703 1318 expressae
726 1239 757 1301 in
781 1238 883 1301 nisum
908 1257 1000 1301 senus
1022 1237 1107 1302 uoois
1130 1237 1260 1301 auditur.
1300 1238 1330 1301 in

136 1362 160 1399 ιο
188 1339 300 1422 graneis
323 1359 396 1403 uero
418 1339 513 1417 libris,
550 1341 602 1424 qui
636 1362 674 1405 ex
709 1340 833 1406 bebraeo
863 1341 993 1420 proximi
1023 1352 1101 1418 suut,
1135 1360 1197 1405 non
1219 1341 1332 1406 eadem

188 1441 395 1526 significantia
417 1445 569 1509 scribitur.
615 1465 749 1528 numque
780 1447 821 1509 lta
851 1465 884 1510 se
919 1445 1050 1510 habent:
1074 1438 1261 1525 ἄλαλάξατε
1283 1444 1335 1531 τῷ

190 1543 261 1631 θεῷ
283 1547 373 1611 πᾶσα
394 1541 415 1631 ἡ
437 1548 492 1632 γῆς
524 1555 647 1614 etcum
671 1548 731 1614 illis
755 1549 933 1634 alalagmos,
963 1568 1056 1631 quem
1080 1547 1175 1614 latine
1201 1548 1334 1614 iubilum

189 1656 313 1729 ponunt
337 1651 493 1735 signifieat
514 1673 623 1718 uooem
646 1655 797 1719 exereitus
827 1653 1009 1734 praeliantis,
1039 1658 1095 1718 aut
1128 1653 1160 1717 in
1182 1671 1337 1718 oonoursu

188 1756 373 1833 proterentis
406 1755 537 1826 hostem.
573 1767 625 1821 aut
659 1777 834 1824 successum
865 1759 1002 1822 uictoris
1033 1757 1226 1823 exultationis
1257 1777 1338 1823 noce

136 1881 162 1917 ιι
190 1860 339 1924 testantis.
384 1879 479 1943 quam
502 1881 577 1937 rem,
602 1862 654 1925 ubi
677 1863 721 1926 ita
744 1882 777 1926 se
800 1861 1009 1926 translationis
1038 1863 1115 1925 ratio
1139 1863 1337 1941 temperarit

189 1963 355 2028 absolutius
379 1965 409 2028 in
440 1964 561 2044 psalmo
590 1965 686 2030 altero
715 1966 941 2049 intellegemus,
973 1985 1041 2030 eum
1073 1966 1162 2031 dicit:
1194 1984 1337 2030 omnes

188 2073 348 2150 gentes,
387 2067 571 2147 plaudite
610 2070 809 2145 manibus
845 2070 1020 2134 iubilate
1058 2071 1129 2134 deo
1162 2071 1201 2133 in
1235 2088 1338 2136 noae

189 2169 468 2236 exultationis.
513 2194 571 2236 uox
605 2187 708 2239 autem
743 2173 935 2239 exultationis
970 2174 1114 2239 dissentit
1146 2173 1185 2237 ab
1223 2171 1339 2253 iubilo:

188 2276 243 2338 sed
275 2295 330 2354 pro
361 2275 569 2342 translationis
600 2278 787 2355 condicione,
810 2279 882 2360 quia
905 2279 1025 2359 propria
1048 2276 1212 2343 exultantis
1247 2279 1338 2344 uocis

137 2398 162 2435 20
189 2380 374 2458 nuncupatio
402 2400 461 2445 non
493 2389 617 2462 reperta
650 2389 707 2457 est,
731 2383 848 2464 perid,
874 2383 955 2465 quod
978 2382 1105 2446 iubilum
1131 2382 1252 2460 dieitur,
1276 2403 1338 2447 nox

188 2482 556 2552 emmmmmmm

237 2695 267 2744 16
286 2692 329 2745 Ps.
349 2692 444 2755 XLVI,
463 2695 487 2747 2.

235 2901 288 2953 lid
296 2900 383 2953 ont.V
432 2901 461 2952 in
471 2900 682 2954 multitudinelt.
694 2904 710 2954 1.
725 2901 828 2956 VRPE
878 2901 1037 2955 2sedadV
1086 2901 1177 2969 sdque
1192 2901 1243 2955 VR
1296 2901 1334 2955 ias

188 2986 317 3055 dispositi
335 3006 383 3040 om.
407 2988 432 3040 V
481 2987 712 3056 dintellegamus
741 3007 789 3041 om.
813 2989 835 3041 V
887 2991 989 3042 diater
1015 2989 1111 3056 pausis
1138 2998 1162 3041 et
1188 2987 1333 3042 absoluere

187 3092 259 3144 supr.
286 3091 335 3127 ser.
363 3073 456 3127 uerbis
484 3092 517 3127 ut.
542 3073 563 3126 2
586 3075 613 3126 P
662 3076 745 3129 (ised
773 3081 908 3143 qnantum
940 3074 965 3128 V
1014 3075 1102 3129 nostri
1135 3073 1215 3127 VRE
1236 3091 1286 3127 om.
1312 3073 1335 3124 P

144 3246 150 3257 ι
188 3172 410 3292 tagrestsquse
429 3230 495 3267 com
511 3232 543 3267 m.
566 3213 634 3266 2V
685 3230 783 3267 sonum
802 3232 832 3267 ea
850 3231 941 3267 sunum
959 3232 992 3267 m.
1012 3212 1073 3266 1V
1123 3214 1210 3281 Sper
1231 3210 1333 3281 signifi·
1379 3251 1387 3260 .

189 3317 309 3370 centiam
328 3335 376 3369 om.
401 3317 426 3369 V
474 3322 539 3372 9et
557 3334 719 3387 expraessae
736 3319 766 3372 in
784 3318 955 3373 nisumzll
972 3323 1001 3372 et
1023 3333 1172 3388 expressae
1199 3317 1293 3370 innisd
1311 3315 1387 3367 P<

189 3403 328 3501 dsexpssp
339 3397 445 3456 iemesu
458 3425 477 3455 α
490 3405 580 3459 om.V
631 3422 713 3458 sonus
729 3406 805 3458 VPE
815 3423 862 3459 out.
877 3407 903 3460 R
955 3405 1069 3459 auditur
1086 3404 1115 3457 in
1134 3404 1243 3473 praesis
1261 3401 1387 3463 Vsus

188 3526 269 3577 audii
287 3526 315 3578 in
333 3529 424 3595 grecis
451 3546 522 3596 supr.
545 3546 594 3580 ser.
618 3545 652 3580 m.
676 3525 718 3581 3?
735 3527 761 3581 R
814 3530 848 3581 10
871 3542 906 3581 ex
928 3525 1058 3580 hebreico
1082 3524 1108 3579 V
1156 3542 1213 3579 non
1237 3523 1387 3583 eadem

189 3620 418 3688 significationem
426 3623 560 3676 eiusmodi
568 3623 651 3676 habet
663 3623 686 3675 V
722 3626 749 3676 11
763 3607 1387 3693 ΑΛΛΑΞΑΤΕΤωΟΕωΠΕΑΗΙΗῆΗ

189 3711 855 3781 (ΑΛΑΛΑΡΜΟΙΕ-εΤωθεωΙΤΑεΛεΡΗ
890 3724 1005 3796 (prame
1036 3725 1071 3778 11
1098 3726 1144 3779 utu.
1173 3727 1201 3778 a
1218 3728 1285 3787 ms.)
1311 3725 1374 3780 ι

189 3821 371 3885 statatum
393 3841 439 3883 τω
463 3824 668 3900 θεμιτακλητε
690 3851 709 3881 α
733 3820 915 3886 ἀλαλάξατε
934 3830 1042 3884 -illis
1070 3848 1119 3884 om.
1149 3829 1175 3883 V
1227 3832 1261 3884 ts
1278 3829 1387 3884 als-

189 3924 294 3992 lagmos
305 3926 349 3977 Ra
359 3925 512 3994 alalagmus
526 3927 575 3979 VP
626 3926 706 3978 latini
721 3926 746 3980 V
799 3927 829 3980 18
846 3925 1009 3994 proeliantis
1025 3925 1074 3979 VR
1082 3925 1299 3994 praeliantizs
1311 3926 1365 3978 i„

190 4013 223 4063 14
240 4016 413 4079 propterrem
441 4012 549 4068 hostem
571 4012 597 4065 V
647 4029 775 4066 successu
804 4012 829 4067 V
880 4013 912 4064 16
929 4011 1125 4081 intellegemus
1152 4011 1208 4066 ΒΡ
1232 4011 1387 4066 intell’rfl

189 4098 279 4165 gimtm
300 4099 327 4150 E
379 4098 411 4152 18
430 4090 649 4153 αΒέΞίιὼίΙο
669 4099 749 4165 (erus.
768 4096 808 4165 in)
830 4099 856 4152 R
873 4116 890 4153 a
907 4099 995 4154 iubilo
1019 4099 1069 4153 VP
1121 4104 1153 4154 19
1172 4100 1240 4169 quis
1260 4101 1387 4170 Regi

189 4204 207 4233 α
226 4202 279 4253 qna
298 4185 325 4236 P
375 4187 409 4238 20
427 4189 539 4252 reperta
557 4184 657 4250 ὃΞῶ
675 4189 702 4238 ia
720 4205 773 4240 ros.
796 4188 915 4256 lpostea
934 4203 1000 4240 eros.
1032 4185 1100 4253 )R.
