2790 4844
168 226 231 291 474
510 227 626 280 saneti
645 227 779 280 Hilarii
799 228 960 312 episcopi

168 417 314 482 indicium
338 437 419 482 uerae
443 424 475 481 et
497 417 643 500 perseatae
667 417 705 482 de
728 416 776 481 his
792 415 945 496 opinionis
957 416 1099 482 insinuat.
1145 416 1306 502 diligamus

169 541 244 606 ergo
281 520 436 599 iustitiam,
478 521 668 596 modestiam,
714 519 932 605 frugalitatem,
976 521 1238 598 misericordiam
1281 527 1307 586 et

168 625 325 691 oderimus
355 626 438 689 rixas
472 631 502 689 et
531 625 706 703 ebrietates
741 625 850 701 eredes,
886 625 1057 706 superbias,
1092 636 1208 709 stupra,
1241 645 1308 691 oum

169 728 282 812 quibus
315 747 443 795 neeesse
482 738 528 794 est
561 738 591 793 et
624 729 780 794 diabolum
818 729 982 794 oderimus.
1036 728 1203 814 diligentes
1239 749 1318 795 uero

130 864 142 899 s
169 853 286 914 paoem,
309 833 479 909 ueritatem,
503 833 651 898 iustitiam
675 832 841 917 diligemus
861 854 943 909 eum,
967 834 1019 917 qni
1043 841 1090 899 est
1104 854 1174 915 par,
1198 834 1353 900 iustitia*

170 945 200 1003 et
230 938 354 1015 ueritas,
385 937 544 1002 dominum
575 945 717 1002 nostrum
740 937 844 1002 lesum
869 937 1036 1016 Christum,
1067 938 1122 1022 qui
1150 944 1199 1005 est
1219 938 1377 1004 bena-

170 1043 271 1108 dietus
294 1042 326 1105 in
349 1041 461 1107 saeoula
484 1042 675 1106 saeculorum.
721 1061 821 1106 amen.

699 1185 791 1270 llllN.

215 1309 593 1391 Luseruapedibus
628 1312 727 1376 meis
761 1313 929 1376 uerbum
963 1318 1080 1385 tuum,
1114 1319 1151 1377 et
1182 1312 1378 1377 tumet]

119 1444 145 1481 10
172 1415 333 1480 semitis
356 1414 456 1480 meis
480 1414 660 1499 etreliqua.

215 1519 244 1583 1.
271 1518 341 1584 Vita
371 1538 545 1602 sensusque
575 1518 736 1585 hominum
766 1519 796 1584 iu
829 1539 931 1584 errore
962 1539 998 1585 se
1028 1519 1128 1600 potins
1158 1530 1246 1585 noete
1268 1519 1379 1583 ἰιι·

171 1622 307 1688 soieutiae
331 1637 445 1701 manet,
470 1624 544 1688 dum
568 1622 683 1688 earnali
707 1624 823 1689 infecta
845 1624 987 1708 contagio
1004 1624 1036 1688 iu
1052 1624 1206 1705 profundo
1226 1625 1377 1709 igue,

171 1727 279 1791 rantiae
317 1747 373 1807 per
409 1727 595 1810 grauitatem
635 1733 759 1805 naturae,
797 1728 847 1792 eui
885 1727 1023 1793 admixta
1061 1733 1115 1806 est
1153 1727 1287 1793 detinetn
1298 1742 1375 1787 1.

172 1830 294 1916 quaudo
318 1831 399 1896 enim
424 1851 478 1914 per
497 1831 698 1912 semetipsum
721 1851 847 1897 oausam
871 1833 1073 1897 strationem
1096 1832 1228 1916 originis
1250 1844 1373 1897 suffit

121 1964 147 2000 rs
172 1932 317 2001 nouerit?
362 1937 487 2019 quaudo
511 1936 598 2016 sciet,
621 1936 674 2019 qui
698 1936 769 2000 uitae
793 1956 858 2001 suae
881 1937 1001 2001 fruetus
1031 1935 1079 2011 sit,
1114 1956 1185 2020 quse
1208 1936 1289 2000 souti
1305 1926 1368 1993 5·

172 2039 219 2104 oio
242 2039 317 2120 spei,
341 2059 412 2122 quae
435 2041 648 2119 promerendse
669 2039 857 2120 posteritatis
881 2040 954 2105 nia?
998 2041 1208 2124 nequeenim
1231 2039 1281 2124 qui
1297 2049 1365 2094 :S-

172 2162 268 2226 quom
290 2149 353 2207 tam
378 2144 507 2208 demens
530 2156 582 2207 aut
605 2144 693 2225 inops
718 2163 811 2209 sensu
834 2150 889 2221 est,
920 2151 954 2209 nt
983 2144 1015 2208 iu
1044 2144 1085 2220 id,
1116 2162 1188 2209 num
1212 2141 1360 2208 nulus

172 2254 263 2321 esset,
286 2253 395 2312 natum
419 2267 452 2313 se
476 2267 545 2312 esse
569 2248 733 2325 existimet,
757 2254 790 2312 ut
805 2268 937 2326 rursum,
961 2254 1127 2332 postquam
1151 2254 1242 2312 natus
1257 2250 1356 2312 esi,

171 2349 274 2416 nullus
292 2360 390 2432 esset3
414 2372 485 2416 oum
504 2352 570 2417 sine
583 2352 676 2417 dubio
690 2352 865 2417 meminerit
876 2373 914 2417 ex
925 2352 1062 2418 bonitate
1078 2352 1127 2417 dei
1138 2341 1290 2433 'prosectu
1300 2359 1352 2409 111

121 2480 146 2519 ιο
173 2474 251 2532 esse,
275 2457 360 2538 qnod
383 2463 473 2521 ustus
497 2465 551 2533 est,
575 2476 632 2521 neo
656 2457 686 2521 id
710 2457 740 2521 in
763 2456 934 2521 bonitatem
964 2456 1031 2521 eius
1061 2455 1187 2521 malitiae
1218 2450 1349 2522 nouat

172 2566 206 2623 nt
227 2559 259 2622 in
282 2559 371 2624 uobis
394 2558 453 2624 hoe
488 2579 588 2636 snum,
619 2580 680 2643 quo
710 2564 877 2638 anselmus,
909 2580 1021 2625 munus
1051 2560 1215 2625 iuterimat
1259 2545 1346 2623 red

91 2726 93 2730 ,
172 2662 322 2746 propheta
358 2663 534 2748 cognitione
574 2684 676 2729 rerum
722 2664 891 2730 eaelestinm
930 2664 1043 2749 dignus
1081 2671 1112 2729 et
1148 2665 1180 2729 iu
1214 2663 1344 2730 turem

173 2767 309 2832 seientiae
339 2787 468 2834 munere
498 2768 547 2832 dei
577 2776 607 2832 et
629 2767 751 2852 eloquio
774 2767 940 2834 oolloeatus
975 2768 1085 2834 ducem
1110 2769 1151 2834 ad
1184 2769 1262 2834 bene
1315 2760 1346 2863 θξ

172 2873 351 2937 innocenter
373 2871 540 2936 uiuendum
565 2893 637 2937 eum
661 2873 807 2956 sequitur,
842 2871 895 2956 qui
930 2872 980 2937 lux
1014 2893 1090 2938 uera
1123 2880 1171 2938 est
1204 2879 1234 2938 et
1261 2872 1349 2952 (ΓΗ

121 2996 146 3036 as
173 2996 297 3041 omnem
322 2975 479 3040 hominem
503 2974 646 3042 luoitieat.

1329 3084 1362 3140 V

1327 3169 1360 3229 V

218 3114 373 3166 liusinuet
396 3134 417 3183 p
470 3113 640 3167 Iiustitism
667 3132 697 3167 ea
724 3114 836 3168 iustiam
865 3132 931 3168 corr.
959 3132 992 3167 m,
1015 3112 1036 3166 2
1064 3113 1090 3166 V
1149 3115 1262 3168 litem

173 3200 254 3255 cedes
282 3200 307 3252 R
360 3201 490 3268 superbas
523 3200 547 3252 V
597 3201 767 3255 5iustitiam
794 3194 825 3254 di
854 3201 876 3253 Ο
927 3200 1075 3270 diligamus
1104 3200 1128 3254 0
1183 3195 1266 3254 unffi

173 3296 232 3392 mim
250 3339 297 3408 xpu
322 3339 469 3393 VLitters
488 3339 552 3392 Xlll
572 3340 686 3408 explicit
714 3340 812 3409 incipit
830 3339 926 3394 littera
943 3339 1024 3393 XIIII
1049 3339 1172 3394 selioiter
1196 3339 1221 3393 V
1240 3317 1345 3392 Finit

173 3445 199 3496 R
216 3444 293 3498 Finit
310 3445 352 3498 lit.
371 3444 437 3498 XIII
456 3443 539 3512 incip.
564 3444 638 3498 Num
662 3444 756 3497 littere
774 3445 853 3499 XIIII
874 3443 965 3498 CFir'r
982 3425 1048 3497 iiiia
1065 3443 1132 3498 XIII
1150 3443 1227 3512 inoip
1243 3437 1330 3513 Nm?

173 3531 287 3600 xrrup
341 3531 450 3584 suum
480 3531 505 3583 V
554 3534 668 3584 eruum
695 3530 805 3585 nomine
832 3538 861 3585 u
887 3531 954 3602 asp
980 3531 1015 3599 cf.
1044 3531 1166 3584 auem
1192 3531 1232 3598 11,
1257 3506 1322 3582 st?

175 3620 205 3670 ll
225 3619 356 3671 scientiae
382 3618 420 3688 Vp
475 3620 507 3670 12
525 3624 639 3671 manent
658 3619 711 3688 l'pl)
765 3617 867 3672 infesta
886 3636 916 3672 ex
933 3616 1053 3672 infestas
1070 3615 1135 3670 m.2
1150 3617 1175 3671 V
1228 3619 1259 3671 14
1274 3624 1309 3663 ω’

173 3705 318 3773 metipsum
333 3706 384 3775 pE
436 3707 468 3759 15
486 3705 596 3759 nouerit
615 3706 676 3758 arlrl.
694 3723 725 3757 m.
740 3702 759 3756 2
777 3705 802 3758 V
852 3704 962 3773 quando
980 3703 1050 3759 soiet
1067 3721 1097 3758 ea
1115 3704 1227 3772 qnando
1245 3701 1300 3759 enisu

174 3791 243 3845 sciet
256 3810 287 3844 m.
303 3792 322 3844 ⁴.)
337 3792 362 3843 Γ
378 3791 487 3859 quaudo
506 3792 564 3844 siR
620 3793 650 3844 16
668 3791 851 3862 potestatisp
905 3794 937 3845 17
955 3791 1043 3844 tanV
1092 3791 1175 3860 Inops
1194 3810 1225 3846 ee
1241 3791 1302 3845 iuolu

174 3897 239 3931 corr.
260 3897 291 3931 ru.
305 3879 327 3930 u
352 3879 375 3929 V
391 3879 470 3931 inobs
490 3879 528 3949 ('p
580 3877 638 3930 iid
663 3878 687 3930 V
703 3877 730 3930 id
751 3882 773 3930 t'
825 3881 858 3933 18
877 3884 957 3932 uatus
984 3884 1026 3932 eet
1053 3879 1080 3930 in
1107 3896 1193 3948 more.
1221 3880 1276 3933 odel
1291 3880 1307 3935 (¹

176 3968 208 4019 19
234 3965 392 4018 meminerit
419 3984 449 4018 ea
475 3964 602 4017 meminit
629 3982 661 4015 m.
690 3966 710 4015 ⁴.)
745 3966 766 4017 V
834 3981 868 4019 ex
897 3965 1052 4050 bonitatem
1081 3982 1149 4020 corr.
1181 3984 1216 4021 m.
1246 3964 1266 4020 2
1292 3969 1310 4023 l'

174 4105 209 4157 20
230 4103 325 4156 irl'om.
351 4102 374 4155 V
424 4103 547 4156 malitiae
575 4048 655 4183 nssrlat
676 4103 698 4156 C
747 4105 780 4156 ul
807 4102 880 4170 quod
904 4103 962 4156 Vt'e
1014 4103 1157 4158 nascimur
1185 4125 1218 4160 ex
1236 4110 1315 4166 nasei·

174 4226 234 4261 mus
253 4226 285 4259 m.
305 4207 324 4258 :2
347 4207 372 4259 V
423 4200 567 4260 interimet
591 4207 793 4289 Vinterimaut
808 4227 835 4277 p.
