2790 4844
162 246 224 311 578
509 247 628 300 sancti
648 245 782 299 Hilarii
802 247 966 314 episcopi

160 444 190 500 et
212 442 475 501 sacramentorum
498 435 719 499 abundantiam
745 436 832 500 beata
855 435 907 499 illa
932 457 989 515 pax
1013 443 1044 501 et
1066 438 1256 504 indeficiens
1283 452 1308 504 et

159 548 274 604 aeterua
298 541 446 604 bonorum
470 540 638 604 caelestium
664 540 852 604 abundantia
874 548 1075 620 praeparatur.

205 646 252 709 13.
279 642 398 708 Dehinc
412 644 565 726 sequitur:
589 643 665 707 siat
688 663 761 722 par
785 643 823 706 in
846 643 1004 708 uirtute
1027 653 1101 719 tua,
1126 652 1167 711 et
1189 648 1303 712 abun·

159 749 299 812 dantia
333 749 371 811 in
406 747 590 812 turribus
624 747 820 830 grauibus
856 747 946 812 tuis.
991 768 1052 828 pax
1081 756 1179 833 atque
1210 752 1302 816 uirtus

118 880 131 915 s
159 852 268 916 domus
303 851 392 916 huius
427 871 542 915 conexa
573 857 643 915 sunt
673 851 741 915 sibi.
787 871 878 931 posse
911 853 993 916 enirn
1028 852 1147 936 aliquid
1178 856 1240 920 nisi
1269 876 1301 920 ex

159 976 233 1035 pace
267 975 329 1019 non
359 955 481 1036 poterit.
516 956 588 1037 quia
621 955 812 1038 participatio
847 956 911 1019 eius
945 956 976 1019 in
1011 956 1147 1036 idipsum
1183 970 1242 1037 est,
1273 961 1301 1024 iu

157 1060 291 1140 idipsum
316 1066 419 1124 autem
444 1079 513 1124 esse
535 1079 593 1139 pax
618 1057 682 1123 sola
705 1060 912 1142 consequitur.
958 1060 1095 1141 perlecta
1110 1083 1186 1127 uero
1207 1064 1300 1128 uirtus

157 1183 262 1228 eorum
295 1170 412 1227 tantum
445 1170 500 1241 est,
531 1164 583 1246 qui
614 1169 845 1247 congregantur
875 1164 906 1226 iu
938 1164 1088 1245 idipsum:
1121 1172 1155 1230 et
1188 1167 1300 1233 ideirco

156 1269 214 1333 uit:
239 1267 316 1332 fiat
339 1288 412 1347 pax
434 1269 473 1332 in
497 1267 725 1332 uirtutibus
749 1268 840 1331 tuis.

104 1395 129 1433 ιο
203 1372 250 1436 tl.
275 1371 440 1437 Ciuitatem
464 1379 565 1436 autem
591 1390 720 1436 necesse
744 1381 789 1436 est
814 1373 936 1436 diuerso
958 1372 1161 1437 aedificiorum
1186 1395 1299 1457 genere

156 1476 332 1541 consistere.
377 1496 438 1539 non
452 1475 535 1541 enim
548 1476 649 1539 omnis
662 1488 708 1539 est
723 1495 836 1548 nrurus,
853 1483 951 1555 porta,
968 1478 1069 1555 turris,
1085 1497 1190 1561 neque
1202 1481 1298 1544 omnis

154 1580 283 1660 plateae,
295 1580 439 1661 ponticus
452 1581 609 1661 tabernae,
623 1600 724 1663 neque
737 1580 854 1655 domus,
867 1579 977 1657 sorum,
994 1581 1120 1661 templa,
1137 1582 1296 1663 palatium:

154 1682 1296 1770 sedetdifferentibusintersedomorummagnificentiisdifferuntquoque

154 1788 394 1854 cohabitantium
409 1788 583 1871 dignitates.
608 1789 639 1852 in
652 1789 734 1851 omui
747 1809 821 1852 uero
833 1808 949 1871 genere
962 1789 1093 1853 ciuitatis
1107 1789 1185 1854 nihil
1199 1810 1295 1873 neque

101 1913 125 1950 u
152 1890 272 1955 firmius
288 1911 388 1974 neque
403 1891 506 1956 utilius
522 1911 622 1974 neque
637 1891 750 1956 celsius
766 1892 899 1956 turribus
915 1899 969 1957 est
1006 1891 1094 1958 solita
1109 1913 1185 1959 uero
1202 1895 1293 1974 scrip-

153 2006 220 2060 tura
236 2007 283 2060 est
298 1997 405 2080 grauia
422 2016 476 2079 pro
492 1995 591 2061 firmis
608 2003 639 2060 et
658 1995 857 2059 inmobilibus
880 2015 1073 2078 nuucuparc;
1097 1997 1143 2062 sic
1167 1998 1218 2063 ubi
1241 1998 1292 2062 ait:

152 2101 192 2164 in
215 2099 361 2180 populo
385 2100 500 2185 graui
524 2098 697 2165 laudubo
721 2105 769 2164 te.
815 2119 896 2164 nunc
920 2120 1041 2183 quoque
1064 2120 1135 2165 oum
1159 2103 1199 2166 de
1222 2121 1291 2182 pace

151 2203 272 2268 uirtutis
310 2210 529 2280 memorasset,
579 2204 802 2268 abundantiam
845 2201 1045 2269 beatitudinis
1084 2205 1229 2285 perfecta
1264 2212 1289 2268 et

151 2313 275 2372 aeternae
313 2308 444 2373 ciuitatis
484 2307 572 2372 huius
610 2307 800 2387 principibus
840 2317 999 2391 tamquam
1036 2306 1226 2374 firmissimis
1262 2316 1288 2372 et

99 2430 123 2467 20
151 2412 344 2495 grauissimis
368 2413 525 2492 depulauit
548 2412 669 2476 dicens:
704 2417 743 2476 et
765 2411 1018 2476 abundantia
1045 2411 1085 2476 in
1108 2413 1288 2477 turribus

150 2517 346 2598 grauibus
380 2516 469 2580 tuis
516 2516 656 2595 superius
688 2515 822 2579 dixerat:
855 2527 892 2579 et
923 2515 1176 2580 abundantia
1206 2515 1287 2581 dili·

149 2621 341 2703 gentibus
365 2627 418 2697 te;
447 2638 508 2684 non
533 2639 607 2703 ergo
631 2620 769 2684 omnium
792 2626 840 2684 est
861 2620 1058 2698 abundantia,
1083 2622 1140 2684 sed
1164 2620 1288 2705 diligen·

149 2724 225 2788 tium
250 2724 350 2788 deum.
398 2724 510 2788 deinde
533 2724 659 2788 adiecit:
684 2724 760 2787 fiat
784 2743 856 2803 pax
879 2724 917 2787 in
941 2723 1098 2788 uirtute
1123 2729 1204 2799 tua;
1235 2742 1287 2805 pax

149 2829 232 2892 enim
256 2827 393 2893 ecclesiae
417 2834 449 2893 et
472 2827 572 2891 unitas
594 2828 738 2891 uirtutem
775 2827 863 2892 uobis
893 2825 1137 2911 firmitatemque
1169 2833 1289 2909 praestat

96 2946 121 2985 π
149 2934 319 2998 secundum
354 2929 427 2994 illud
465 2930 610 3010 apostoli:
650 2936 689 2994 et
726 2950 799 3010 pax
837 2931 911 3002 dei,
950 2950 1032 3013 quae
1071 2941 1289 3013 exsuperat

147 3056 300 3100 omnem
325 3054 485 3100 sensum
516 3035 751 3115 prudentiss,
776 3034 985 3099 custodiet
1008 3036 1131 3100 corda
1153 3043 1289 3101 uestra

146 3140 184 3203 in
215 3138 380 3203 Christo
412 3138 426 3202 Ι
437 3159 515 3203 esu.
563 3158 643 3202 nuno
673 3158 795 3221 quoque
827 3137 906 3203 hauc
937 3138 1169 3218 abundant-iam,
1201 3159 1288 3224 quam

190 3299 221 3350 17
242 3298 284 3349 Ps.
303 3295 425 3363 XXXIV,
447 3298 488 3349 18.
523 3296 558 3349 25
577 3295 646 3348 Phil.
665 3295 711 3362 IV,
731 3298 754 3347 7.

188 3434 392 3489 2abunduntia
421 3434 798 3489 dffzabundantiazlt
858 3433 1025 3502 4grauibus
1052 3434 1132 3487 RPT
1158 3454 1250 3506 grass
1270 3438 1292 3490 G

144 3539 192 3574 our.
218 3523 240 3575 V
290 3522 380 3589 adque
400 3521 479 3574 (ΝΡ
533 3523 672 3574 boonexa
691 3525 755 3573 sunt
774 3520 826 3573 sibi
844 3521 869 3572 lt
887 3525 1131 3575 conexsssuntss
1145 3524 1170 3576 G
1191 3540 1294 3578 conexa

146 3607 284 3671 (connexa
302 3609 338 3673 P)
358 3608 410 3661 sibi
429 3612 493 3660 sunt
512 3607 591 3659 ΡΤΕ
607 3606 726 3660 inuicem
754 3623 858 3660 conexa
886 3613 951 3661 sunt
978 3607 1032 3661 sibi
1058 3607 1082 3660 l'
1135 3611 1295 3678 'lperfecta

144 3712 210 3749 uero
232 3697 256 3749 R
274 3714 324 3764 per
349 3702 463 3763 peccatu
490 3711 556 3748 uero
576 3695 601 3746 Ρ
616 3701 713 3760 pacata
741 3711 808 3748 uero
828 3694 853 3745 Ῥ
869 3694 992 3762 perlecta
1010 3711 1077 3748 uero
1095 3711 1130 3749 ac
1150 3703 1253 3766 pacata
1272 3699 1297 3752 Ε

144 3780 209 3832 eiu
227 3781 377 3834 uirtutibus
397 3781 451 3834 tuis
471 3781 534 3833 RPe
552 3780 581 3833 in
600 3780 705 3834 uirtute
724 3785 771 3833 tua
791 3781 815 3831 T
868 3783 901 3833 14
919 3779 947 3832 in
966 3779 1040 3833 omni
1059 3796 1129 3835 uero
1150 3784 1231 3838 RPT
1248 3785 1295 3840 sed

143 3866 265 3920 inomni
296 3868 317 3920 V
369 3869 401 3921 15
420 3868 518 3921 celsius
540 3867 642 3920 GRPT
659 3867 794 3920 excelsius
819 3867 844 3919 V
895 3869 927 3921 16
945 3866 985 3920 sic
1004 3867 1052 3920 ubi
1073 3867 1128 3921 GR
1153 3870 1230 3926 sicut
1249 3873 1297 3926 Vr

143 3953 225 4006 sicuti
246 3954 273 4005 Ε
324 3956 357 4008 18
374 3959 554 4007 memorasset
574 3954 676 4006 Glll'l'
693 3953 827 4006 memoria
845 3956 917 4006 esset
938 3952 963 4006 V
1012 3971 1086 4006 uoces
1105 3960 1136 4008 et
1155 3966 1295 4027 aeternae,

143 4056 208 4108 quae
234 4051 319 4093 extant
345 4043 372 4092 iu
394 4041 502 4105 GRP'I',
521 4061 569 4093 otu.
593 4040 618 4092 V
670 4042 701 4093 19
719 4039 892 4107 principibus
913 4039 1016 4092 GRPT
1032 4040 1187 4111 prinoipib.
1207 4063 1296 4116 popu·

142 4126 232 4179 lorum
255 4127 278 4179 V
327 4132 356 4182 et
382 4126 554 4194 grauissimis
577 4127 670 4179 Gl'lle
694 4144 741 4179 om.
761 4127 811 4178 ΡΡ
871 4128 905 4179 22
929 4125 1107 4194 diligentium
1134 4130 1221 4185 deum
1248 4134 1297 4186 ΡΤ

73 4232 76 4240 ·
141 4212 315 4280 diligentiam
328 4210 362 4278 (l)
381 4212 447 4265 deas
462 4215 486 4265 (ἰ
504 4213 680 4282 diligentium
700 4215 725 4266 R
777 4215 812 4267 25
830 4229 884 4281 pax
902 4218 954 4267 uia
973 4213 999 4265 Ρ
1014 4229 1069 4281 pax
1087 4221 1188 4271 uestra
1210 4221 1243 4274 T.
