2790 4844
381 236 563 285 tractatus
582 230 614 282 iu
634 231 805 298 psalmum
825 231 957 285 cxxxii.
1179 231 1241 297 687

93 426 192 488 deus
216 430 307 488 tuus
329 423 417 488 oleo
441 421 745 487 exsultationis,
779 421 881 485 unctio
897 421 955 485 ista
972 427 1094 487 terrena
1109 442 1171 486 non
1188 434 1242 497 est,

89 528 276 608 incorporea
297 534 354 605 est,
377 524 542 592 inuisibilis
565 534 627 591 est:
662 545 721 590 uon
746 526 786 591 de
808 525 874 590 oleo
897 537 932 589 ut
953 527 1098 591 sacerdos
1120 533 1151 591 et
1173 546 1242 610 pro·

90 632 196 714 pheta,
220 652 280 696 nou
305 652 400 697 cornu
423 639 459 696 ut
480 651 543 708 rex,
567 631 623 695 sed
646 629 713 694 oleo
745 629 956 695 exsultationis
986 631 1119 714 ungitur.
1165 653 1241 713 opus

89 738 177 802 istud
200 736 313 801 laetitiae
337 736 483 817 spiritalis
507 742 555 799 est
577 741 610 799 et
632 737 672 800 ad
696 740 923 800 sacramentum
940 733 1072 800 caelestis
1088 736 1242 801 unctionis

89 841 306 908 exsultationis
344 840 462 905 fructus
499 838 679 916 adhibetur;
719 859 779 903 non
818 839 964 904 materies
1002 846 1151 905 creaturae
1186 855 1240 905 est.
1282 867 1294 901 a

89 946 167 1028 quia
191 944 358 1027 corporalia
380 943 589 1026 corporalibus
612 943 804 1027 indigebant,
828 945 932 1007 Aaron
964 963 1053 1028 myro
1086 945 1240 1009 confusio·

87 1050 142 1113 nis
166 1049 309 1132 ungitur;
333 1051 387 1114 sod
411 1048 452 1123 id,
476 1049 558 1132 quod
577 1046 734 1128 corporale
751 1053 807 1120 est,
831 1066 888 1128 per
903 1046 1103 1113 efficientiam
1120 1049 1241 1114 uirtutis

88 1153 241 1234 spiritalis
265 1154 417 1218 imbutum
442 1153 577 1234 speciem
594 1151 653 1217 olei
676 1150 808 1216 caelsstis
832 1152 976 1217 imitatur.
1022 1153 1156 1236 denique
1172 1163 1241 1234 post

88 1257 175 1322 lianc
197 1259 374 1323 unctionem
399 1260 504 1322 Aaron
540 1257 710 1322 secundum
746 1255 847 1339 legem
879 1255 1021 1322 Christus
1052 1263 1098 1321 est
1126 1277 1241 1323 nuncu·

87 1369 192 1444 petus,
215 1368 378 1445 postquam
399 1361 552 1426 unctionis
575 1360 713 1425 conlusio
735 1380 791 1441 per
813 1360 854 1437 id,
877 1362 961 1444 quod
979 1382 996 1424 a
1012 1362 1071 1426 deo
1094 1361 1238 1443 confundi
1269 1387 1293 1420 ιο

87 1467 306 1531 demonstrata
336 1472 391 1544 est,
422 1467 453 1530 iu
489 1466 626 1546 speciem
656 1465 810 1530 unctionis
841 1464 1004 1530 inuisibilis
1036 1465 1239 1531 consecratur.

86 1577 124 1635 ut
148 1569 244 1655 igitur
267 1569 325 1634 hoc
355 1590 478 1653 myrum
502 1588 611 1634 omnes
635 1569 779 1633 scatentes
802 1570 912 1634 odores
936 1575 966 1633 et
989 1569 1152 1635 inmundos
1176 1590 1241 1635 oor-

87 1675 180 1739 dium
204 1674 338 1753 spiritus.
372 1693 568 1758 quocumque
602 1672 740 1738 infusum
774 1672 872 1750 fuerit,
907 1672 1057 1757 extinguit
1091 1693 1186 1758 seque
1208 1659 1268 1740 in*

87 1779 206 1852 omnia,
236 1780 268 1843 iu
292 1799 360 1862 quae
383 1778 523 1852 infertur,
558 1779 633 1842 odor
666 1777 717 1842 hic
750 1778 911 1843 suauitatis
941 1778 1083 1855 iufundit,
1113 1780 1155 1844 ita
1185 1800 1241 1859 per

88 1882 150 1947 hoo
175 1888 405 1948 sacromentum
429 1882 584 1948 unctionis
607 1881 715 1946 iufusae
738 1888 769 1948 et
784 1901 840 1963 per
855 1902 921 1947 eam
938 1882 1023 1946 omui
1047 1887 1245 1948 terrenorum
1268 1905 1292 1941 re

86 2008 125 2051 ac
161 1987 354 2052 sordentium
387 1986 531 2051 uitiorum
579 1991 754 2050 nostrorum
789 1987 897 2052 soetore
932 1987 1052 2051 deterso
1086 1986 1145 2051 deo
1178 1988 1238 2052 iarn

89 2091 174 2174 quod
199 2096 247 2155 est
277 2111 370 2156 suane
404 2091 568 2171 spiramus.
613 2092 698 2155 uouit
731 2090 814 2156 huuc
848 2090 1063 2156 suaueoleutiae
1098 2091 1238 2172 spiritum

89 2195 200 2260 beatus
230 2194 385 2275 apostolus
409 2194 521 2260 Paulus
556 2196 662 2260 dicens
697 2196 755 2259 ita:
791 2194 949 2260 Christi
983 2196 1110 2260 bonus
1144 2197 1241 2261 odor·

90 2319 229 2365 sumus
253 2301 325 2364 deo
347 2300 385 2364 in
408 2301 514 2364 omni
538 2300 686 2377 looo‚iu
710 2298 783 2375 his,
804 2299 870 2384 qui
894 2297 1116 2378 saluantur‚
1142 2307 1179 2365 et
1201 2301 1239 2364 in

90 2402 164 2480 uis,
190 2404 255 2486 qui
280 2412 467 2485 pereunt3
495 2411 534 2469 et
556 2405 594 2468 iu
618 2404 714 2468 istis
739 2403 901 2487 quidem
923 2404 1020 2467 odor
1042 2423 1086 2467 ex
1109 2410 1238 2469 morte
1266 2412 1307 2459 a·

92 2508 130 2571 in
155 2515 334 2586 mortem,
368 2508 462 2572 ist-is
496 2514 628 2573 sutem
662 2509 760 2573 odor
793 2528 838 2572 ex
866 2508 950 2572 uita
980 2508 1018 2572 in
1042 2509 1182 2573 uitam:
1206 2515 1240 2573 ut

93 2613 220 2677 odorem
244 2612 315 2677 uitae
338 2631 394 2676 nos
418 2632 487 2677 esse
510 2612 696 2689 uiuentibus
727 2613 768 2676 ita
799 2613 926 2676 odorem
961 2631 1030 2677 esse
1052 2613 1158 2677 mortis
1182 2612 1239 2678 his,

93 2717 144 2799 qui
168 2716 200 2779 in
223 2716 359 2796 peccetis
382 2717 446 2781 suis
463 2726 664 2793 morerentur,
688 2715 864 2781 ostendeus.
908 2717 974 2796 ipse
1000 2724 1102 2781 autern
1123 2715 1239 2782 curisti

92 2818 167 2884 odor
191 2840 228 2884 ex
252 2820 342 2885 nobis
365 2821 465 2886 bouus
489 2819 547 2884 deo
570 2826 626 2885 est.
672 2825 706 2884 nt
728 2819 823 2903 igitur
845 2820 991 2901 placitum
1006 2819 1067 2886 hoc
1082 2820 1113 2885 iu
1130 2823 1239 2902 primo,

92 2923 123 2988 id
145 2935 194 2988 est
217 2925 329 3001 Aaron,
364 2924 525 2990 sacerdote
547 2930 739 3008 unguentum
770 2925 827 2989 deo
857 2925 965 3001 extitit,
997 2945 1057 3008 quo
1080 2925 1112 2989 iu
1136 2945 1239 2990 erem·
1266 2941 1293 2978 ’ὁ

93 3025 178 3107 plum
202 3027 260 3094 olei
283 3027 493 3093 exsultationis
515 3030 746 3112 perungebatur
778 3035 900 3112 gratum
924 3029 982 3093 deo
1005 3048 1042 3093 ex
1065 3049 1099 3094 ss
1120 3027 1193 3094 fidei
1210 3038 1241 3095 et

93 3132 275 3197 innocentis
298 3132 422 3197 odorem
446 3133 597 3212 praebens,
635 3133 676 3197 ita
699 3133 814 3199 bonum
839 3137 869 3198 et
891 3133 1057 3198 iucundum
1082 3138 1129 3198 est
1151 3131 1240 3198 habi·

94 3245 157 3300 tare
182 3235 295 3301 fratres
317 3236 349 3300 in
371 3256 478 3316 unum,
501 3257 557 3317 per
579 3237 660 3320 quod
684 3237 871 3302 unanimitas
901 3235 1065 3301 uoluntatis
1099 3238 1236 3302 eiusdem

92 3340 201 3420 primis
224 3345 256 3404 et
279 3340 423 3405 maximis
454 3341 656 3407 sacramentis
680 3341 831 3406 bonorum
855 3340 1023 3406 celestium
1048 3345 1238 3421 cooperatur.

134 3442 165 3507 5.
191 3443 361 3508 Descendit
393 3453 497 3510 autem
519 3451 710 3529 unguentum
735 3466 753 3509 a
775 3445 874 3526 capite
903 3446 934 3510 in
958 3446 1096 3511 barbam.
1141 3445 1238 3510 barba
1265 3460 1291 3496 ³0

90 3546 188 3612 uirilis
210 3548 312 3613 aetetis
335 3554 461 3614 ornatus
485 3555 540 3614 est.
586 3569 687 3633 neque
721 3550 804 3614 euim
840 3570 895 3615 nos
929 3549 1072 3630 paruulos
1106 3568 1176 3614 esee
1206 3550 1237 3613 iu

135 3673 169 3725 ie
188 3671 214 3724 11
233 3669 294 3724 cor.
312 3673 338 3738 a,
361 3673 394 3727 15
412 3688 453 3740 sq.

135 3774 238 3828 ldeus
256 3779 321 3828 tuus
340 3776 377 3829 Pe
403 3778 439 3848 cf.
457 3778 577 3830 Sabatier
596 3778 633 3842 11,
652 3776 692 3831 92
709 3778 778 3832 deus
796 3777 863 3831 deus
883 3784 947 3831 tuus
967 3778 1006 3830 Tb
1059 3778 1127 3831 2de
1147 3795 1194 3831 om.
1215 3778 1241 3829 Τ

88 3865 157 3916 dut
174 3877 255 3928 reges
274 3862 451 3931 ungebantur
476 3864 512 3917 Vr
563 3864 624 3918 oleo
642 3864 766 3918 laetitiae
791 3864 827 3917 Vr
881 3864 996 3933 ungitur
1016 3865 1044 3917 E
1060 3863 1195 3932 unguitur
1214 3864 1239 3916 Τ

89 3951 215 4015 ungetur
241 3947 269 4000 P
292 3954 392 4002 unctus
421 3956 462 4003 est
487 3949 524 4003 Vr
587 3953 716 4018 bmyrro
736 3953 779 4004 Τα
843 3952 858 4001 7
883 3950 1017 4019 unguitur
1047 3952 1071 4003 T
1097 3946 1191 4019 unget
1215 3952 1241 4004 P

88 4038 174 4088 bero
200 4035 225 4087 V
238 4036 279 4088 bic
305 4038 384 4089 dmin.
408 4039 462 4089 rod.
488 4037 512 4089 V
581 4039 613 4091 ln
640 4039 742 4091 mirum
768 4039 793 4090 P
815 4053 939 4104 myrrum
966 4038 1008 4089 Τα
1033 4043 1205 4105 unguentum
1223 4058 1238 4089 r

89 4124 123 4176 17
144 4121 299 4190 speram’P
349 4123 618 4178 eoetzzietisl‘
668 4126 1063 4193 regaturnl'retgrerume
1115 4126 1238 4193 erprae

88 4210 159 4263 bons
169 4209 196 4260 Τ
206 4209 317 4277 praebe
336 4209 363 4262 l’
377 4210 493 4278 praebet
512 4228 532 4264 e.
