2790 4844
170 233 211 297 62
509 235 626 287 saneti
650 234 784 288 Hilarii
809 234 971 302 episcopi

169 424 308 503 ipsum,
330 424 410 504 ipsi
434 422 569 507 gloria
591 425 627 487 in
653 422 801 488 saeoula
825 422 1072 488 saeeulorum.
1118 444 1187 488 esse
1210 432 1315 488 autem

169 527 298 592 inferna>
322 527 412 591 huius
436 528 571 612 regionis
595 533 751 610 uastaeque
784 528 914 611 abyssus
945 527 1060 592 incolas
1083 527 1197 610 plures,
1233 527 1317 592 beati

171 630 316 695 Iohannis
340 631 528 715 Apocalypsi
551 632 707 713 docemur,
736 652 807 696 enm
839 631 947 710 nullus
978 632 1239 715 nequeiueae10‚
1264 652 1317 697 ne·

172 755 231 819 que
255 755 346 816 supra
369 742 491 810 terram,
515 755 615 818 neque
638 736 719 800 infra
736 743 850 801 terram
867 737 1065 821 obsignatum
1077 735 1190 801 libmm
1203 737 1318 820 dignus

132 867 145 905 a
172 846 219 904 est
253 847 391 921 repertus
426 842 553 922 aperire.
598 861 659 905 non
693 842 798 925 utique
833 843 871 906 de
905 843 1035 906 mortuis
1072 848 1103 906 et
1136 843 1167 905 in
1202 847 1318 905 terram

172 944 298 1025 sepultis
322 943 499 1028 significare
523 943 722 1030 intellegitur,
753 966 824 1010 eum
848 946 886 1009 ad
913 947 994 1010 tertii
1018 944 1167 1010 incolatus
1190 946 1318 1010 demon-

172 1050 350 1113 strationem
384 1069 445 1112 non
470 1051 521 1132 qui
544 1051 625 1114 intra
648 1057 770 1128 terram,
793 1051 848 1115 sed
873 1050 926 1133 qui
948 1049 1028 1114 infra
1059 1057 1182 1128 terram,
1217 1070 1319 1133 neque

173 1153 225 1234 qui
248 1153 359 1217 mortui
384 1160 463 1231 suut,
497 1155 551 1218 sed
576 1155 627 1236 qui
650 1155 767 1229 uiuunt,
791 1153 910 1219 nullum
932 1154 964 1218 iu
988 1175 1021 1218 se
1044 1154 1224 1238 resignandi
1247 1152 1320 1218 libri

155 1255 337 1321 'habuerint
359 1265 525 1322 auctorem.
570 1278 641 1322 cum
665 1278 739 1343 ergo
762 1259 917 1340 possessio
941 1264 1030 1323 terrae
1060 1257 1168 1323 finium
1193 1259 1320 1323 domiuo

91 1351 92 1354 '
122 1386 146 1422 a
174 1362 310 1440 donatur,
333 1381 395 1425 nou
419 1368 483 1426 tarn
507 1369 587 1426 terra
611 1363 748 1437 donatur,
773 1383 867 1446 quam
891 1383 936 1439 ea,
961 1363 1072 1445 quibus
1100 1369 1182 1426 terra
1203 1361 1320 1426 finitur.

175 1470 264 1530 terrae
288 1467 371 1531 enim
395 1468 553 1545 terminos,
578 1468 689 1551 quibus
721 1474 802 1533 terra
833 1469 899 1548 ipsa
930 1468 1161 1545 determinatur,
1192 1468 1321 1548 aceepit.

217 1568 267 1633 33.
292 1568 385 1634 Ouius
409 1572 453 1635 rei
477 1578 706 1636 sacramentnm
740 1592 832 1636 omne
868 1572 976 1637 beatus
1010 1570 1166 1652 apostolus
1197 1570 1320 1646 Paulus,

174 1673 287 1755 quippe
303 1675 388 1738 onius
405 1695 456 1738 ore
475 1674 616 1740 Christus
635 1677 674 1741 de
693 1696 727 1741 se
747 1683 794 1741 est
813 1676 940 1753 loeutus,
961 1675 1100 1755 exposuit
1112 1676 1234 1740 disens:
1251 1676 1320 1758 qui

175 1778 314 1841 eumin
331 1777 538 1843 sormadei
556 1787 675 1853 esset,
696 1800 770 1844 uon
787 1781 973 1861 rapinam
996 1780 1257 1844 existimauit
1280 1800 1322 1845 se

124 1906 149 1941 a
176 1901 265 1945 esse
288 1882 485 1964 aequalem
510 1885 677 1961 de0‚sed
700 1905 739 1967 se
764 1885 996 1950 exinaniuit
1018 1883 1185 1948 sormam
1210 1884 1322 1948 serni

177 1986 396 2066 accipiens,
428 1986 769 2052 insimilitudine
794 1988 972 2053 bominis
1007 1989 1261 2052 constitutus
1285 1994 1324 2052 ot

178 2088 320 2153 habitu
361 2098 552 2171 repertus
586 2099 627 2156 ut
661 2092 790 2156 homo:
833 2091 1072 2157 bumiliauit
1112 2113 1152 2158 se
1186 2092 1323 2157 sactus

178 2192 403 2260 obaudiens
426 2198 615 2279 usquead
632 2204 810 2271 mortem,
829 2203 1147 2261 mortemautem
1170 2197 1324 2273 erunis3

177 2303 469 2382 propterquod
504 2307 542 2366 et
572 2303 669 2366 deus
700 2301 816 2365 illum
850 2301 1051 2366 exultauit
1085 2307 1123 2366 et
1157 2301 1325 2364 donauit

127 2423 152 2460 n
180 2400 243 2466 illi
274 2423 425 2482 nomen,
457 2406 561 2488 quod
595 2412 657 2470 est
686 2425 805 2486 super
827 2425 940 2470 omne
963 2424 1112 2483 nomen,
1135 2410 1177 2468 ut
1199 2406 1239 2469 in
1262 2424 1324 2468 uo·

179 2507 285 2571 mine
310 2508 402 2573 Iesu
432 2530 544 2574 omne
574 2531 678 2594 genu
701 2516 846 2575 euruet
874 2508 1101 2574 caelestium
1132 2516 1169 2573 ot
1200 2515 1325 2576 terre·

178 2612 323 2676 strium
347 2620 386 2677 et
408 2613 670 2689 infernorum,
695 2620 733 2678 et
752 2615 881 2678 omnis
905 2613 1326 2696 linguaooullteatur.

179 2717 271 2797 quia
295 2717 482 2782 dominus
507 2718 622 2783 Iesus
647 2716 837 2783 Christus
867 2719 905 2782 in
938 2716 1071 2801 gloria
1094 2718 1157 2781 dei
1180 2719 1327 2797 patris.

178 2820 210 2882 in
234 2820 333 2884 forma
355 2822 460 2905 itaque
483 2823 533 2888 dei
556 2843 685 2887 manens
716 2821 850 2886 sormam
874 2822 956 2887 serui
986 2823 1113 2902 aceepit,
1141 2820 1261 2887 seilicet
1290 2841 1327 2887 ex

128 2941 153 2980 aa
180 2923 237 2987 deo
260 2923 352 2988 homo
375 2932 474 2990 natus.
502 2934 625 3008 etpost
647 2934 779 2991 mortem
803 2927 902 2991 erneis
925 2927 956 2990 in
980 2946 1102 3002 nomen,
1126 2927 1210 3008 quod
1234 2946 1328 3008 super

178 3047 270 3092 omne
293 3048 405 3093 nornen
430 3036 484 3107 est,
509 3030 672 3095 exaltatur:
696 3032 726 3095 in
749 3032 842 3095 deum
865 3051 1008 3113 namque,
1024 3031 1097 3113 quia
1114 3029 1232 3094 nullum
1244 3030 1326 3095 ultra

179 3132 271 3195 deum
297 3152 408 3197 nomeu
429 3140 485 3210 est,
509 3133 695 3214 prouehitur,
712 3136 801 3217 eique
824 3133 883 3198 hoo
906 3135 1031 3215 petenti,
1054 3134 1160 3211 idest,
1182 3140 1325 3212 utesset

180 3235 262 3317 quod
285 3236 384 3301 luerat
406 3244 486 3316 ante,
510 3240 649 3302 donatur.
694 3238 827 3302 sormam
861 3240 944 3303 enim
976 3240 1057 3303 serui
1086 3239 1117 3301 in
1153 3237 1252 3302 forma
1276 3239 1323 3304 dei

180 3359 309 3404 maneus
333 3348 518 3421 sumpserat.
564 3344 681 3423 aceepit
709 3343 820 3407 deinde
843 3344 1069 3423 possessionem
1092 3341 1202 3406 finium
1226 3350 1323 3418 terne,

227 3500 259 3550 14
277 3495 345 3550 Phil.
366 3499 399 3552 ΙΙ,
419 3500 435 3550 6
454 3516 512 3566 sqq.

223 3704 340 3758 2huius
354 3704 478 3758 infernae
492 3708 519 3758 E
570 3708 680 3774 abyssos
706 3708 729 3761 V
744 3709 837 3775 abyssi
851 3709 878 3759 E
930 3711 1047 3776 4super
1062 3708 1087 3760 V
1136 3708 1360 3777 bsepultiset

181 3793 316 3858 sepultam
330 3810 362 3844 m.
376 3791 396 3844 2
410 3793 436 3844 V
484 3795 622 3847 Smortui
636 3796 794 3847 ermortuis
808 3813 838 3846 m.
857 3795 910 3847 IV
955 3795 1052 3847 uiuant
1067 3794 1135 3847 Vlla
1180 3794 1270 3848 ullum
1289 3794 1363 3847 Vb

181 3876 260 3929 illum
280 3879 305 3930 R
323 3899 342 3928 α
405 3881 437 3933 10
455 3898 510 3932 uon
529 3886 585 3933 tarn
610 3885 685 3933 terra
713 3882 831 3934 donatur
859 3899 907 3933 om.
941 3881 966 3934 V
1026 3880 1058 3934 12
1085 3881 1272 3935 sacrametum
1298 3893 1364 3935 eat>

182 3965 380 4017 saorametaum
400 3984 431 4017 m.
455 3967 467 4017 1
491 3967 517 4019 V
577 3971 609 4020 14
626 3967 655 4021 in
673 3986 729 4036 sap.
749 3969 793 4020 lin.
812 3987 829 4019 a
857 3986 889 4019 m.
912 3968 925 4018 1
949 3968 975 4020 V
1035 3969 1067 4020 17
1085 3974 1284 4036 τθῃΞΞῐιιε
1303 3962 1365 4021 R

182 4053 216 4104 18
233 4051 382 4105 oboediens
403 4053 428 4104 R
481 4055 571 4107 crucis
591 4073 620 4106 er
638 4055 725 4108 feneis
744 4073 776 4106 m.
797 4054 863 4107 :JV
912 4053 944 4108 21
964 4071 1037 4123 genu
1056 4072 1086 4106 ea
1102 4071 1193 4122 genus
1211 4056 1285 4109 ηιξ)
1318 4044 1370 4105 V

182 4136 377 4191 flectaturRE
427 4142 461 4193 23
480 4140 508 4192 in
527 4141 646 4209 gloriae
667 4140 692 4207 le
711 4144 738 4193 in
756 4139 820 4206 ras.)
835 4139 899 4206 Ille)
952 4143 987 4195 24
1005 4142 1098 4208 itaque
1117 4140 1208 4207 (itala
1227 4142 1293 4211 rna.)
1311 4133 1370 4192 R

181 4225 215 4275 25
234 4225 307 4292 quod
326 4231 368 4279 est
386 4243 470 4293 super
488 4244 568 4280 omne
587 4245 687 4280 nomen
707 4228 735 4279 E
786 4229 820 4282 29
839 4228 1052 4296 promissionem
1072 4228 1104 4280 R.
