2790 4844
360 264 542 314 tractatus
561 261 597 314 in
619 262 791 328 psalmum
810 260 931 315 CXVIII.
1154 262 1217 329 509

71 457 206 531 tempus.
254 450 406 515 absconsa
429 453 631 535 animusque
654 453 685 515 iu
710 450 765 515 hos
790 451 856 516 dies
879 449 946 516 haec
969 451 1164 518 declarantur
1187 460 1218 519 et

72 553 230 618 declarata
263 553 448 619 inluminant
482 562 510 620 et
548 555 763 620 inluminantia
799 553 1042 639 intellegentiam
1080 557 1214 637 paruulis

72 658 323 723 subministrant:
355 657 495 741 fiuntque
518 679 575 740 per
597 658 678 724 hono
700 657 944 743 intellegentiam
964 661 1061 725 sancti
1091 662 1216 741 spiritus

73 781 134 825 ram
160 781 298 843 capaces.

116 882 145 947 5.
170 882 312 967 Denique
343 883 375 950 id
412 884 513 965 ipsum
546 903 682 966 sequens
715 903 816 949 sermo
850 885 983 950 subiecit
1015 885 1139 951 diceus:
1174 906 1215 951 os
1256 914 1268 952 s

72 1007 200 1052 meum
223 989 364 1069 aperui
399 994 436 1053 ot
469 989 631 1053 adtraxi
666 988 873 1069 spiritum;
908 990 1216 1073 quiamandata

71 1098 139 1156 tua
164 1093 510 1172 concupiscebam.
556 1112 615 1157 non
640 1092 679 1157 de
702 1092 760 1158 hoo
783 1094 890 1175 utique
920 1092 1048 1158 humani
1078 1095 1214 1175 corporis

68 1216 123 1261 ore
147 1195 232 1273 dixit,
256 1196 337 1279 quod
360 1216 417 1277 per
439 1194 521 1262 labia
543 1195 734 1262 concluditur
763 1217 799 1262 ac
831 1203 924 1277 patet.
969 1217 1042 1262 mun
1071 1197 1213 1280 spiritum

67 1298 175 1365 officio
197 1300 320 1365 uarium
342 1300 442 1384 magis
473 1320 567 1384 quam
598 1301 659 1365 oris
693 1300 859 1366 haurimus.
904 1300 1084 1368 laboriosius
1109 1310 1210 1368 autom

62 1403 156 1469 aditu
173 1404 235 1468 oris
246 1404 277 1467 in
293 1404 430 1468 animam
445 1402 684 1482 transfunditur;
708 1404 876 1471 absolutius
888 1425 962 1470 uero
974 1426 1030 1486 per
1041 1406 1213 1472 naturalem
1241 1431 1265 1467 ιο

64 1526 198 1572 cursum
220 1507 369 1574 famulatu
391 1514 485 1591 atque
508 1508 610 1574 officio
634 1510 756 1573 narium
779 1521 939 1575 commeat.
986 1510 1041 1575 sod
1060 1529 1094 1574 os
1114 1511 1211 1591 scrip·

63 1621 139 1675 tura
162 1632 224 1675 non
246 1611 396 1677 labiomm
420 1619 548 1691 tantum,
572 1615 628 1678 sed
652 1622 682 1678 et
705 1614 805 1678 cordis
828 1613 918 1678 solita
948 1622 995 1679 est
1027 1634 1213 1695 nuncupare.

60 1716 165 1781 corde
199 1717 282 1781 onim
316 1738 372 1797 per
405 1716 500 1781 fidem
534 1724 657 1798 patente
688 1728 718 1782 et
749 1718 902 1783 desiderio
936 1719 976 1784 ad
1006 1717 1212 1784 hauriendum

58 1814 177 1885 hiante
214 1820 424 1906 intellegentia
457 1822 604 1886 doctrinae
639 1821 771 1887 caelostis
804 1822 960 1903 accipitur.
1006 1842 1067 1887 nou
1100 1823 1211 1889 animae

53 1918 138 2001 hoe,
161 1925 216 1989 sed
239 1925 342 1990 cordis
364 1924 502 1990 officium
526 1934 581 1990 est.
627 1925 785 2006 apostolus
820 1927 902 1991 enim
933 1927 990 1991 ait:
1021 1926 1212 1993 animulis
1240 1949 1265 1986 rs
1349 1917 1353 1927 '

53 2037 204 2093 autem
226 2028 341 2093 homo
365 2049 440 2093 non
463 2029 651 2111 percipit,
676 2051 757 2114 quae
781 2038 874 2095 sunt
896 2031 1087 2111 spiritus:
1116 2031 1211 2097 stul·

51 2126 166 2196 titia
189 2134 292 2198 cuim
316 2142 378 2198 est
400 2134 444 2199 si.
489 2142 519 2199 et
542 2134 625 2198 idem
650 2135 755 2198 doctor
777 2134 917 2219 gentium
939 2136 997 2199 ait:
1022 2134 1083 2200 lor
1107 2136 1211 2200 enim

46 2245 146 2300 non
183 2238 222 2302 in
261 2237 415 2303 tabulis
451 2236 632 2321 lapideis
670 2239 835 2319 scripta,
873 2241 944 2304 sed
982 2240 1020 2304 in
1058 2239 1211 2305 tabulis

41 2341 205 2406 eordis
240 2341 486 2409 carnalibus.
535 2342 592 2407 hoc
616 2362 690 2427 ergo
713 2363 747 2408 os
771 2364 860 2408 suum
889 2342 1040 2426 propheta
1069 2346 1210 2424 pandens

35 2435 203 2511 adtraxit
235 2446 395 2527 spiritum;
431 2466 494 2511 uon
528 2448 611 2512 euim
649 2447 727 2512 ultro
761 2447 884 2532 ingruit.
930 2448 1119 2529 expetendus
1154 2455 1211 2526 est,
1238 2466 1263 2504 eo

32 2537 280 2616 adtrahendus
313 2558 361 2616 ast
394 2557 423 2616 et
456 2550 618 2616 infantium
656 2552 748 2615 modo
790 2559 947 2635 tamquam
982 2551 1028 2617 lac
1061 2553 1209 2617 innocens

32 2628 283 2720 hauriendum.
326 2655 396 2720 idao
419 2663 521 2720 autem
545 2654 696 2738 propheta
718 2676 752 2720 os
775 2657 902 2737 aporuit.
937 2656 1009 2739 quia
1032 2656 1209 2721 meminerit

34 2738 553 2846 Jibiinpsalmoclterodietum:
578 2758 707 2824 dilata
730 2768 909 2836 estotim,
933 2759 1209 2840 stadinplobo

37 2840 180 2939 1Ηυᾱ,
205 2868 236 2927 ot
258 2862 288 2926 in
313 2861 383 2947 loga
406 2863 555 2943 scripturn
575 2864 666 2928 sciat:
691 2863 882 2929 describe
907 2864 986 2929 lraeo
1010 2864 1048 2927 in
1071 2863 1209 2930 lat-itu-

41 2941 203 3031 dinem
238 2966 373 3032 cordis
408 2968 481 3044 tui;
519 2969 612 3033 corde
646 2968 729 3033 enim
764 2969 812 3034 dei
847 2968 1032 3048 predicatio,
1063 2989 1124 3033 non
1156 2988 1209 3034 ore
1237 2984 1263 3023 π

48 3064 240 3151 81¹Scipitur.
293 3077 324 3137 et
354 3074 522 3137 secundum
553 3072 766 3157 euangelicam
795 3073 1048 3153 praedicationem
1080 3074 1208 3138 uerbum

54 3150 113 3227 lbi
144 3194 180 3239 ax
202 3177 296 3243 corde
318 3174 418 3242 malus
452 3176 573 3257 abripit,
603 3177 684 3260 quod
714 3177 792 3243 ultro
823 3176 884 3242 mol
913 3184 944 3243 et
973 3177 1078 3242 fanum
1101 3177 1133 3242 in
1156 3197 1217 3247 ore.

111 3378 176 3438 151
195 3383 256 3439 Cor.
275 3385 300 3453 2,
321 3387 360 3440 l&
398 3388 430 3439 17
448 3385 549 3440 IICor.
563 3388 588 3453 8,
607 3388 631 3441 8.
667 3388 703 3441 28
720 3386 762 3439 Ps.
772 3386 880 3453 LXXX,
895 3389 934 3441 ll.
971 3387 1007 3441 24
1023 3386 1208 3455 Ρτον.1111,3.

118 3570 333 3647 lbuonsqpest
357 3576 386 3629 in
406 3573 489 3647 (supr.
511 3594 559 3630 ser.
579 3578 594 3629 l
615 3575 658 3642 ἦ)
675 3596 695 3647 p
747 3576 816 3630 haec
834 3578 916 3630 cml
968 3579 985 3631 3
1008 3574 1150 3646 fiuntquae
1174 3576 1208 3631 Ρι

951 3674 963 3701 0

85 3702 141 3765 fiunt
159 3714 210 3784 Ope
262 3717 279 3769 7
305 3714 417 3769 huniC
475 3715 583 3782 8quod
601 3732 652 3783 per
670 3715 740 3768 aliut
759 3716 784 3768 R
845 3715 953 3770 uoffici
978 3716 1002 3768 V
1061 3717 1094 3770 10
1111 3715 1208 3771 auditu

10 3772 21 3877 l,
84 3797 127 3853 orii
152 3800 216 3871 lup
242 3800 340 3855 auditu
368 3801 442 3855 auris
469 3820 482 3854 e
554 3803 585 3855 ll
613 3801 662 3855 aod
690 3801 740 3855 hos
771 3802 815 3855 Rc
887 3805 920 3855 12
947 3802 1164 3857 colloz-test
1183 3804 1208 3856 R

12 3882 20 3979 1
82 3887 107 3942 ld
123 3885 256 3943 desiderio
271 3888 294 3941 C
308 3887 477 3942 desiderium
492 3889 781 3957 VRperdesiderium
789 3891 840 3960 pr:
892 3892 925 3943 14
936 3889 1156 3958 intellegentiam
1174 3889 1208 3943 V¹

10 3982 17 4045 l
77 3976 106 4030 15
130 3975 269 4043 apootolus
287 4003 322 4013 -
340 3975 380 4029 nit
406 3977 433 4028 ia
451 3993 534 4044 moro.
552 3976 630 4044 infer.
650 3978 709 4028 add.
730 3978 753 4029 (J
802 3976 928 4029 animalis
955 3976 1027 4030 enim
1055 3976 1137 4029 homo
1161 3977 1211 4047 pE

73 4064 103 4119 18
121 4060 281 4129 lapidib30
331 4063 366 4116 20
391 4062 560 4130 expetendus
579 4067 607 4115 et
628 4064 650 4114 (J
700 4063 734 4115 22
761 4080 790 4114 os
808 4065 868 4116 odd.
896 4062 969 4116 m.‘l
995 4063 1020 4116 V
1068 4064 1103 4116 24
1121 4064 1174 4117 scit
1189 4081 1209 4133 p

68 4154 97 4207 in
116 4147 263 4202 latitudine
282 4149 378 4219 Repu
395 4148 451 4215 (hri
468 4152 500 4200 τὸ
519 4151 617 4205 πλάτος
641 4149 732 4215 LXX)
785 4151 819 4202 25
843 4143 873 4203 di
892 4149 1061 4218 praedicatio
1080 4168 1110 4202 er
1128 4167 1206 4218 prae·

64 4233 170 4292 dicatio
188 4233 260 4287 na?
286 4234 369 4289 Vdei
391 4235 509 4289 uerbum
529 4236 552 4287 (J
600 4237 635 4290 26
654 4235 701 4289 sed
725 4235 875 4290 secundum
900 4236 925 4289 V
974 4238 1008 4290 27
1035 4235 1135 4304 arripit
1154 4237 1208 4289 Rl'.
