2790 4844
408 278 589 327 tractatus
615 275 649 326 in
674 273 848 342 psalmum
867 274 926 327 Lx.
1174 273 1237 340 207

121 458 278 537 prophetie:
322 463 653 528 misericordiam
692 472 730 528 et
767 464 982 528 ueritatem
1024 465 1111 529 eius
1148 467 1240 548 quis

121 568 281 645 requiret
304 567 463 633 eorum?
507 587 567 630 non
591 568 698 648 inopes
721 568 783 631 iam
803 568 1023 632 misericordiae
1039 570 1240 652 ueritatisque

121 661 174 730 tius
201 670 242 735 ha
276 671 397 736 seilicet
428 672 644 756 generationes
678 676 777 748 emnt‚
812 691 889 754 quas
925 673 955 735 in
987 692 1021 736 se
1051 693 1089 738 ex
1112 675 1239 738 mortuis

121 776 289 852 regenerant
312 777 350 840 od
376 776 468 840 uitam
493 794 623 858 quaeque
646 777 677 839 in
701 795 756 856 spe
775 774 881 859 gloria
897 776 946 841 dei
973 777 1152 852 manserint
1176 784 1240 842 tum

121 888 177 937 eun
196 880 222 944 in
244 899 376 964 regnum
401 881 520 944 traditae
552 881 609 945 deo
639 880 718 961 patri
748 881 952 960 suscipientur
981 882 1014 944 in
1043 900 1135 965 reges
1169 901 1239 946 mn·
1281 911 1293 947 s
1339 885 1348 905 '

120 990 249 1049 summata
271 985 302 1049 in
334 1004 442 1048 ornnes
477 985 541 1048 eius
576 984 786 1049 misericordia
819 1004 855 1048 ao
890 986 1029 1062 ueritate,
1062 1005 1118 1066 per
1148 1003 1240 1067 quem

120 1082 272 1171 redemptos
296 1109 330 1154 se
353 1087 546 1173 gratulentur
580 1089 619 1152 ad
643 1089 750 1162 uitam,
785 1089 888 1172 sitque
920 1090 1063 1154 omnibus
1097 1108 1241 1154 aooessus

121 1185 153 1247 td
170 1198 288 1269 patrem.
333 1206 403 1273 post
426 1194 508 1275 quod
532 1191 607 1256 nihil
625 1192 845 1257 misericordia
861 1213 897 1257 ao
912 1193 1051 1257 ueritatis
1067 1193 1242 1275 requiratur

122 1291 268 1372 arimino,
293 1317 363 1362 oum
388 1298 419 1360 in
450 1297 500 1361 dei
530 1295 755 1376 plenitudinem
786 1295 969 1376 inpleantur.
1014 1296 1114 1361 simile
1137 1304 1239 1361 autem

123 1385 177 1462 luia
195 1400 348 1482 propheten
372 1403 488 1466 dietum
512 1407 560 1466 est
577 1401 618 1478 id,
642 1401 723 1483 quod
740 1401 779 1464 ad
795 1399 948 1480 apostolos
964 1402 1107 1466 dominus
1122 1400 1241 1466 loeutus
1270 1432 1293 1465 n·

123 1507 170 1564 est:
190 1506 464 1588 nunoquidem
490 1505 710 1570 tristitiam
727 1503 909 1582 habetis;
933 1525 1091 1570 rursum
1108 1510 1240 1569 autem

125 1602 242 1674 uidebo
264 1630 334 1674 uos
358 1618 396 1676 et
427 1608 635 1674 laetabitur
668 1628 734 1674 eor
767 1616 949 1674 uestrum
984 1617 1020 1674 et
1049 1611 1240 1694 gaudium

127 1721 277 1779 nestrum
301 1734 413 1779 nemo
434 1715 597 1779 auferet
619 1734 637 1777 a
659 1713 788 1778 nobis.
833 1714 871 1777 in
896 1712 968 1778 illa
999 1714 1063 1778 die
1087 1733 1144 1778 me
1167 1733 1240 1777 non

127 1817 301 1896 rogabit-is
325 1819 552 1901 quicquam,
576 1818 670 1901 quia
692 1818 766 1880 iarn
785 1818 975 1901 gaudium
1000 1837 1114 1883 nemo
1137 1817 1242 1882 abla-

129 1918 214 1986 lusus
234 1923 279 1986 ab
304 1921 367 1986 his
391 1922 455 1986 Sit.
1270 1951 1294 1987 ro

160 2019 181 2084 l.
199 2025 232 2090 ln
253 2027 335 2092 hano
358 2027 452 2110 igitur·
475 2027 653 2090 {eternitatis
684 2046 771 2106 spem
807 2045 875 2092 sese
897 2025 1047 2107 propheta
1078 2025 1243 2091 confirmat

130 2116 222 2194 disens:
255 2131 315 2196 sio
350 2129 522 2211 psallam
562 2130 712 2194 nomini
747 2130 947 2207 tundens,
982 2130 1020 2195 in
1055 2130 1241 2195 saenulnm

130 2234 247 2299 saculi.
270 2241 313 2299 ut
336 2236 501 2299 reddam
526 2241 618 2298 note
641 2253 726 2298 mea
755 2235 800 2297 de
824 2235 888 2298 die
911 2235 950 2298 in
973 2235 1089 2299 diem.
1134 2233 1243 2314 psallet

131 2322 151 2387 ll
168 2339 299 2403 laeoulum
323 2338 427 2403 saeouli
451 2344 485 2403 et
507 2346 578 2402 uota
601 2339 639 2403 de
663 2337 713 2401 die
736 2338 767 2401 in
792 2338 875 2402 diem
905 2338 1014 2403 reddet
1047 2337 1129 2402 nullo
1164 2345 1242 2402 tem-

132 2446 211 2505 lorum
242 2443 303 2507 fine
338 2441 511 2519 conclusus,
550 2441 677 2526 hymnis
715 2443 839 2507 eternis
876 2449 1062 2507 aetemorurn
1099 2448 1242 2506 uotorum
1271 2472 1295 2506 ²0

131 2542 214 2641 gaudia
243 2547 429 2613 redditurus.
463 2566 533 2611 oum
567 2545 706 2611 absoluta
740 2548 832 2610 ornni'
856 2554 1046 2610 terrenorum
1079 2565 1242 2626 corporum

131 2638 276 2716 sirmate
300 2649 457 2716 oaeleetem
492 2658 585 2734 atque
614 2649 796 2734 angelorum
824 2658 898 2735 agat
933 2652 1032 2715 uitam
1062 2650 1101 2715 de
1131 2649 1182 2714 die
1211 2650 1241 2714 in

132 2735 190 2812 diem
218 2763 286 2820 uota
320 2755 479 2820 reddendo
521 2757 692 2820 seeundum
723 2753 812 2819 illud:
843 2762 938 2820 uota
968 2775 1053 2821 rnea
1084 2755 1243 2818 domino

162 2902 185 2957 ll
200 2909 251 2964 ioh.
270 2910 343 2978 xvl,
360 2913 403 2964 22.
440 2913 474 2965 23
492 2911 535 2964 Pe.
555 2911 635 2979 CXV,
657 2915 688 2966 18
707 2929 747 2980 sq.

134 3171 138 3179 .
165 3061 236 3168 ΙᾳιιὶΙ
254 3103 280 3154 Ρ
296 3103 344 3170 qui
368 3103 393 3155 V
441 3103 595 3170 2requirit
619 3103 643 3155 V
694 3119 757 3156 eum
776 3103 827 3155 ΡΤ
878 3102 969 3171 inopis
988 3121 1018 3156 ea
1036 3103 1096 3171 opis
1123 3102 1191 3154 nni
1222 3102 1247 3155 V

133 3189 260 3241 ¹²1lorni'
311 3188 618 3242 thesesheeemd
644 3189 736 3242 Vhae
763 3188 1013 3249 (dolorosam.
1036 3189 1063 3253 l)
1091 3187 1116 3237 R
1139 3189 1191 3242 hae
1215 3207 1245 3242 er

131 3310 207 3376 lese?
252 3331 271 3381 4
288 3328 465 3398 regenerabit
475 3327 553 3380 m
603 3285 667 3395 qua⁰
685 3328 713 3380 in
732 3344 781 3396 spe
794 3327 820 3380 V
869 3330 886 3379 5
904 3328 1091 3412 suseipientur
1104 3326 1130 3389 (s
1143 3329 1169 3380 in
1181 3345 1243 3394 raa,

130 3435 202 3483 urere
215 3451 245 3484 nr.
257 3433 286 3498 1)
298 3433 323 3485 R
370 3434 387 3484 6
406 3437 434 3485 et
443 3432 641 3486 ueritateTex
651 3433 797 3513 ueritatem
809 3432 834 3483 P
872 3432 1182 3500 perqneeaperquom.
1194 3432 1245 3485 112

127 3543 222 3600 dquam
240 3555 270 3590 ex
287 3553 307 3605 p
325 3552 409 3605 quem
428 3554 460 3588 m.
483 3533 503 3588 2
524 3536 551 3587 P
600 3538 616 3588 7
635 3535 791 3604 redemptae
810 3555 841 3588 ea
858 3536 1001 3604 redempta
1020 3535 1046 3588 Ρ
1061 3535 1205 3602 redempta
1222 3536 1247 3588 V

120 3631 246 3729 redemptos
257 3676 301 3728 R?
354 3676 372 3729 8
389 3674 460 3727 nihil
478 3692 526 3726 om.
550 3675 574 3726 V
585 3684 645 3744 poet
662 3673 789 3727 ueritatis
805 3685 946 3744 posumus
957 3675 985 3726 E
1034 3677 1051 3728 9
1069 3673 1243 3742 plenitudine

115 3811 136 3865 R
180 3814 328 3882 impleatur
347 3813 373 3866 P
423 3813 588 3866 similemV
640 3815 673 3868 10
690 3811 798 3881 profeta
830 3813 854 3866 V
904 3814 944 3867 ite
962 3813 1070 3866 locutus
1088 3817 1130 3866 est
1146 3812 1246 3865 VPTE

112 3902 139 3953 11
156 3904 219 3953 {mer
245 3917 319 3954 nuno
347 3911 369 3953 er
398 3899 511 3968 quidem
538 3917 604 3953 eras
625 3904 641 3951 4
660 3901 706 3952 tire.
735 3897 815 3966 (aude
825 3899 848 3965 1)
869 3901 894 3953 R
948 3901 981 3954 12
999 3904 1122 3953 uestrum
1150 3917 1200 3953 om.
1219 3900 1244 3952 H

109 3989 138 4043 13
162 3987 267 4042 sufem
289 3986 363 4039 VI'V
363 4006 376 4039 e
403 3987 438 4056 cs·
458 3987 577 4040 Sariaster
596 3987 650 4050 ΙΙΙ,
679 3985 734 4039 469
749 3988 821 4045 mdo.
848 3986 931 4040 tollet
955 3986 995 4038 Ro
1051 3989 1083 4038 14
1100 4003 1181 4038 nemo
1209 3987 1244 4039 ab

101 4074 303 4130 annulatum
322 4074 359 4127 sit
377 4071 414 4126 Τ1
468 4074 500 4128 16
519 4074 640 4143 speeiem
660 4073 685 4124 P
737 4075 769 4126 17
788 4072 823 4126 ds
841 4074 866 4125 V
880 4073 1046 4125 omnm
1099 4074 1130 4125 18
1149 4072 1244 4141 psallit

100 4162 150 4218 Pr
202 4164 235 4214 la
252 4160 287 4214 ds
305 4159 351 4213 die
369 4160 398 4213 in
417 4161 491 4213 diem
510 4179 558 4213 om.
582 4160 608 4215 V
658 4159 750 4213 reddit
769 4160 819 4211 ΡΤ
871 4166 1045 4239 temporeum
1063 4176 1130 4211 corr.
1147 4159 1207 4212 nn!
1222 4159 1246 4210 i'

95 4270 132 4325 w
147 4272 281 4321 uotorum
297 4265 325 4316 in
343 4281 425 4332 morp.
443 4265 503 4317 odd.
522 4264 548 4317 P
597 4265 633 4317 22
650 4261 740 4330 adque
765 4262 813 4316 VP
863 4264 898 4316 de
916 4261 975 4317 diet
1000 4264 1029 4317 V.
