2790 4844
429 301 611 351 tractatus
636 299 670 352 in
694 301 867 368 psalmum
892 302 926 355 11.
1213 302 1253 366 67

95 505 170 550 nas
194 485 372 569 signium
402 487 655 572 confringes,
686 509 726 554 ne
749 509 805 569 per
829 496 914 554 testae
938 490 1148 575 fragmentum
1173 494 1253 558 inre-

95 589 264 655 formabile
287 610 343 655 uas
365 598 472 671 posset
493 591 649 675 inteliegi;
680 594 734 658 sed
759 594 818 657 ait:
849 612 919 657 nes
950 593 966 656 s
969 595 979 657 i
987 594 1081 677 guli,
1116 596 1198 680 quod
1221 599 1252 662 in

97 694 169 774 ipsa
192 693 321 759 artificis
344 694 503 761 molitione
526 716 581 760 uas
604 695 701 774 fieret,
724 702 760 761 ut
782 697 952 762 seeundum
976 698 1136 778 nraelatum
1149 720 1253 765 exem·

99 795 189 877 plum
211 804 355 882 prompte
378 804 461 864 esset
494 799 643 864 eonsraoti
666 801 806 866 eiusdem
830 802 913 865 uasis
937 822 974 865 ex
997 803 1123 868 artificis
1146 804 1252 870 uolun-

101 906 166 966 tate
189 904 352 983 reparatio.
1292 939 1304 974 s

148 1005 199 1069 40.
223 1007 283 1071 Sed
306 1008 530 1073 inrationabiiis
552 1009 690 1074 materiae
714 1029 768 1074 uas
792 1010 886 1074 etiam
909 1009 966 1073 sub
989 1010 1048 1074 alia
1070 1011 1251 1096 intellegen-

104 1109 147 1172 tia
162 1110 200 1174 ad
215 1113 368 1176 rationem
384 1110 528 1177 humanae
545 1112 711 1177 uoluntatis
724 1119 862 1194 aptatum
877 1121 940 1178 est:
965 1113 1108 1179 homines
1124 1116 1251 1198 quidem

104 1232 161 1291 per
183 1213 250 1279 hae
271 1216 346 1279 uitia
369 1236 424 1280 sua
446 1217 566 1296 eadere,
599 1217 654 1281 sed
685 1218 710 1281 si
742 1219 772 1280 in
803 1215 852 1282 his
877 1219 1068 1298 pannii-erent,
1091 1219 1123 1283 id
1146 1224 1201 1298 est,
1224 1223 1250 1285 si

108 1315 147 1379 ab
168 1315 217 1382 his
238 1319 423 1398 desinerent
446 1340 480 1384 se
503 1340 625 1404 quoque
649 1320 725 1386 deus
748 1322 779 1384 in
795 1320 854 1397 his,
878 1342 946 1404 quse
963 1321 1002 1384 ad
1019 1342 1144 1401 poenam
1161 1343 1251 1388 ossus

111 1417 197 1485 huius
218 1424 416 1503 constituerit,
440 1425 595 1507 paenitere,
618 1445 678 1489 non
703 1426 786 1508 quod
810 1424 861 1489 hie
885 1432 988 1490 motus
1011 1427 1124 1490 mentis
1141 1446 1249 1492 seeun-
1279 1455 1303 1490 10

116 1523 183 1587 dnm
212 1525 378 1591 humanam
409 1535 551 1592 naturam
574 1530 605 1593 in
641 1528 735 1593 deum
768 1530 900 1608 eederet,
936 1530 991 1594 sed
1027 1531 1098 1612 quia
1132 1530 1251 1597 homini

119 1636 267 1706 gestomm
289 1632 467 1711 peonitentia
490 1633 600 1696 modus
624 1642 672 1698 est
694 1635 917 1717 gerendorum
941 1634 1152 1714 paenitentiam
1177 1654 1251 1718 quo-

122 1746 173 1809 que
192 1753 274 1798 suam
306 1735 381 1799 deus
412 1743 565 1801 memorat
594 1739 632 1801 ad
664 1757 798 1818 pronam,
830 1738 901 1820 quio
932 1738 1033 1818 puniri
1063 1738 1249 1816 desinerent,

125 1833 169 1912 qui
198 1856 260 1902 esse
299 1840 387 1920 impii
425 1840 623 1905 destitissent.
673 1848 707 1905 ut
744 1860 818 1924 ergo
855 1839 949 1924 figulo
988 1847 1164 1921 promptum
1203 1849 1250 1907 est

128 1937 252 2005 amissum
274 1962 332 2007 nas
355 1945 394 2007 ad
418 1947 558 2022 eandem,
588 1944 638 2008 nel
672 1964 766 2028 quam
789 1944 878 2023 nolet,
911 1946 1047 2024 speeiem
1071 1945 1248 2024 reformare,
1277 1974 1301 2010 ιι

130 2036 165 2100 ita
181 2041 228 2109 deo
249 2046 341 2112 facile
365 2053 420 2125 est,
454 2055 525 2129 post
557 2050 701 2112 uitiorum
736 2068 826 2113 ossus
856 2048 995 2113 nolentes
1027 2068 1061 2113 se
1091 2050 1170 2133 erigi
1192 2069 1249 2130 per

132 2138 249 2214 totone
283 2171 347 2215 suae
369 2152 596 2216 institutionem
619 2153 658 2216 ad
682 2154 828 2232 pietatem
854 2172 891 2216 ex
914 2143 1074 2233 imnietate
1097 2172 1247 2233 reparare.

166 2265 203 2333 tl.
225 2270 285 2337 Sed
309 2280 341 2337 et
363 2271 415 2336 iilo
438 2279 640 2356 tamquam
664 2293 733 2338 uas
756 2272 881 2357 siguli
904 2293 966 2338 non
989 2275 1247 2356 ignorandaoon-

134 2363 213 2436 traete
234 2382 287 2453 est
312 2382 378 2440 tum
404 2397 475 2441 eum
498 2376 548 2442 his
582 2377 760 2457 corporibus
791 2376 948 2442 dissolutis
978 2384 1009 2442 et
1038 2396 1110 2442 easu
1140 2381 1248 2443 mortis

136 2473 267 2544 cerussatis
301 2500 358 2561 pro
392 2480 547 2546 uoluntate
580 2481 707 2546 artificis
743 2482 922 2546 restauratio
955 2480 1120 2547 adteretur.
1166 2482 1247 2565 qnod
1275 2510 1300 2547 20

135 2580 267 2665 ¹ltrurnque
290 2584 489 2666 propheticus
513 2605 616 2651 sermo
639 2584 834 2669 significasse
865 2585 974 2650 eodem
1005 2586 1088 2650 dieto
1117 2586 1247 2650 uidetur.

137 2692 187 2743 tan
214 2707 280 2752 oum
314 2691 528 2769 paonitentiam
562 2689 668 2756 utilem
703 2691 734 2754 in
769 2689 827 2767 his,
863 2709 931 2772 quae
954 2696 1044 2754 antea
1066 2691 1245 2773 agebantur,

136 2788 245 2868 uendit,
267 2794 431 2873 praesentis
456 2792 545 2858 huius
568 2794 640 2859 uitae
662 2800 694 2859 et
717 2793 935 2875 corporatis-ex
950 2794 1032 2857 uitiis
1048 2794 1079 2856 in
1102 2794 1246 2858 uirtutem

136 2899 217 2956 ntum
237 2898 324 2980 quasi
347 2898 603 2963 instaurationem
627 2900 715 2963 docet
738 2917 807 2964 esse
830 2905 981 2978 optirtere,
1005 2899 1050 2961 ira
1073 2898 1105 2960 in
1128 2917 1180 2962 eos
1196 2899 1246 2963 dei

62 3052 64 3057 .
137 2985 199 3058 siat
218 3001 378 3065 criminum
402 3001 558 3067 uoluntate
580 3009 730 3067 cessante.
776 3009 808 3067 et
831 3021 1020 3085 quamquem
1043 3003 1076 3066 id
1099 3020 1135 3065 ex
1158 2999 1244 3085 figuli
1273 3028 1298 3064 e,

136 3105 314 3174 eunomiane
348 3105 516 3187 protulerit,
552 3114 664 3179 tamen,
700 3127 769 3171 enm
805 3106 844 3170 de
875 3105 983 3170 eodem
1007 3104 1102 3189 figulo
1125 3106 1182 3169 ait:
1207 3114 1246 3170 et

167 3234 191 3288 26
204 3239 315 3299 Hieram.
334 3244 434 3310 XVIII,
453 3248 478 3299 4.

168 3424 293 3496 lfiffulum
311 3435 348 3488 Vr
366 3434 445 3502 figuli
463 3436 487 3487 R
504 3434 605 3504 figulus
618 3455 637 3484 α
655 3454 704 3489 om.
717 3436 801 3488 Basil.
817 3447 840 3489 et
860 3436 922 3489 Por.
942 3434 1018 3489 1572
1035 3434 1081 3501 (on
1098 3434 1245 3504 figlinum?

139 3521 263 3605 identat.)
315 3538 474 3606 eonii-iuges
496 3555 550 3607 eos,
569 3557 603 3593 ne
625 3559 637 3590 ε
689 3545 760 3595 teste
778 3557 845 3593 corr.
863 3555 897 3592 aa
916 3539 936 3592 2
959 3540 984 3594 V
1003 3544 1075 3594 teste
1094 3540 1120 3592 R
1173 3538 1244 3592 free·
1351 3576 1358 3609 ,

139 3636 264 3695 fflmtumss
313 3643 437 3698 2ιεᾶπι.
447 3642 507 3698 21¹
555 3621 661 3698 tussi
670 3662 738 3698 corr
744 3663 777 3696 m
787 3642 847 3698 2V
879 3640 1243 3697 dsedhooimationabilise

140 3712 162 3763 ¹¹
181 3717 217 3776 dm
237 3747 265 3781 ar
288 3730 346 3785 don
373 3748 439 3784 corr.
468 3749 500 3784 m.
529 3728 549 3783 2
581 3731 606 3784 i
673 3732 707 3783 12
730 3729 1027 3784 modusaamodnans
1044 3747 1111 3783 corr
1130 3748 1177 3824 m'n
1184 3729 1199 3779 1
1223 3729 1248 3781 i

137 3831 174 3880 Ρῑτ
173 3830 333 3889 erientiam
345 3847 369 3890 et
378 3838 415 3889 sic
425 3837 572 3906 saepissime
581 3836 607 3888 R
644 3836 677 3889 13
688 3852 806 3903 poenam
818 3854 848 3888 ea
862 3850 979 3903 paenam
991 3835 1017 3887 R
1058 3831 1193 3886 desinerdt
1207 3831 1244 3885 R¹

138 3922 223 3984 Herse
237 3953 263 3988 er
279 3944 369 3993 essent
387 3940 413 3992 R
468 3943 499 3993 17
518 3914 717 3994 institutione„¹
730 3956 797 3993 corr.
816 3958 849 3993 m.
868 3937 888 3992 2
911 3938 936 3992 V
993 3937 1028 3992 ed
1055 3937 1188 4005 pietatem
1215 3955 1245 3990 ea

135 4007 316 4081 &inpietatem
333 4045 366 4079 m
386 4025 406 4079 2
428 4026 454 4079 V
505 4029 538 4079 19
556 4034 616 4080 tum
634 4045 690 4097 nep.
709 4028 754 4080 lin.
774 4045 842 4079 am
861 4023 881 4078 2
904 4025 929 4078 V
984 4026 1017 4079 21
1034 4022 1245 4093 significassem

62 4164 64 4169 ,
136 4092 286 4163 “fflifimmt
303 4131 334 4166 m.
354 4114 369 4166 1
393 4113 417 4166 V
467 4116 502 4169 23
520 4114 660 4183 praesenti
638 4113 709 4167 V
759 4112 788 4165 in
807 4113 912 4166 uirtute
935 4131 954 4162 α
981 4112 1010 4165 in
1038 4111 1143 4164 uirtute
1167 4111 1190 4163 V
1215 4109 1243 4162 in

134 4178 248 4329 mm
256 4213 281 4249 a
304 4199 332 4253 in
358 4200 525 4255 uirtutem
552 4199 616 4254 aa
678 4200 747 4253 24
739 4217 781 4253 irs
802 4199 940 4252 mitam
959 4199 1027 4251 21
1085 4197 1114 4249 in
1133 4196 1243 4251 eosdem

134 4280 188 4319 naeu

1053 4395 1086 4447 5*
