2790 4844
381 271 561 320 tractatus
586 266 621 318 in
645 266 817 335 psalmum
842 266 921 319 CXX.
1155 266 1217 331 565

73 459 240 543 aliquando
274 478 437 539 peruersus
472 456 534 522 sit?
579 477 641 521 non
675 456 789 540 utique.
835 477 893 520 non
930 458 1013 522 enim
1048 460 1217 542 quidquam

73 566 136 629 nisi
160 565 271 628 bonnm
295 564 326 627 in
351 582 386 626 eo
410 570 440 625 et
462 567 610 626 aeternum
635 569 696 626 est:
728 561 784 625 sed
814 562 886 644 quio
916 563 1082 626 secundum
1113 565 1216 630 unius·

70 669 222 751 cuiusque
247 687 349 731 mores
372 687 407 730 ac
431 667 565 730 studium
599 665 759 748 unIcuique
790 666 865 729 dens
888 666 1015 742 adiacet,
1049 668 1163 732 idcirco
1187 676 1218 734 et

72 773 230 852 peruersis
254 790 380 836 auersus
403 776 450 835 est
472 778 503 834 et
525 777 648 835 sanctus
673 771 703 832 in
726 770 840 833 sanctis
864 778 919 833 est.

120 894 169 959 10.
195 895 296 976 Atque
313 902 344 956 ut
360 891 538 956 ostenderet
553 911 591 955 ex
606 896 711 954 nostra
726 891 828 971 potius
843 892 882 954 ad
895 890 988 955 fidem
1002 893 1216 959 dormitatione
1257 908 1270 946 θ

70 1017 216 1063 somnum
252 1016 320 1061 esse
355 997 501 1060 custodiae
535 1014 637 1078 neque
671 995 701 1058 in
733 1001 873 1058 naturam
908 997 1054 1061 custodiae
1085 996 1216 1063 caelestis

70 1102 173 1166 somni
197 1101 337 1184 requiem
362 1101 537 1174 conuenire,
561 1100 631 1182 quia
655 1098 811 1164 indefesse
833 1100 873 1164 sit
896 1105 927 1164 et
956 1106 1081 1178 aterna,
1112 1103 1216 1167 statim

70 1206 232 1270 conexuit:
257 1225 350 1270 ecce
374 1225 448 1268 non
472 1204 714 1268 dormitabit
736 1224 863 1287 neque
886 1205 1125 1283 obdormiet,
1149 1209 1215 1291 qui

70 1310 254 1374 custodit
278 1307 446 1374 Israhel.
491 1309 678 1389 imprecatus
701 1309 850 1388 superius
867 1329 904 1373 ne
924 1311 1111 1387 dormitaret,
1135 1332 1216 1377 nunc

70 1434 175 1496 neque
199 1414 365 1477 dormitare
389 1432 489 1495 neque
514 1413 648 1476 dormire
671 1413 729 1490 ait3
753 1413 1000 1478 dormitationem
1016 1415 1155 1496 superius
1179 1437 1215 1482 ex
1243 1427 1268 1463 ¹⁰

70 1529 178 1582 nostra
200 1518 239 1582 ab
263 1538 298 1582 eo
322 1518 510 1581 discessione
534 1515 722 1599 significans,
746 1536 826 1581 nunc
850 1525 951 1581 eutem
976 1538 1076 1602 neque
1099 1521 1214 1584 dormi-

70 1632 136 1687 tare
161 1641 262 1704 neque
286 1622 428 1697 dormire,
463 1621 537 1703 quia
560 1621 600 1684 sit
621 1621 776 1684 aeternItas
801 1620 964 1699 indelessa,
988 1622 1214 1689 demonstrans.

70 1727 125 1791 sed
161 1728 231 1808 quis
262 1725 312 1790 bic
342 1732 397 1802 est,
432 1726 483 1808 qui
517 1744 617 1808 neque
652 1725 797 1789 dormitet
830 1745 931 1808 neque
966 1727 1121 1794 dormiat?
1163 1727 1214 1794 ille

71 1830 198 1895 scilicet.
233 1829 298 1912 qni
333 1829 514 1893 custodit
549 1825 719 1892 Israhel.
768 1828 888 1892 Israhel
924 1829 1054 1895 Genesis
1092 1834 1215 1912 exponit

73 1954 142 2000 eum
167 1955 246 2011 esse,
263 1936 315 2018 qui
332 1936 424 1999 deum
445 1935 565 1999 uiderit.
612 1933 704 1997 Iacob
721 1933 803 1999 enim
820 1934 993 2014 patriarcha
1009 1942 1078 2016 post
1092 1936 1214 2015 luctam,
1242 1944 1267 1981 ¹⁶

73 2059 166 2122 quom
191 2059 261 2104 cum
285 2039 341 2103 deo
364 2039 523 2113 babuerat,
554 2037 613 2102 hoc
637 2058 747 2102 nomen
770 2039 897 2118 accepit.
943 2037 1022 2103 ultra
1045 2040 1212 2106 humanam

75 2154 212 2209 naturum
237 2144 330 2208 deum
353 2150 501 2208 contuens
531 2143 604 2207 fidei
636 2162 698 2206 suae
730 2142 824 2207 oculis
854 2144 967 2227 dignus
999 2144 1055 2209 hoc
1088 2147 1213 2211 nomine

73 2256 126 2313 est.
173 2251 265 2313 deum
289 2255 392 2312 autem
416 2249 492 2312 adeo
515 2248 600 2325 uidit,
629 2258 663 2312 ut
686 2246 828 2312 benedici
852 2268 885 2312 se
908 2249 946 2312 ab
971 2270 1006 2313 eo
1029 2257 1212 2330 precaretur.

73 2352 213 2417 meminit
246 2357 276 2417 et
299 2351 413 2416 Paulus
447 2371 515 2417 esse
549 2370 629 2415 nunc
664 2353 695 2416 in
729 2351 820 2431 plebe
854 2353 1003 2436 gentium,
1038 2353 1069 2417 id
1104 2360 1151 2418 est
1181 2355 1211 2418 in

68 2456 181 2537 populo
205 2455 344 2522 eeclesiae
369 2455 488 2521 Israhel
513 2457 634 2520 dicens:
669 2477 741 2536 pax
773 2475 894 2537 super
917 2477 1000 2521 eum
1032 2465 1068 2522 et
1091 2479 1212 2539 super
1239 2461 1265 2501 ²⁰

67 2555 233 2625 Israhel
258 2561 331 2635 dei,
362 2581 399 2625 ne
422 2560 501 2624 forte
524 2579 636 2624 nomen
658 2559 714 2625 hoe
730 2561 864 2643 antiquae
881 2568 997 2625 tantum
1016 2561 1095 2626 illius
1111 2562 1211 2642 plebis

57 2657 166 2729 fuisse
199 2665 433 2729 existimaretur.
489 2684 564 2748 ergo
598 2665 623 2728 si
658 2663 709 2729 ille
743 2685 802 2729 non
838 2666 958 2742 dormit,
993 2667 1044 2748 qui
1080 2667 1213 2730 custodit

53 2757 198 2847 Israhel,
233 2773 265 2833 et
287 2769 444 2849 proprium
468 2767 587 2833 Israhel
621 2789 734 2832 nomen
769 2775 818 2833 est
851 2771 944 2834 deum
977 2770 1126 2834 uidentis:
1161 2769 1211 2837 illo

41 2880 196 2937 necesse
218 2882 265 2937 est
288 2873 485 2949 custodietur,
521 2873 573 2955 qui
596 2872 724 2937 eleuatis
748 2875 786 2937 ad
811 2880 932 2937 montes
956 2873 1050 2939 oculis
1073 2874 1150 2938 uidit
1181 2881 1212 2940 et

35 2964 161 3039 dixit:
184 2974 380 3048 auxilium
404 2996 530 3041 meum
553 2997 571 3040 a
594 2978 763 3053 domiuo,
787 2979 854 3061 qui
880 2978 982 3042 fecit
1011 2978 1149 3044 caelum
1172 2985 1211 3043 et
1238 2988 1265 3027 ²⁵

33 3076 48 3123 t
68 3090 109 3136 e
121 3097 226 3146 rram.
271 3081 449 3162 inpenditur
461 3100 536 3164 ergo
549 3079 621 3146 fidei
640 3080 711 3145 hnic
727 3080 859 3146 caelestIs
875 3083 1011 3147 custodia
1034 3089 1065 3147 et
1087 3088 1210 3148 aeternae

120 3236 148 3288 15
164 3236 230 3291 Gen.
247 3237 360 3303 xxxll,
379 3240 420 3292 28.
457 3240 492 3292 20
511 3235 572 3291 Gal.
592 3237 638 3304 VI,
658 3241 698 3291 16.

119 3380 174 3437 aet
190 3402 240 3437 om.
260 3384 286 3436 Ρ
335 3384 520 3452 Bunicuique
547 3384 615 3437 deus
633 3384 741 3439 adiacet
761 3387 814 3438 RE
830 3386 979 3454 unicuique
998 3387 1143 3440 obadiaoet
1163 3386 1211 3439 ΡΤ

34 3456 87 3506 et
128 3472 258 3536 peruersis
285 3471 336 3523 PT
361 3476 389 3524 et
416 3470 445 3524 in
472 3471 610 3539 peruersis
638 3472 663 3524 n
690 3492 725 3524 on
752 3477 780 3526 et
807 3490 823 3526 a
850 3473 1007 3540 peruersis?
1076 3476 1094 3527 4
1130 3491 1209 3527 auer-

39 3547 122 3603 ’Μ
137 3563 174 3611 est
191 3559 217 3612 R
234 3574 348 3613 auersus
362 3558 412 3610 ΡΤ
463 3558 693 3612 bdormitatione
713 3560 751 3612 Ile
769 3559 935 3613 dormitione
945 3560 996 3612 ΡΤ
1046 3561 1209 3615 boonexuit

48 3616 89 3677 R
127 3645 269 3700 connexuit
296 3645 346 3697 ΡΤ
397 3645 554 3699 obdormies
583 3650 608 3696 (ι’
635 3645 754 3699 dormiet
782 3647 859 3699 RP'I'
918 3647 1127 3715 9inpraeoatus
1157 3648 1209 3700 GR

53 3719 106 3768 ΗΘ
128 3728 196 3784 ΡΡΤ
218 3747 270 3785 nec
297 3733 322 3783 (I
375 3749 449 3785 nunc
475 3748 565 3799 neque
591 3748 682 3799 neque
710 3733 860 3786 dormitare
890 3737 914 3786 (ι’
968 3736 1001 3786 13
1020 3733 1139 3787 dormiat
1158 3735 1210 3788 RT

62 3791 197 3872 “amitat
216 3819 242 3871 Ρ
295 3821 327 3873 lo
345 3817 493 3872 humanam
511 3824 640 3871 naturam
653 3820 704 3871 ΡΤ
720 3817 868 3873 humanam
887 3825 987 3874 notura
1000 3821 1026 3873 P
1077 3822 1110 3876 18
1127 3838 1207 3890 prae·

10 3890 15 3911 ²
72 3896 212 3979 Quanto·
264 3907 300 3959 20
317 3903 479 3959 hlamhell'
528 3908 562 3958 ai
581 3905 696 3958 istrahel
708 3907 733 3958 G
786 3909 820 3958 22
840 3924 905 3976 ergo
924 3907 946 3959 si
966 3907 1014 3961 ille
1031 3911 1124 3979 scripsi
1141 3926 1207 3976 ergo

57 3971 122 4038 'llio
138 3989 160 4042 n
175 3997 203 4045 et
220 3991 244 4045 ri
271 3992 320 4045 ille
339 3991 389 4044 ΡΤ
406 4009 472 4060 ergo
500 3997 528 4045 et
552 3992 577 4045 si
604 3992 652 4044 ille
672 3993 699 4043 E
750 3995 784 4045 24
803 3993 973 4047 custodietur
992 3995 1017 4047 n
1035 3995 1208 4049 custodiatur

83 4078 285 4131 “custodietur
304 4079 330 4130 Ρ
344 4077 516 4132 custodiatur
535 4079 559 4130 T
584 4079 619 4147 cf.
639 4081 714 4131 rlrcb.
742 4080 779 4141 II,
806 4079 879 4135 318.-
906 4084 978 4134 Srud.
1009 4081 1080 4136 1889
1100 4101 1128 4153 p.
1146 4081 1207 4135 :322

10 4186 21 4215 .·.
85 4155 181 4218 eleuatis
199 4164 249 4218 ΡΤ
266 4164 363 4218 aelati·
381 4165 407 4218 R
424 4168 470 4217 aed
485 4165 521 4235 cs.
536 4184 565 4236 p.
584 4165 644 4230 Izi,
674 4167 686 4218 7
712 4177 735 4219 et
753 4166 817 4233 1567,
847 4168 881 4219 Ill
943 4170 977 4222 25
1004 4169 1052 4236 qui
1079 4169 1146 4222 lecit
1172 4197 1207 4225 -.

80 4252 168 4305 terram
186 4268 234 4305 om.
252 4252 285 4305 R.
