2790 4844
151 273 214 337 734
443 265 455 327 s
491 275 608 326 sancti
632 273 769 327 Hilarii
794 273 956 342 episcopi

150 463 396 547 consumpsitet
384 462 559 528 tomnibus
582 463 726 544 operibus
757 463 884 544 spiritus
914 483 986 529 caro
1018 464 1107 529 uicta
1132 464 1299 540 famulatur,

150 576 223 635 tnnc
246 569 354 633 beatus
377 573 433 646 est
457 567 510 650 qui
532 566 767 633 retributionem
791 588 879 632 suam
903 568 930 633 ei
954 568 1121 647 retribuet,
1147 570 1182 634 id
1197 570 1297 653 estqui

151 672 378 737 dominatum
369 692 400 737 rn
425 691 492 736 eam
517 669 650 752 spiritns,
674 691 736 755 quo
759 675 801 735 uti
826 673 937 753 ipsein
955 672 1104 753 spiritum
1123 681 1195 739 erat
1212 674 1296 739 solita

151 777 300 842 demutat.

111 903 123 940 r
196 879 246 944 14.
271 879 383 964 Neque
406 879 504 945 solum
535 880 701 945 retributor
730 880 939 946 retributionis
971 881 1091 961 beatus,
1126 885 1186 950 sed
1215 885 1294 949 etium

151 982 202 1049 ille
226 985 379 1061 beatus,
404 985 471 1068 qui
495 985 657 1050 tenebit
688 991 726 1050 et
747 984 895 1049 allidet
917 985 1121 1066 paruulos
1146 992 1237 1052 tuos
1257 988 1295 1052 sd

150 1096 315 1169 petram.
362 1089 437 1154 uitia
467 1090 603 1169 corporis
634 1108 694 1153 non
726 1097 797 1154 sunt
819 1089 950 1155 sinenda
971 1089 1163 1167 coalescere
1198 1093 1294 1157 sedin

152 1193 285 1257 exordiis
320 1193 425 1257 statim
459 1193 617 1258 enecanda
651 1200 730 1258 sunt.
786 1192 965 1277 periculosae
1002 1195 1089 1258 enim
1131 1203 1207 1261 snut
1242 1197 1294 1261 ium

152 1296 287 1361 robustae
322 1296 515 1378 cupiditates,
546 1303 576 1363 et
600 1296 765 1363 difficulter
796 1296 900 1362 adulta
933 1317 1067 1382 querque
1102 1301 1295 1379 perimuntur.

99 1422 124 1458 ιο
151 1401 249 1466 leuius
273 1409 375 1466 autem
399 1408 446 1466 est
468 1407 703 1482 prorumpentes
726 1399 867 1480 auellere,
891 1408 1014 1467 teneras
1038 1403 1197 1479 excidere,
1220 1404 1295 1469 dcxi-

150 1505 229 1570 biles
242 1512 430 1590 retorquere.
465 1505 574 1571 beatus
594 1506 697 1589 itaque
710 1511 765 1583 est,
781 1506 922 1590 quisquis
934 1507 966 1570 in
978 1507 1108 1572 exordio
1120 1506 1294 1573 inhonestas

152 1628 290 1692 quasque
321 1610 458 1675 omnium
491 1610 695 1690 cupiditatum
730 1610 943 1691 adpetitiones,
977 1630 1049 1695 quse
1079 1631 1120 1676 ex
1144 1612 1293 1677 uoluntate

151 1715 252 1778 carnis
287 1714 435 1793 oriuntur,
469 1715 606 1795 primum
639 1715 719 1779 intra
752 1715 799 1778 ius
833 1715 987 1799 patientius
1021 1734 1085 1780 suae
1117 1717 1293 1800 uirtutisque

151 1817 315 1896 cohibebit,
350 1819 461 1884 deinde
496 1838 548 1884 eas
583 1819 622 1882 ad
656 1819 752 1883 iidem
786 1824 878 1901 atque
912 1819 951 1883 cd
982 1825 1103 1884 metum
1136 1821 1186 1886 dei
1210 1820 1293 1886 elisas

99 1944 125 1981 us
152 1921 302 1986 enecabit.
350 1924 450 1987 omnis
485 1924 577 1999 enim,
612 1923 665 2007 qui
698 1944 736 1988 en
769 1924 903 2004 peccatis
926 1923 965 1986 ad
989 1922 1178 2007 religionem
1201 1933 1292 1988 treus·

151 2023 276 2098 feretur,
299 2034 426 2106 peccata
449 2028 552 2091 omnia
574 2029 604 2092 iu
630 2047 707 2105 eam,
741 2026 780 2091 cd
815 2047 908 2111 quum
941 2027 1079 2105 decedet,
1116 2027 1290 2111 religionem

151 2128 227 2194 elisa
261 2131 457 2196 comminuet.
502 2132 534 2195 in
567 2152 602 2196 eu
633 2137 745 2208 autem,
772 2133 853 2215 quod
887 2130 1032 2210 paruulos
1066 2131 1192 2198 miserae
1226 2130 1288 2195 lilia

152 2232 319 2317 Bubylonis
341 2240 426 2300 tenet
449 2241 481 2299 et
504 2233 610 2312 allidit,
646 2240 676 2299 et
698 2236 803 2312 uirtus,
835 2254 894 2318 qua
924 2243 1088 2301 nascentes
1112 2235 1288 2311 cohibete

151 2337 239 2415 fides,
256 2357 325 2421 qua,
342 2358 381 2404 ne
397 2330 582 2417 adolescunt,
598 2338 705 2417 allidit,
718 2340 898 2404 ostenditur.
944 2348 974 2404 ct
990 2338 1090 2404 allidit
1104 2341 1145 2405 sd
1161 2346 1284 2421 petram:

98 2460 125 2500 ro
152 2450 239 2522 petra
261 2451 362 2508 autem
388 2445 558 2508 secundum
582 2442 752 2523 apostolum
769 2441 911 2508 Christus
927 2451 984 2508 est.
1029 2444 1061 2508 in
1078 2463 1174 2528 quem
1190 2445 1283 2509 besuus

152 2553 208 2623 est,
233 2548 285 2630 qui
307 2544 380 2611 filim
403 2546 573 2631 Babylonis
596 2547 749 2628 paruulos,
777 2547 809 2611 id
833 2553 881 2613 est
904 2555 1011 2612 tenera
1033 2547 1137 2614 adhuc
1161 2545 1278 2628 corporis

150 2650 223 2714 uitia
253 2650 361 2716 allidet
383 2657 413 2716 et
447 2658 592 2717 conteret.
637 2652 697 2732 ipsi
720 2651 878 2736 unigenito
901 2651 959 2715 deo
982 2671 1019 2717 ac
1043 2652 1171 2718 domino
1191 2656 1276 2716 uosbu

151 2752 250 2837 gloria
273 2760 304 2820 et
328 2754 393 2820 laus
417 2756 448 2819 in
472 2755 587 2821 secula
610 2756 803 2821 saeculomm.
849 2774 949 2822 amen.

529 2874 715 2959 ustinus
742 2875 916 2958 cxxxvii.

26 3020 31 3032 ·
99 3015 124 3054 2⁵
548 2997 736 3064 Psalmus
759 2998 896 3064 Dauid.

194 3100 435 3167 Oonsitcbor
469 3103 553 3181 tibi,
578 3103 747 3181 domine,
770 3104 808 3168 in
832 3110 915 3169 toto
939 3103 1061 3169 corde
1086 3125 1179 3168 meo:
1200 3115 1261 3182 quc
1322 3118 1327 3122 ·

151 3207 254 3269 niam
278 3205 434 3270 audisti
457 3207 582 3271 uerba
605 3208 689 3271 oris
712 3208 788 3273 mei
812 3206 991 3290 etreliqua

195 3309 223 3373 1.
248 3309 410 3391 Duplicem
433 3311 464 3375 in
488 3311 680 3377 consessione
714 3311 975 3396 significationem
999 3331 1078 3390 esse,
1101 3312 1132 3376 iu
1154 3298 1258 3392 plurimis

143 3413 227 3480 locis
250 3415 548 3480 demonstrauimus:
584 3423 635 3480 aut
668 3417 786 3496 peccati
810 3415 916 3494 nostri
947 3422 999 3481 aut
1027 3413 1204 3482 laudationis
1219 3401 1258 3471 lb

194 3539 207 3590 1
227 3542 255 3591 er
273 3548 333 3591 ane
351 3537 513 3591 omnnem.
525 3538 550 3589 r>
602 3535 984 3608 eretribuetncup.733,6
996 3535 1208 3593 retributurum
1241 3520 1260 3575 id

150 3628 192 3677 est
210 3623 265 3677 RE
281 3641 329 3676 om.
350 3625 401 3678 Pu·
453 3624 573 3677 datiam
598 3624 678 3678 RPT
700 3629 728 3679 et
746 3625 775 3676 E
824 3628 921 3679 lituos
941 3624 1008 3677 RPb
1026 3643 1091 3679 snos
1109 3626 1146 3679 Te
1193 3623 1261 3675 sent·

149 3710 253 3764 candae
272 3711 297 3763 R
350 3711 572 3780 aquaequaen
625 3714 659 3767 10
677 3714 744 3764 inter
761 3716 803 3765 est
821 3723 845 3764 et
861 3717 1076 3780 prorumpentes
1094 3714 1201 3782 spurium
1216 3695 1263 3758 Η

150 3799 196 3849 litt.
227 3815 282 3851 uec.
311 3798 336 3850 R
400 3800 429 3851 ll
460 3802 640 3866 retorqueere
668 3799 693 3852 R
755 3800 788 3852 12
814 3798 959 3852 uoluntate
992 3799 1071 3852 PTE
1098 3784 1267 3868 uolupoul

151 3885 184 3937 15
201 3885 385 3938 transferetur
413 3885 453 3939 Re
480 3884 647 3938 transfertur
674 3886 739 3938 PTb
794 3887 826 3939 16
845 3884 961 3939 decedet
988 3887 1014 3938 R
1040 3885 1192 3941 decoeserit
1216 3873 1272 3937 Vll

150 3971 183 4024 17
201 3971 365 4024 comminuit
384 3967 420 4023 1³¹
476 3974 507 4024 18
526 3975 554 4025 et
572 3971 664 4025 allidit
677 3973 702 4025 R
720 3977 749 4025 et
765 3971 859 4025 allidit
877 3970 981 4038 (elliddr
992 3971 1027 4038 P)
1045 3971 1082 4027 ed
1100 3981 1208 4043 petrem
1217 3963 1275 4025 nul

149 4109 295 4176 sipirtus,
314 4126 420 4177 qua-
438 4110 529 4164 allidit
556 4110 591 4164 ed
616 4115 723 4178 petram
742 4128 792 4165 om.
810 4111 862 4164 PT
915 4057 1007 4164 inlibris?
1033 4111 1059 4165 R
1113 4114 1146 4166 21
1166 4063 1280 4166 ffip

148 4196 184 4248 aa
202 4211 233 4247 ao
252 4213 282 4248 a
299 4195 350 4249 uuo
369 4196 395 4248 n
412 4196 489 4249 nnn
506 4198 572 4265 pm.
587 4197 723 4251 cxxxvi
740 4197 844 4275 raupa
855 4197 1007 4252 cxxxun
1019 4198 1045 4251 n
1063 4197 1193 4269 uxpnm
1209 4197 1285 4270 psum

150 4281 1288 4354 cxxxvlincipitpsalmcxxxvllffipldecxxxvlincip.decxxxvlll.
