2790 4844
208 277 269 341 702
547 277 663 330 sancti
689 276 824 331 Hilarii
849 277 1012 346 episcopi

207 467 405 543 commoneri,
441 467 552 532 totiens
586 467 763 550 negotiosus
797 467 837 531 ad
871 464 939 531 haec
973 466 1049 531 dens
1085 467 1176 547 ipsos
1216 467 1303 543 istos,
1333 476 1359 529 ut

208 572 411 647 demutentur,
428 576 461 634 ut
476 570 658 653 dissideant,
675 590 711 635 ex
727 575 845 636 secreto
861 570 1040 635 diuitiarum
1052 590 1186 635 suarum
1201 566 1359 652 producit?

253 692 302 756 13.
327 691 389 757 Sed
413 691 480 758 baeo
504 713 521 756 a
545 711 595 757 me
626 691 742 757 uolenti
777 692 923 757 uirtutem
958 699 988 758 et
1017 691 1178 756 rationem
1213 694 1358 758 dictorum

208 797 369 862 ostendere
404 796 447 860 ita
469 802 712 861 commemorata
742 795 813 872 sint,
844 802 877 860 ut
905 795 1108 861 nihilominus
1139 796 1358 862 inuisibilisel

170 928 182 963 s
210 900 429 980 omnipotentis
462 901 583 965 uirtutis
618 920 687 965 esse
721 899 926 983 intellegatur,
950 899 1080 976 amari,
1117 901 1209 985 quod
1245 910 1293 967 est
1326 901 1358 963 ab

210 1013 345 1070 extremo
368 1010 467 1082 terrae,
498 1004 596 1069 nubes
620 1005 707 1069 educi
731 1012 762 1069 et
790 1004 871 1069 inter
893 1003 1013 1084 pluuias
1043 1003 1173 1089 fulgura
1202 1023 1358 1071 coruscare

211 1114 241 1174 et
263 1116 372 1174 uentos
396 1129 432 1173 ex
456 1108 582 1173 occultis
606 1109 778 1188 spiratunm
801 1127 927 1173 snorum
961 1108 1088 1173 sedibus
1119 1107 1210 1173 flare.
1258 1128 1358 1173 uerum

211 1213 366 1296 quianon
389 1211 422 1276 in
444 1211 494 1277 his
525 1219 644 1277 mutum
679 1213 902 1293 omnipotentia
936 1211 985 1276 dei
1020 1218 1075 1289 est,
1111 1231 1221 1296 neque
1252 1213 1283 1277 in
1315 1212 1357 1276 his

210 1315 318 1392 solnm,
344 1335 426 1399 quae
449 1315 587 1391 uoluit,
611 1316 713 1381 feeit
735 1317 774 1380 in
806 1316 900 1382 caelo
924 1323 961 1380 et
983 1317 1022 1381 in
1047 1322 1170 1392 terra,
1199 1317 1239 1381 in
1262 1315 1356 1381 mari

159 1445 183 1481 ιο
211 1430 250 1485 et
272 1419 309 1484 in
334 1419 507 1505 abyssis,
532 1426 564 1485 et
586 1421 617 1484 in
642 1419 699 1496 his,
722 1439 791 1503 quae
814 1419 1014 1500 corporaliter
1036 1427 1126 1503 gesta
1149 1440 1226 1487 esse
1247 1440 1356 1485 memo

211 1535 324 1602 rantur,
359 1523 507 1604 spiritalia
541 1522 709 1606 significari
748 1525 959 1589 meminimus:
998 1525 1282 1589 demonstrandum
1316 1529 1356 1589 est

211 1648 300 1694 nunc.
324 1628 398 1712 qnid
429 1628 486 1692 sub
517 1628 566 1693 his
598 1628 688 1693 dictis
719 1647 773 1711 per
803 1629 947 1693 uirtutem
978 1628 1150 1708 prophetie
1176 1629 1354 1713 intellegere

211 1731 390 1796 debeamus.

256 1836 307 1898 14.
331 1834 368 1899 In
393 1856 436 1912 eo,
462 1837 543 1918 qnod
571 1836 711 1914 omnia,
735 1855 818 1920 quse
848 1835 987 1908 uoluit,
1011 1836 1114 1901 iecit
1137 1838 1176 1900 in
1203 1836 1300 1902 caelo
1320 1842 1352 1900 et

161 1970 185 2007 re
213 1939 249 2003 in
274 1947 391 2017 terra,
415 1941 453 2004 in
480 1941 577 2004 mari
595 1940 686 2004 etin
709 1941 881 2023 abyssis,
897 1948 1047 2023 qnantum
1063 1940 1349 2024 cognitioninostrae

212 2045 396 2123 permissum
433 2051 489 2124 est,
524 2043 602 2108 nibil
635 2043 798 2108 amabilius
833 2045 891 2109 deo
925 2043 1050 2109 bomine
1085 2050 1141 2109 est.
1190 2050 1223 2110 et
1256 2043 1348 2109 subest

213 2168 316 2222 causa,
339 2160 372 2213 ut
396 2147 549 2228 peculiare
573 2147 630 2213 hoc
654 2148 681 2212 ei
704 2148 819 2212 animal
843 2149 889 2212 sit.
935 2149 1069 2212 mundns
1092 2149 1192 2212 uerbo
1212 2146 1344 2220 constitit

214 2251 305 2316 homo
321 2259 423 2316 autem
440 2272 508 2316 cum
525 2251 651 2317 consilio
669 2250 807 2328 efficitur,
831 2272 891 2317 non
908 2253 1011 2328 uerbo,
1032 2253 1088 2316 sed
1104 2271 1200 2333 opere
1215 2251 1342 2335 cogitato.

213 2355 249 2419 tit
271 2375 393 2440 qnoque
416 2357 455 2420 ad
475 2356 645 2440 imaginem
662 2356 727 2433 dei:
750 2376 807 2437 per
820 2357 1053 2437 inspirationem
1069 2356 1165 2421 etiam
1183 2356 1234 2420 dei
1249 2355 1339 2419 uiuam

159 2486 185 2525 so
213 2460 316 2524 anima
338 2459 505 2541 perficitur.
550 2459 653 2544 legem
672 2461 792 2540 accipit,
816 2459 963 2525 uoluntati
980 2479 1043 2525 suae
1058 2461 1255 2540 permittitur,
1277 2456 1338 2520 litu

213 2564 252 2628 ab
275 2564 418 2629 omnibns
453 2565 559 2628 mundi
594 2564 736 2628 dontinus
770 2564 973 2640 constituitur,
1007 2564 1144 2645 paradisi
1179 2561 1334 2629 incolcet

213 2667 329 2733 inuidia
352 2668 464 2734 diaboli
488 2669 602 2751 dignus
634 2676 689 2745 est,
722 2676 789 2748 post
818 2674 978 2748 peccatum
1013 2666 1235 2733 misericordia
1255 2679 1334 2730 roser·

214 2777 311 2840 natur.
343 2773 426 2836 omni
457 2772 560 2837 saeculi
592 2771 682 2837 huius
713 2779 802 2837 celate
826 2773 865 2837 ad
889 2772 1100 2856 cognitionem
1131 2771 1181 2836 dei
1212 2766 1331 2836 emditur.

213 2877 304 2943 iudex
327 2875 447 2960 angelis
471 2883 667 2960 preparatur.
713 2875 930 2941 reuelationem
954 2877 1018 2940 eins
1042 2884 1184 2941 creatura
1216 2872 1330 2953 erpeehl

160 3006 186 3043 a,
215 2981 341 3046 sanitati
375 2982 405 3044 in
440 3000 529 3060 spem
560 2988 591 3045 et
620 2981 687 3060 ipsa
716 2981 870 3056 subiecte;
904 2980 943 3044 ob
977 2979 1190 3060 paenitentiam
1224 2978 1280 3043 eius
1302 2987 1329 3035 01

214 3095 339 3166 peccato
362 3084 544 3168 angelorum
568 3085 598 3147 in
623 3084 706 3149 caelis
731 3084 898 3148 maximnm
930 3083 1077 3168 gaudium
1109 3089 1165 3147 est
1209 3081 1256 3145 hic
1280 3077 1328 3155 lpse
1388 3082 1391 3105 ³

215 3211 269 3273 per
285 3194 515 3254 sacramentnm
533 3189 699 3253 natiuitatis
716 3190 884 3252 secundnm
903 3187 1063 3253 bominem
1082 3187 1185 3252 lesum
1197 3183 1326 3250 Christum

214 3294 395 3374 adsumptus
418 3294 449 3357 in
481 3311 551 3357 eum
575 3300 632 3358 est.
677 3293 739 3357 iam
763 3292 877 3375 ubique
900 3291 1113 3374 inreligiosum
1136 3296 1208 3355 ante
1231 3308 1261 3355 os
1280 3282 1327 3348 till

215 3397 397 3482 religionem
421 3397 519 3473 docet,
542 3397 604 3461 iam
622 3395 770 3476 pollutum
786 3396 901 3476 stupris
918 3415 1026 3476 corpus
1042 3394 1231 3460 continentis
1243 3400 1328 3474 purum

160 3525 187 3562 so
216 3509 270 3580 est,
293 3502 356 3566 iam
391 3521 473 3566 caeca
503 3501 658 3584 quondam
681 3520 699 3563 a
722 3500 897 3584 cognitione
927 3500 977 3565 dei
1007 3518 1097 3564 mens
1128 3495 1248 3564 Israhel
1273 3492 1331 3559 snt

215 3612 269 3672 est
315 3606 377 3670 iam
402 3604 517 3669 inuidia
539 3604 569 3669 in
594 3604 798 3668 imitationem
822 3603 893 3668 boni
916 3603 1055 3684 proiecit,
1082 3603 1147 3667 iam
1171 3593 1334 3668 ebrietatis

259 3733 270 3782 l
293 3729 474 3782 commouerit
496 3728 521 3780 G
586 3727 731 3781 3uolente
751 3727 789 3779 Te
859 3729 1002 3779 semeae
1020 3725 1053 3791 til
1072 3714 1336 3779 commemorasseG

215 3818 230 3867 7
256 3822 415 3869 sssrstuum
446 3815 470 3866 G
498 3815 646 3882 spirituum
674 3814 724 3866 PT
802 3815 832 3866 10
861 3812 986 3865 hissam
1021 3812 1142 3879 qualiter
1172 3811 1208 3880 (2)
1237 3801 1339 3882 gesat

217 3905 248 3956 12
268 3903 341 3970 quod
368 3903 392 3952 (l
448 3903 479 3955 16
507 3907 534 3956 et
562 3901 628 3955 suba
655 3919 726 3970 supr.
754 3902 814 3952 cdd.
833 3900 860 3951 P
912 3901 944 3953 17
967 3898 1094 3952 constitit
1112 3898 1185 3951 Vra
1204 3894 1344 3953 sonnium·

215 3991 250 4041 ‘20
267 3990 369 4057 accipit
381 3990 433 4041 GT
448 3988 598 4057 accepitP
648 3987 799 4040 uoluntatis
817 3984 878 4039 ΟΡι
932 3987 966 4040 28
984 3985 1012 4038 in
1031 3984 1079 4038 dm
1097 3982 1133 4052 (l)
1154 3992 1197 4040 *st
1222 3987 1248 4040 G
1297 3984 1349 4038 ua

121 4105 125 4112 -
214 4073 344 4140 uoslllG
396 4078 430 4129 30
449 4091 530 4128 caeca
544 4075 596 4126 GT
609 4091 760 4128 excaecam
776 4074 799 4126 1‘
850 4071 1011 4127 ietrahelG
1064 4075 1096 4127 31
1117 4073 1176 4128 ism
1191 4093 1237 4145 pr.
1256 4075 1274 4128 l.
1291 4088 1352 4143 supr·

215 4164 275 4214 cdd.
294 4162 320 4213 P
369 4162 399 4214 in
423 4162 606 4215 imitationem
631 4161 695 4216 boni
715 4159 825 4229 proficit
844 4160 870 4212 P
891 4159 1046 4213 imitatione
1064 4160 1132 4214 boni
1153 4161 1276 4230 proiecit
1295 4158 1357 4214 Tin

214 4249 293 4304 inmu
312 4246 345 4314 (?)
364 4261 478 4294 *assuas
505 4248 540 4298 (ἶ.
