2790 4844
170 217 233 282 384
509 217 626 270 sancti
651 216 769 270 Hilari
811 217 975 284 episcopi

213 407 263 471 11.
288 406 421 487 Quartus
455 405 507 469 bie
546 406 643 470 tertiae
679 404 789 470 litterae
827 425 936 471 uersus
975 414 1037 471 est:
1075 409 1319 489 concupiuit

168 513 300 577 anima
323 531 413 588 maa,
437 516 477 573 ut
501 510 734 574 desiderem
757 510 913 576 iudicia
936 517 1001 574 tua
1024 510 1062 574 in
1091 514 1200 576 omni
1227 527 1317 578 tem·

167 636 270 698 pore.
315 635 374 678 non
411 623 457 680 ast
489 612 648 695 prophetae
683 612 773 677 buius
808 615 981 679 communis
1016 634 1087 679 cum
1118 617 1233 681 ceteris
1267 615 1315 682 uel

167 719 271 785 saeculi
294 739 412 796 sermo;
446 717 537 782 altius
572 718 629 782 sub
664 717 893 802 significatione
924 717 1123 784 familiarium
1148 721 1312 787 uerborum

167 823 387 907 intellegentiae
411 842 474 887 suae
498 821 605 886 extulit
627 841 754 886 sensum
771 823 894 887 dicens:
918 824 1158 904 concupiuit
1181 827 1312 890 anima

165 933 319 1004 meant
353 927 584 992 desiderem
619 927 775 991 iudicia
810 938 875 991 tua
909 927 947 990 in
982 928 1089 992 omni
1120 935 1309 1010 tempore.

165 1031 270 1097 multis
293 1032 376 1097 euim
407 1029 561 1095 uidebitur
591 1031 705 1095 rectius
737 1030 854 1095 dictum
885 1031 988 1109 fuisse,
1020 1033 1179 1098 desiderat
1209 1034 1309 1098 anima

165 1156 235 1201 mec
258 1136 370 1200 iudicia
393 1139 444 1198 tua
467 1135 497 1198 in
522 1134 606 1198 omui
633 1141 781 1215 tempore.
827 1140 858 1199 et
880 1135 958 1201 sorte
982 1135 1109 1218 quidam
1133 1137 1309 1202 existimant

164 1241 195 1303 id
219 1241 321 1320 ipsum
345 1237 404 1303 sub
426 1237 476 1302 bis
499 1238 590 1302 dictis
613 1239 770 1303 contineri.

210 1378 258 1442 12.
283 1377 344 1442 Sed
367 1376 510 1441 meminit
531 1375 685 1456 propheta
715 1377 843 1440 arduum
868 1397 936 1442 esse
971 1383 1001 1442 et
1023 1383 1141 1442 naturae
1165 1378 1301 1443 humane

164 1480 458 1562 periculosissimum
504 1480 553 1545 dei
592 1480 767 1545 desiderare
809 1481 930 1546 iudicia.
987 1501 1058 1546 cum
1097 1483 1181 1546 enim
1220 1502 1299 1548 nemo

100 1589 103 1594 ’
162 1587 269 1649 uiuens
293 1585 323 1649 in
347 1590 514 1664 conspectu
545 1584 640 1664 ipsius
671 1585 805 1649 mundus
836 1586 885 1656 sit,
917 1585 1070 1668 quomedo
1102 1583 1295 1651 desiderabile

164 1690 229 1753 eius
262 1699 363 1769 potest
398 1708 468 1753 esse
501 1686 672 1752 iudicium?
717 1708 755 1751 an
792 1708 860 1752 cum
897 1708 934 1753 ex
969 1689 1052 1753 omni
1083 1689 1178 1754 uerbo
1212 1691 1291 1753 otioso

143 1794 313 1857 ,rationem
336 1793 433 1856 simus
456 1793 629 1872 praestituri,
653 1792 736 1856 diem
758 1792 862 1856 iudicii
886 1793 1149 1876 concupiscemus,
1181 1795 1212 1858 in
1243 1810 1288 1875 quo

161 1896 249 1960 nobis
287 1904 334 1960 est
372 1895 422 1960 ille
459 1896 633 1960 indefessus
667 1896 751 1979 ignis
784 1896 954 1974 obeundus,
989 1897 1019 1960 in
1055 1917 1115 1980 quo
1150 1894 1286 1962 subeunda

160 2009 231 2064 suut
275 2000 382 2084 grauia
426 1998 477 2063 illa
522 2000 680 2079 expiandae
725 2021 743 2063 a
787 2001 921 2080 peccatis
976 2001 1088 2065 animae
1134 1991 1284 2083 supplicia?

160 2106 256 2170 beatae
280 2104 387 2168 Mariae
411 2105 583 2167 animam
615 2103 778 2188 gladius
813 2104 1096 2183 pertransibit,
1128 2113 1167 2170 ut
1199 2119 1283 2167 reue·

160 2207 294 2274 lentur
347 2207 564 2272 multorum
618 2208 799 2272 cordium
857 2208 1147 2292 cogitationes.
1201 2208 1224 2272 si
1259 2203 1280 2264 iss

158 2312 262 2376 indicii
297 2313 496 2377 seueritatem
532 2332 628 2392 capax
662 2311 715 2376 illu
749 2313 797 2376 dei
835 2313 925 2396 uirgo
962 2320 1092 2378 uentura
1130 2321 1183 2387 est,
1218 2303 1280 2376 desi·

158 2417 266 2481 derare
297 2417 367 2499 quis
400 2416 526 2480 audebit
558 2436 576 2479 a
610 2416 667 2480 deo
700 2416 853 2481 iudicari?
897 2416 952 2480 Iob
983 2418 1068 2481 omni
1098 2416 1277 2482 humanarum

157 2521 365 2585 calamitatum
386 2519 494 2584 militia
517 2530 547 2583 et
564 2520 693 2585 uictoria
711 2519 898 2600 perfunctus
923 2520 974 2603 qui
999 2541 1068 2585 cum
1095 2525 1278 2602 temptaretur·

156 2626 213 2689 ait:
249 2625 434 2688 dominus
469 2624 590 2697 dedit,
626 2624 811 2688 domiuus
849 2623 1035 2697 abstulit
1074 2626 1130 2689 sit
1163 2627 1278 2688 noraen

156 2729 242 2792 eius
290 2729 550 2793 benedictum
596 2729 632 2792 in
679 2729 834 2797 saecula,
881 2728 1015 2794 cinerem
1055 2749 1088 2795 se
1127 2749 1192 2795 esse
1224 2734 1282 2787 0⁰1³·

155 2834 255 2896 lessus
290 2844 337 2898 ast
371 2840 402 2897 et
436 2835 540 2897 audita
575 2835 614 2897 de
645 2835 725 2897 nube
758 2835 807 2897 dei
836 2853 910 2897 noce
946 2853 1004 2896 non
1034 2832 1215 2917 loquendum
1234 2814 1286 2886 sibl
1340 2862 1342 2909 ξ

200 2983 230 3033 17
250 2981 316 3034 uuo.
335 2981 370 3048 11,
389 2983 430 3035 ae.
468 2983 502 3034 aa
523 2979 575 3034 roa
593 2981 614 3047 1,
633 2983 675 3034 ar.

200 3102 331 3156 ltertiae
350 3121 398 3155 oni.
421 3103 457 3171 Cp
510 3101 652 3156 diustitia
670 3101 718 3155 tua
738 3103 763 3154 R
806 3104 832 3155 '3
850 3118 913 3155 oum
933 3101 1032 3155 ceteris
1060 3101 1210 3157 communis
1227 3074 1288 3158 cyfi

152 3192 219 3245 uua
247 3208 294 3242 cm.
314 3190 339 3242 R
392 3189 550 3242 desiderare
576 3188 786 3243 iustificationes
813 3195 874 3243 tuas
894 3190 919 3242 R
972 3189 1111 3243 'lreotius
1139 3208 1168 3243 aa
1191 3175 1286 3241 reoll¹¹⁸

153 3277 212 3330 eins
231 3275 301 3328 m.2
325 3276 350 3330 V
399 3279 520 3330 Sinas.
539 3295 559 3329 s.
578 3295 611 3330 m.
631 3277 692 3328 113
740 3286 801 3346 post
826 3281 951 3344 tempore
980 3275 1089 3330 14—16
1114 3279 1163 3329 litt.
1185 3249 1289 3347 ernest}

152 3363 313 3417 existimant
340 3382 370 3416 en
397 3364 534 3420 extimant
562 3361 633 3417 nr.2
657 3364 681 3416 V
732 3366 763 3417 11
783 3356 814 3416 di
832 3363 992 3417 desiderare
1019 3382 1049 3416 ar
1075 3357 1108 3418 di
1125 3339 1277 3418 desidesl

152 3449 309 3503 desiderare
328 3443 358 3503 di
377 3444 418 3516 (di
434 3469 455 3503 s.
473 3469 493 3502 a.
512 3469 543 3503 ur.
563 3449 592 3516 3)
612 3451 638 3503 a
692 3450 724 3503 12
742 3450 770 3502 in
790 3454 940 3518 conspectu
959 3450 1018 3504 eius
1036 3451 1061 3503 Γ
1114 3454 1145 3506 la
1162 3442 1286 3529 iudicium

151 3537 210 3589 eius
228 3541 319 3605 potest
338 3554 397 3590 esse
422 3536 525 3605 (potest
543 3556 573 3590 er
591 3538 682 3589 dotsst
705 3536 740 3602 V)
765 3536 820 3606 Vpb
848 3536 906 3590 eins
930 3536 1065 3590 iudicium
1083 3543 1175 3607 potest
1192 3547 1240 3590 csse
1256 3515 1280 3575 (ι’

150 3623 238 3676 otioso
251 3624 336 3676 uerbo
351 3623 443 3693 chn'
487 3626 520 3677 14
532 3624 560 3675 in
574 3623 687 3676 diemV
729 3623 948 3691 concupiscimus
959 3624 998 3677 Re
1007 3600 1288 3693 concupisceremus-¹

151 3711 183 3762 15
193 3708 411 3776 ignisubeundus
422 3708 460 3763 It¹
473 3710 546 3777 ignis
556 3710 713 3763 subeundus
726 3709 778 3779 R³p
791 3710 824 3769 cf.
834 3712 915 3763 elaad.
925 3728 953 3780 p.
967 3708 1007 3762 94
1062 3713 1095 3764 16
1107 3696 1279 3780 gladiaillsV

150 3807 209 3848 urite
227 3796 322 3849 beatae
342 3797 413 3848 e-.5
433 3798 478 3849 lta.
498 3795 629 3862 (animal)
648 3815 712 3849 eras.
733 3798 758 3849 R
812 3799 844 3850 17
862 3797 1044 3866 pertransinit
1061 3815 1092 3850 ac
1109 3790 1285 3866 pertransibii

149 3883 246 3937 712an
301 3885 389 3937 reubi
400 3885 428 3937 in
438 3884 536 3938 iudicii
550 3882 624 3955 (W
626 3884 641 3950 )
697 3883 914 3937 l9interindicii
927 3894 949 3937 et
962 3885 1141 3938 seueritatem
1153 3903 1220 3938 erus.
1235 3881 1284 3938 su

148 4023 183 4076 20
201 4021 324 4075 omnium
355 4024 421 4092 (pli
471 4025 505 4075 22
524 3983 588 4077 don⁸
609 4023 635 4088 (s
660 4041 676 4075 a
701 4041 769 4076 aran.
794 4021 827 4087 2)
858 4023 883 4077 V
941 4025 976 4077 23
993 4021 1144 4077 benedicti
1173 4027 1200 4078 ia
1227 4041 1285 4079 uer.

148 4119 251 4161 metante
276 4120 346 4176 part.
370 4112 396 4161 in
422 4129 503 4179 inore.
533 4129 565 4162 m.
592 4109 619 4175 3,
647 4111 710 4163 bin
729 4128 781 4163 roa.
802 4109 826 4158 R
907 4109 1047 4162 confessus
1074 4115 1119 4164 est
1146 4116 1177 4165 et
1203 4111 1288 4168 audita

147 4197 239 4265 scripsi
256 4196 395 4249 confessus
414 4201 441 4249 et
459 4197 554 4251 audita
578 4198 666 4266 Vitl'p
685 4196 825 4250 consessus
843 4196 938 4250 audite
956 4197 990 4250 E.
