2790 4844
342 276 521 324 tractatus
541 271 575 324 in
594 271 764 339 psalmum
787 271 909 325 LXVIII.
1135 272 1198 337 333

49 452 125 522 limo
150 460 235 531 Aua.
271 479 362 542 quem
398 460 436 524 de
470 460 613 539 paradiso
647 466 715 540 post
749 459 880 542 culpem,
917 481 955 525 ue
988 461 1105 546 lignum
1130 464 1199 527 uitee

52 562 208 648 attingens
232 564 263 627 iu
287 563 458 628 aeternitate
482 583 580 643 prenae
604 571 751 652 maneret,
781 564 880 641 eiecit,
915 572 948 629 ut
969 571 1108 630 naturam
1133 587 1199 632 cor·

53 668 136 744 poris
170 668 236 732 eius
268 668 369 731 Adam
393 688 410 731 e
433 667 516 732 caelts
550 667 705 733 secundus
738 669 905 734 adsumens
939 670 1068 753 parique
1104 684 1200 735 morte

56 786 218 845 percussus
242 791 312 835 cem
335 791 458 835 rursum
481 772 512 835 iu
535 772 628 836 uitam
647 786 799 850 aternam
824 773 884 836 iam
909 774 976 838 sine
998 793 1097 854 ptenee
1113 780 1201 839 ata·-

57 872 147 940 nitate
178 887 345 940 reuocaret.
392 875 474 939 bunc
509 876 603 959 igitur
635 877 678 939 ita
701 896 719 939 a
742 877 799 940 deo
834 897 1013 957 percussum
1047 878 1200 958 persecuti
1240 906 1252 943 e

60 993 134 1059 suut,
168 999 262 1063 super
297 978 431 1044 dolorem
473 978 631 1044 uulnerum
671 979 808 1045 dolorem
845 981 1069 1061 persecutionis
1092 981 1199 1046 ’huius

62 1080 211 1148 addentes.
264 1104 333 1164 pro
363 1084 482 1148 nobis
514 1084 595 1148 enim
626 1086 796 1149 secuudum
821 1084 1004 1167 prophetem
1036 1086 1148 1151 dolet
1171 1096 1200 1151 et

64 1181 167 1253 idcirco
201 1202 251 1251 cst
285 1207 353 1252 esse
387 1188 417 1251 in
454 1187 609 1252 doloribus
643 1189 822 1253 aestimatus.
868 1190 950 1272 quod
986 1191 1069 1253 enim
1093 1202 1201 1274 posteo

66 1291 187 1357 nominis
211 1292 260 1356 sui
281 1292 387 1356 odium
403 1293 604 1373 susceperint,
628 1301 779 1375 quatenus
795 1290 950 1357 silentium
968 1295 1201 1359 resurrectionis

70 1396 183 1467 pecunie
207 1397 349 1471 emerint,
380 1397 492 1478 qulbus
515 1397 669 1476 apostolos
700 1396 871 1461 terroribus
900 1397 1079 1481 iuiuriIsquc
1109 1418 1200 1463 uere·
1228 1424 1252 1460 ιο

71 1497 164 1575 uerint,
187 1500 346 1582 cognitum
371 1508 425 1565 est.
471 1514 501 1564 et
536 1500 607 1583 quia
642 1500 706 1564 lraec
742 1520 833 1581 super
869 1501 1006 1565 dolorem
1040 1500 1201 1565 uulnerum

73 1599 248 1677 addiderunt,
272 1605 442 1684 adponetur
465 1623 558 1685 super
579 1605 771 1686 iniquitatem
796 1604 949 1688 iniquitas.

110 1707 152 1770 tt.
175 1708 333 1788 Adpositae
345 1715 448 1773 eutem
461 1708 628 1793 iniquitatis
641 1728 733 1791 pmue
748 1714 804 1782 est,
821 1728 859 1772 ne
875 1710 991 1773 intrent
1007 1709 1037 1771 in
1053 1708 1200 1773 iustitium

78 1804 157 1882 dei‚id
165 1821 210 1877 est
219 1833 258 1877 ue
267 1812 499 1893 concorporales
511 1821 542 1877 et
550 1813 773 1893 conparticipes
783 1811 907 1877 Christo
919 1812 1003 1889 fiant,
1017 1814 1077 1897 qui
1093 1814 1201 1878 nobis

10 1902 16 1930 ³
80 1916 223 1981 secundum
263 1917 432 1998 apostolum
472 1918 634 1982 iustitie
671 1927 708 1981 et
746 1917 1037 1982 sanctificatio
1072 1928 1109 1981 et
1147 1938 1201 1982 re·
1229 1943 1254 1980 ιι

82 2012 236 2100 demptio
260 2041 279 2084 e
303 2021 374 2086 deo
402 2024 536 2086 Iactus
559 2034 627 2087 est.
675 2019 790 2086 exclusi
816 2042 888 2085 uero
911 2021 1035 2085 iustitiae
1058 2022 1202 2106 ingressu

11 2204 29 2216 ..
83 2133 183 2188 necesse
207 2133 254 2191 est
276 2146 294 2189 e
317 2126 394 2190 libro
417 2127 585 2191 uiuentium
610 2125 780 2190 deleantur.
826 2126 930 2205 scripti
955 2126 1038 2190 enim
1063 2132 1147 2190 erant
1171 2126 1217 2189 io·

10 2216 21 2244 ³
86 2218 195 2294 tbrebae
219 2230 491 2307 benedictionibus,
514 2230 601 2295 cuius
624 2249 730 2294 semen
754 2231 833 2294 sicut
855 2229 951 2294 stellre
983 2228 1047 2294 caeli
1072 2238 1102 2294 et
1124 2230 1204 2295 sicut

25 2334 31 2384 i
87 2317 282 2399 berencmuris
295 2335 333 2398 ed
347 2355 432 2399 orum
449 2333 545 2398 litoris
561 2334 741 2399 abundaret.
789 2353 883 2416 equo
899 2333 976 2398 libro
993 2354 1061 2398 cum
1078 2354 1200 2398 omnem

15 2443 24 2500 ’,
88 2433 203 2508 mudum
216 2438 313 2504 deleri
326 2438 452 2522 Moyses
468 2446 624 2516 metueret,
642 2458 675 2502 se
687 2438 818 2518 primum
836 2436 930 2502 deleri
947 2439 1130 2518 deprecatus
1147 2445 1201 2515 est,
1231 2461 1255 2498 eo

10 2528 38 2632 [ᾗ.
89 2544 179 2616 0iturus,
201 2551 234 2608 ut
256 2543 372 2624 opinor,
395 2545 564 2608 secuudum
589 2541 761 2625 apostolum
783 2541 999 2606 anetbcma
1029 2562 1098 2622 pro
1129 2542 1203 2606 sra-

91 2637 192 2710 tribus
214 2648 300 2712 suis
324 2667 422 2712 esse.
469 2654 500 2712 et
523 2647 594 2731 quie
617 2666 711 2727 super
734 2646 871 2711 dolorem
887 2644 1048 2710 uulnerum
1066 2645 1203 2710 dolorem

92 2750 281 2816 tereeutmms
304 2751 455 2817 addentes
478 2771 638 2816 recursum
661 2750 848 2834 paenitentia
872 2750 1079 2831 perdiderunt
1110 2748 1202 2814 deleti

28 2840 41 2904 ’.ἶ
94 2835 121 2901 dc
138 2850 292 2920 uiuentium
315 2854 393 2919 libro
417 2875 455 2919 ne
479 2863 588 2936 postes
621 2855 749 2938 quidem
783 2854 876 2919 scribi
912 2874 982 2919 curn
1016 2854 1104 2918 iustis
1138 2873 1204 2918 me·

95 2957 202 3048 ¹ruerunt:
224 2967 258 3025 ut
280 2958 420 3044 intellegi
444 2959 539 3041 possit
560 2958 655 3024 elium
680 2958 858 3034 uiuentium,
882 2957 976 3022 alium
999 2958 1110 3022 libmm
1135 2977 1204 3023 esse
1231 2979 1256 3018 a

96 3057 217 3126 tutomm.
262 3083 320 3128 nec
343 3063 523 3147 ambiguum
548 3069 596 3128 est
618 3082 670 3127 eos
694 3062 726 3126 in
749 3061 916 3126 uiuentium
941 3061 1019 3126 libro
1043 3081 1121 3144 esse,
1153 3061 1204 3145 qui

33 3276 35 3281 λ
125 3189 330 3270 tuumne.
367 3206 400 3257 rs
417 3202 587 3269 moereo.
624 3205 659 3255 eo
676 3201 938 3266 exouxxxmee.
975 3204 1006 3254 er
1027 3201 1105 3255 nom.
1123 3202 1169 3268 rx,
1180 3204 1205 3254 e.

10 3297 37 3373 ‘w
126 3303 174 3364 2lu
189 3315 381 3369 aeternitatem
410 3316 462 3368 PE
512 3319 643 3368 Irursus
669 3315 740 3367 l'PT
794 3315 849 3368 iarn
867 3316 960 3366 onall
1012 3315 1205 3367 aeternitatem

21 3400 28 3407 '
99 3377 115 3428 Ρ
125 3401 276 3455 eternitatis
302 3402 324 3454 l'
375 3402 490 3455 6huius
508 3421 579 3473 supr.
600 3420 647 3454 scr.
667 3421 699 3454 m.
716 3402 730 3452 l
744 3402 770 3454 P
821 3401 928 3454 7enim
948 3419 1020 3469 surpr.
1038 3419 1087 3453 scr.
1107 3421 1138 3453 m.
1155 3402 1169 3452 1
1183 3401 1208 3453 P

96 3467 191 3540 llere
208 3489 236 3542 in
255 3488 397 3542 doloribus
411 3490 436 3542 R
454 3495 495 3542 est
514 3485 545 3540 δέ
563 3490 591 3541 in
610 3488 862 3541 doloribusTeum
881 3504 939 3540 esse
959 3488 987 3539 in
1008 3487 1149 3541 doloribus
1167 3488 1205 3540 l'a

97 3569 140 3618 ‘lm
157 3571 179 3626 iu
205 3575 348 3629 doloribus
366 3593 424 3630 erse
443 3577 457 3628 b
510 3575 698 3629 aestimandus
718 3575 769 3626 ΡΤ
786 3573 957 3659 estimandus
977 3579 992 3626 e
1011 3593 1030 3623 α
1048 3576 1205 3627 aestimatos

10 3749 12 3753 Ι
102 3659 126 3715 ll
165 3680 195 3733 10
211 3680 451 3734 anombuszex
468 3677 709 3732 terruribus31m.
730 3679 745 3730 1
765 3679 790 3731 te
843 3678 1008 3732 uexuuerint
1023 3695 1053 3730 er
1080 3678 1207 3731 uexerint

96 3760 176 3815 ΜΓ
227 3769 256 3819 ll
278 3783 360 3834 super
386 3765 451 3818 dolo
468 3784 499 3818 a
517 3782 599 3833 super
617 3765 682 3818 dolii
710 3764 781 3817 ηιξ)
806 3765 830 3816 l'
881 3765 914 3817 13
932 3764 1058 3832 adposite
1084 3765 1105 3817 l'
1155 3764 1207 3817 ini·

92 3846 183 3910 quitum
207 3853 240 3905 l'¹
296 3856 328 3906 14
347 3852 548 3921 conparticipes
577 3871 607 3905 ca
633 3851 785 3920 participes
813 3870 844 3903 m.
874 3852 893 3902 ¹.)
916 3850 941 3902 V
992 3853 1058 3904 Iba
1085 3851 1207 3903 iustitiae

1061 3945 1090 3974 nn

84 3985 189 4061 ingrecm
217 3991 371 4060 (ingressue
404 3990 446 4054 1³¹)
480 3992 530 4043 VE
582 3993 613 4042 17
632 3989 747 4044 scribtio
773 3990 846 4043 enim
880 3990 905 4042 l'
961 3993 994 4043 19
1012 4006 1059 4042 ere
1095 3991 1119 4041 It
1172 3989 1207 4043 ad

77 4075 160 4134 lorum
180 4079 205 4130 R
223 4078 258 4131 ad
277 4095 326 4131 ora
351 4078 398 4130 l'I’
448 4077 520 4131 libro
539 4095 593 4145 quo
612 4095 720 4130 omnem
745 4078 769 4129 l'
820 4079 853 4129 23
872 4093 983 4129 cursum
1004 4076 1053 4127 PT
1104 4079 1139 4129 24
1156 4092 1207 4129 nec

72 4183 147 4222 ane
165 4185 198 4218 m.
217 4165 238 4216 :t
256 4166 281 4218 lt
333 4166 368 4219 26
385 4165 456 4218 clius
480 4164 633 4218 uiuentium
662 4164 732 4217 alius
756 4164 828 4217 liber
852 4163 953 4215 I'PI'E
1003 4165 1038 4217 26
1056 4180 1107 4216 nec
1126 4182 1155 4216 eo:
1173 4180 1208 4214 ue

65 4282 94 4315 m,
115 4253 136 4306 2
160 4254 185 4305 l'
236 4269 299 4305 cum
318 4252 349 4304 P.
