2790 4844
381 283 562 334 tractatus
587 282 622 334 in
647 283 818 350 psalmum
843 283 877 336 11.
1162 286 1202 349 57

47 470 226 550 deperdita
250 470 385 534 ciuitatis
408 476 556 548 montem,
580 471 763 551 conploratae
787 471 906 537 seilicet
929 479 961 537 et
984 472 1148 539 homicidae
1172 483 1204 539 et

50 575 219 655 parricida
243 573 456 652 Hierusalem;
479 576 535 639 sed
559 575 755 641 Hierusalem
778 578 851 655 eius,
882 579 1005 660 quain
1036 578 1119 643 caelis
1148 586 1203 647 est.

51 699 124 761 quae
148 685 250 742 mater
274 684 321 742 est
343 683 456 754 nostra,
480 699 550 762 quae
573 681 681 744 ciuitas
711 681 796 764 regis
824 682 930 764 magni
960 689 1016 758 est,
1052 684 1146 758 ouius,
1170 690 1203 746 ut

53 784 208 856 existimo,
237 781 330 847 hodie
361 782 470 847 inoolae
500 791 572 847 sunt
601 785 631 848 in
663 786 806 864 passione
836 785 953 849 domini
990 794 1201 870 resurgentes.

50 888 104 950 dei
126 888 232 970 itaque
255 893 444 968 preceptum
469 886 520 952 hie
543 909 598 952 rer
620 890 803 953 constitutus
826 889 996 957 adnuntiat.
1031 897 1065 954 ut
1094 899 1202 955 uentu·
1242 919 1255 955 s

52 1011 124 1055 rnm
147 1011 219 1055 eum
242 1011 315 1055 oum
337 992 470 1056 nubibus
494 992 560 1056 caeli
584 994 810 1065 meminissent,
840 995 989 1058 aduersus
1023 1015 1116 1077 quem
1140 996 1202 1060 fre·

52 1103 179 1160 merent
201 1103 233 1159 et
255 1097 464 1172 conuenirent,
487 1104 521 1160 ut
543 1117 599 1176 per
622 1098 832 1180 cognitionem
850 1099 946 1162 diuini
962 1098 1114 1163 aduentus
1130 1119 1200 1163 eon·

53 1199 170 1263 turbati
193 1220 286 1280 super
300 1198 485 1264 contumelia
507 1201 615 1265 inlusa
639 1201 821 1266 humilitatis
838 1222 993 1282 eorporeae
1008 1204 1201 1283 poeniterent.

99 1302 150 1366 27.
174 1303 272 1368 'Ponet
305 1311 408 1367 autem
451 1306 592 1369 ordinem
627 1305 799 1386 prophetiae
837 1305 1017 1391 euangelias
1054 1307 1200 1371 doctrina.

55 1427 131 1470 narn
154 1408 185 1471 in
208 1428 243 1472 eo
267 1410 333 1488 ipso
357 1409 431 1473 dieti
454 1411 614 1493 utriusque
645 1412 722 1474 ratio
752 1412 934 1488 continetur,
969 1411 1059 1475 huius
1083 1410 1201 1476 scilieet
1228 1438 1252 1474 ιο

58 1512 149 1575 dieti:
173 1531 241 1595 ego
264 1520 397 1578 autem
421 1516 677 1579 constitutus
712 1535 794 1578 sum
829 1535 896 1579 rex
929 1516 974 1579 ab
1006 1537 1049 1580 eo
1079 1536 1200 1596 super

59 1613 152 1678 Sion
174 1626 346 1681 montem
370 1625 552 1682 sanctum
575 1620 1198 1700 eius,adnuntiansprmoeptum

62 1720 155 1782 eius.
199 1721 384 1785 dominus
408 1722 512 1786 dixit
534 1724 582 1786 ad
605 1743 678 1787 me:
703 1723 821 1787 silius
846 1743 955 1787 meus
979 1744 1020 1788 es
1045 1730 1091 1798 tu,
1126 1744 1198 1803 ego

67 1819 315 1908 hodiegenui
341 1833 394 1891 te:
412 1846 481 1890 eum
500 1828 656 1891 enimait:
681 1827 1041 1892 amodouidebitis
1065 1825 1198 1890 silium

68 1921 233 1994 hominis
267 1931 480 1995 sedentem
514 1952 531 1994 a
566 1932 724 1996 dextris
761 1932 942 2008 uirtutis,
980 1938 1197 2014 tempusque
1225 1956 1250 1992 ιο

72 2027 145 2092 titius
163 2031 303 2111 hominis,
333 2037 384 2118 qui
417 2042 449 2099 et
471 2033 611 2100 Christus
643 2043 674 2099 et
703 2038 753 2101 dei
783 2035 864 2099 filius
895 2042 951 2111 est,
975 2055 1123 2100 consessu
1147 2036 1198 2099 dei

77 2131 173 2214 dignus
193 2145 283 2215 esset
299 2141 450 2203 ostendit:
474 2146 515 2215 ut,
540 2141 612 2222 quia
634 2147 726 2205 antea
748 2141 797 2205 dei
820 2139 912 2217 filius,
937 2146 1001 2204 tum
1022 2159 1144 2223 quoqne
1168 2146 1199 2204 et

78 2231 192 2305 homnis
213 2242 294 2306 filins
318 2250 408 2310 esset.
431 2244 471 2318 id,
494 2245 576 2327 qnod
607 2254 668 2309 tum
695 2244 828 2308 hominis
857 2243 938 2308 filius
969 2252 1024 2319 est,
1056 2245 1095 2307 ad
1129 2263 1198 2323 per-

84 2334 175 2407 feetum
197 2347 244 2411 dei
268 2346 375 2415 filium.
399 2349 430 2412 id
454 2355 501 2413 est
522 2349 562 2412 ad
587 2349 802 2414 resumendam
827 2347 1109 2431 indulgendamque
1132 2367 1198 2411 cor·

87 2445 138 2517 ptri
171 2453 347 2516 aternitatis
392 2473 455 2516 suae
492 2452 623 2536 gloriam
668 2474 724 2533 per
761 2453 994 2516 resurrectionis
1031 2452 1198 2532 potentiam
1226 2475 1250 2509 20

88 2544 252 2626 speretur:
283 2576 379 2638 quarn
401 2556 572 2640 gloriama
603 2564 688 2637 patre
718 2576 882 2636 corporeus
900 2551 1099 2635 reposcebat.
1146 2555 1198 2636 qui

91 2649 152 2716 tuin
171 2657 196 2721 io
218 2660 318 2723 forma
342 2660 390 2725 dei
415 2668 489 2738 erat,
522 2661 653 2725 formam
686 2662 766 2724 serui
797 2668 966 2740 acceperat.
1012 2665 1042 2724 et
1064 2665 1199 2738 acceptae

91 2745 142 2817 hoio
158 2758 255 2827 tonna
279 2766 361 2828 semi
386 2764 514 2848 gloriam
532 2767 590 2831 dei.
615 2766 645 2829 in
669 2786 730 2848 qua
746 2765 868 2840 mansit,
884 2762 1063 2844 expostulat,
1077 2763 1198 2826 dicens:

92 2863 183 2929 pater,
217 2867 411 2932 clarifica
449 2889 507 2933 me
541 2871 643 2950 apud
678 2876 715 2933 te
752 2870 881 2950 ipsum
916 2889 960 2932 eo
993 2866 1199 2943 claritate,

92 2973 174 3035 ditm
195 2970 325 3044 habui,
356 2968 593 3056 prinsquam
617 2974 784 3037 mundus
809 2987 917 3037 esset
941 2974 1043 3053 apud
1066 2979 1112 3036 te.
1136 2990 1196 3034 non
1225 2991 1249 3028 as

95 3077 148 3129 nna
165 3078 276 3155 quant,
305 3095 366 3140 non
397 3076 496 3143 aliena
519 3078 687 3142 desiderat:
711 3098 779 3142 esse
802 3077 881 3157 talis,
906 3076 1005 3160 qualis
1021 3075 1130 3154 suerat,
1147 3098 1199 3157 po·

95 3165 158 3236 sidat
181 3186 210 3243 et
239 3187 383 3261 precetur
414 3182 446 3244 id
475 3202 517 3256 se,
549 3182 631 3265 quod
655 3190 821 3256 antestat,
856 3201 934 3258 esse,
964 3182 1050 3264 gigni
1083 3179 1200 3246 seilicet

124 3273 146 3327 u
159 3276 247 3336 usion.
266 3282 366 3353 xxvi,
385 3286 426 3339 or.
463 3289 497 3339 aa
516 3286 572 3340 ron.
591 3286 677 3353 xvir,
696 3288 721 3339 s.

10 3398 13 3437 ἶ
124 3395 255 3467 lptrditse
275 3404 329 3460 R'b
347 3414 505 3461 terrensee
558 3407 751 3461 2Hieruseles
771 3407 818 3460 sed
837 3407 995 3460 Hierusales
1020 3407 1044 3459 V
1094 3409 1199 3474 Bquae

95 3488 155 3569 udor
175 3499 265 3546 nostra
297 3495 320 3546 V
369 3496 465 3562 magni
492 3495 566 3564 ragis
594 3500 636 3548 est
660 3496 682 3546 V
733 3497 751 3546 4
777 3493 913 3562 hodieque
940 3513 952 3543 e
1005 3495 1022 3547 ὅ
1049 3494 1143 3561 itaque
1170 3512 1200 3545 ea

96 3567 172 3635 itaqu„
187 3582 254 3634 aa?
278 3582 302 3634 V
370 3582 416 3636 hie
434 3601 464 3635 es
481 3581 523 3635 his
542 3581 614 3634 Μ
638 3583 660 3634 Υ
730 3587 761 3634 ut
778 3600 835 3651 sup.
854 3583 899 3634 lin.
919 3598 935 3632 a
955 3600 986 3632 m.
1007 3581 1026 3632 ἑ)
1050 3581 1074 3631 Υ
1136 3597 1198 3633 eum

95 3664 204 3718 ueitumn
236 3668 260 3719 V
322 3661 346 3723 '6
364 3686 426 3722 cum
446 3669 515 3722 caeli
534 3669 654 3723 nubibus
674 3669 701 3720 Ε
761 3668 880 3721 frement
903 3669 928 3720 V
995 3666 1153 3735 9profetae
1178 3666 1202 3717 Υ

95 3749 235 3814 “madida
266 3756 315 3807 VH
370 3758 400 3809 ll
429 3760 521 3809 autam
548 3773 597 3808 om.
625 3775 637 3805 a
691 3756 723 3808 15
750 3755 839 3808 uirtus
867 3753 912 3807 dei
940 3775 958 3804 a
986 3754 1100 3806 uirtutis
1124 3753 1199 3805 deis

96 3822 118 3875 ¹5
135 3837 170 3898 ‘tui
192 3840 318 3896 Christus
346 3843 371 3894 R
450 3848 478 3895 et
505 3842 551 3895 dei
578 3841 651 3895 filius
679 3842 739 3903 (om.
768 3844 820 3904 est)
841 3843 884 3894 Ra
913 3847 941 3894 et
968 3842 1013 3893 dei
1031 3840 1105 3894 filius
1132 3845 1160 3892 et
1187 3860 1199 3889 e

96 3921 189 3978 Qun
205 3947 233 3980 er
249 3928 477 3982 consensuris?
501 3930 524 3981 V
576 3931 607 3980 17
626 3928 814 3997 dignandusa
867 3934 898 3981 ut
925 3929 990 3995 quia
1016 3946 1082 3979 corr.
1103 3927 1198 3978 Bened.

95 4005 117 4046 ⁰²
135 4010 170 4070 (1¹¹5
191 4013 222 4066 Ve
246 4021 275 4070 et
293 4018 341 4083 qui
356 4017 381 4068 R
441 4021 508 4069 tunc
526 4032 635 4083 qnoque
655 4016 678 4068 Υ
740 4018 771 4069 18
789 4019 862 4068 esset
880 4019 912 4067 ut
930 4014 957 4067 id
975 4033 987 4067 e
1006 4018 1078 4067 esset
1096 4019 1124 4066 et
1142 4012 1198 4066 ido

96 4077 255 4156 filiu'hominis
268 4104 294 4155 Ε
327 4105 362 4156 22
375 4103 448 4155 serui
458 4121 513 4172 sup.
524 4103 666 4155 linmml
682 4102 705 4154 Υ
744 4101 931 4169 aspostulatae
968 4099 1201 4168 atglorifioamr

95 4165 121 4218 ²⁵
136 4172 201 4237 b²bui
217 4191 376 4258 priusquam
394 4207 450 4258 sup.
469 4191 514 4242 lia.
532 4207 548 4241 a
568 4207 600 4242 m.
620 4189 639 4241 2
663 4189 687 4241 Υ
754 4190 788 4239 27
807 4193 835 4241 et
852 4190 945 4258 scripsi
962 4187 1010 4240 sed
1029 4189 1083 4240 cod.
1119 4203 1198 4254 praa·

95 4262 154 4310 catur
177 4268 217 4324 ta
263 4286 322 4346 poet
339 4280 404 4329 ante
420 4274 442 4327 3
459 4277 505 4329 lut.
523 4293 589 4329 erus.
600 4277 632 4328 R.
