2790 4844
360 288 540 358 tractatus
558 284 593 337 in
611 284 782 352 psalmum
800 283 897 337 LXVI.
1137 281 1199 345 269

83 461 111 525 in
136 474 216 538 corde
250 493 304 537 suo
338 479 504 538 contuens:
536 478 567 538 et
596 472 635 536 ob
666 473 698 538 id
729 472 842 557 dignus
877 472 984 537 eudiri.
1038 472 1069 535 in
1102 471 1199 537 uitam

85 567 152 635 enim
169 577 229 642 eius
253 577 359 641 anime
382 576 481 657 posits
504 582 552 642 est
582 576 740 659 pedesque
771 577 837 640 eius
867 596 927 640 non
959 577 1105 640 commoti
1129 581 1201 640 sunt

86 676 111 731 et
128 674 153 740 in
171 680 365 765 refrigerium
388 681 532 745 inductus
556 685 603 745 est
626 686 656 744 et
679 680 804 744 domum
835 679 883 744 dei
907 679 1046 745 introibit
1069 690 1108 755 ot,
1131 699 1199 762 quun

86 772 240 849 distinxerat
263 784 361 855 labiis.
391 789 462 848 note
485 783 653 865 persoluuit
683 785 750 864 deo,
783 782 911 849 honoris
945 790 977 848 et
999 782 1106 866 glories
1129 804 1200 849 con-

87 874 488 954 fessionesubnirusdicens:
513 887 759 953 benedictus
783 888 890 964 deus,
914 887 981 971 qui
1004 907 1079 952 nou
1102 908 1200 951 emo·
1241 915 1253 951 e

86 981 467 1073 uildeprcestionem
493 971 612 1056 rnesim
637 997 675 1057 et
697 991 1027 1057 misericordium
1051 1010 1201 1055 suarna

87 1102 136 1167 me,
154 1093 274 1160 leudem
298 1096 349 1160 dei
373 1101 506 1176 ooeptem
531 1097 563 1160 in
587 1096 711 1160 exordio
734 1095 846 1176 psalmi
877 1096 907 1159 in
938 1095 1000 1160 fine
1031 1093 1200 1165 confossus.

87 1191 122 1255 tui
139 1197 230 1282 glorie
252 1205 300 1265 est
322 1199 354 1263 in
376 1199 489 1264 saecula
511 1198 702 1265 saeculorum.
747 1219 848 1264 emen.

473 1327 659 1410 reiteres
686 1327 810 1433 rrius

244 1450 287 1515 ln
311 1451 438 1515 linem
460 1449 628 1534 hymnus
651 1450 834 1531 psalmus
858 1451 1020 1516 cantici.
1229 1477 1253 1513 so

113 1550 207 1618 Deus
241 1555 491 1619 miserentur
524 1555 641 1620 nobis
676 1560 714 1620 et
748 1555 1076 1620 benedicetnos:
1100 1552 1200 1618 inlu·

76 1655 360 1722 minetuultum
384 1678 494 1723 suum
518 1679 733 1739 supernos
757 1666 794 1723 et
817 1658 1201 1723 miserenturnobis

72 1760 241 1846 etreliqua.

108 1866 133 1928 1.
157 1865 296 1931 Pselmus
320 1866 423 1932 breuis
447 1874 494 1931 est
517 1871 548 1931 et
570 1866 750 1951 euangelica
784 1868 1000 1947 predicatione
1031 1867 1198 1932 absolutus.

65 1989 134 2033 narn
158 1977 188 2034 et
209 1971 246 2034 in
272 1969 395 2036 finem
420 1976 469 2036 est
491 1978 523 2035 et
553 1970 733 2050 psalmus
764 1971 916 2036 cantici
948 1981 1003 2048 est,
1034 1991 1089 2052 per
1118 1970 1200 2055 quod
1228 1995 1253 2034 n

61 2074 212 2138 consessio
247 2094 303 2155 per
336 2076 498 2140 scientiam
533 2077 742 2160 gerendorum
773 2082 805 2141 et
835 2096 890 2156 per
914 2077 1085 2141 doctrinam
1109 2075 1200 2155 profi-

59 2178 175 2242 cientia
209 2184 302 2262 geste
339 2186 508 2244 contuntur.
555 2186 585 2244 et
619 2181 805 2260 principium
840 2181 913 2255 eins,
943 2182 1025 2244 unde
1061 2180 1201 2260 oportuit,

57 2290 213 2362 sumptum
245 2291 302 2346 est.
347 2288 394 2347 est
417 2288 520 2346 nutem
543 2283 645 2347 omnis
675 2283 705 2347 in
730 2303 765 2347 co
789 2303 890 2347 sermo
913 2283 962 2348 uel
985 2282 1200 2364 prophetarum

56 2384 109 2451 uel
134 2384 351 2466 apostolorum,
386 2405 515 2468 quorum
544 2385 593 2450 elii
618 2393 781 2451 uenturum
805 2388 836 2451 in
859 2405 986 2467 corpore
1008 2387 1201 2469 unigenitum

55 2491 161 2561 deum,
201 2488 251 2553 elii
293 2488 416 2554 uenisse
458 2491 634 2564 docuemnt
671 2499 776 2555 sancto
815 2491 924 2571 spiritu
961 2490 1133 2554 inluminati
1172 2497 1202 2554 ot
1229 2515 1253 2551 io

55 2594 179 2658 honore
206 2592 314 2676 gloriae
348 2591 480 2657 caelestis
511 2593 632 2674 expleti.
678 2595 774 2659 oratio
803 2614 878 2678 ergo
909 2614 1014 2659 eorum
1038 2595 1068 2658 in
1093 2593 1202 2674 psalmi

53 2697 186 2762 exordio
208 2716 278 2763 esso
301 2698 457 2762 noscenda
480 2707 536 2763 est

102 2799 536 2866 incommonitum
569 2801 688 2866 nobis
723 2807 761 2865 et
794 2801 1017 2867 benedicet
1039 2821 1127 2866 nos:
1150 2801 1203 2865 in·

55 2904 236 2969 luminet
272 2903 429 2969 uultum
467 2924 578 2969 suum
616 2925 737 2986 super
775 2926 846 2970 uos
884 2912 922 2971 et
960 2907 1203 2971 miserentur·
1239 2977 1242 2983 y

107 3115 118 3164 l
141 3113 170 3163 in
188 3112 275 3165 uitam
288 3112 367 3165 PTE
374 3112 403 3165 in
413 3113 472 3166 uita
487 3114 536 3167 VR
546 3116 593 3167 sed
603 3115 637 3182 cf.
656 3133 726 3183 supr.
743 3113 845 3183 pion
865 3113 1043 3182 Pomm?
1095 3115 1204 3168 sonim

55 3201 113 3254 RV
138 3217 210 3268 supr.
238 3217 286 3251 scr.
315 3218 348 3254 m.
369 3201 383 3251 1
402 3200 429 3252 P
445 3218 492 3252 om.
519 3200 542 3251 V
591 3200 729 3269 pedesque
757 3202 834 3253 ItPT
858 3202 942 3270 pedes
969 3204 991 3255 l'
1041 3202 1204 3257 3intr0iuit

671 3291 695 3325 at

54 3343 79 3392 l.
101 3340 121 3390 1.
146 3337 195 3390 VR
245 3337 465 3391 4distincxernt
489 3339 514 3391 V
537 3339 676 3392 distinxer
712 3340 738 3392 P
787 3340 918 3394 5dicens
938 3342 990 3393 ΠΤ
1006 3340 1047 3394 ait
1064 3344 1091 3393 in
1109 3359 1161 3394 ros.
1185 3338 1207 3387 l'

55 3424 151 3479 mouit
166 3424 192 3474 V
239 3427 257 3478 8
275 3442 355 3478 amen
367 3444 416 3477 om.
432 3425 457 3477 V
507 3425 630 3494 Explicit
649 3426 770 3494 psalmus
783 3426 858 3480 LXV
871 3427 971 3496 incipit
982 3428 1104 3497 psalmus
1116 3427 1204 3481 LXVI

54 3512 183 3567 feliciter
206 3511 230 3564 V
244 3510 369 3580 Explicit
388 3513 509 3580 psalmus
529 3510 603 3566 LXV
621 3512 720 3581 incipit
741 3515 864 3581 psalmus
883 3514 971 3568 LXVI
989 3516 1015 3567 R
1036 3515 1112 3567 Finit
1129 3514 1203 3583 psal·

54 3615 122 3653 mus
140 3597 215 3651 LXV
242 3597 341 3666 incipit
367 3598 458 3666 psalm
484 3598 572 3652 LXVI
592 3600 617 3651 P
641 3600 722 3668 Expl.
750 3601 784 3654 do
809 3601 881 3654 LXV
907 3601 990 3670 incip.
1015 3602 1049 3655 de
1073 3600 1162 3654 LXVI
1181 3601 1205 3651 Τ

56 3690 92 3741 10
112 3685 142 3738 in
171 3683 254 3738 finem
281 3684 400 3754 hymnus
427 3713 461 3723 —
487 3686 651 3740 miserentur
678 3687 756 3740 nobis
787 3705 835 3739 ons.
868 3689 890 3739 V
951 3688 1073 3756 psalmus
1103 3687 1204 3740 cantici

54 3771 150 3828 Dauid
181 3772 208 3824 E
279 3775 310 3825 14
336 3778 365 3825 et
391 3772 572 3840 euuangelicn
599 3775 624 3826 li
651 3772 812 3841 euangelica
840 3775 865 3826 Τ
935 3776 968 3828 15
995 3774 1022 3826 in
1051 3772 1105 3827 line
1132 3774 1208 3826 VBP
1236 3768 1239 3772 “

55 3865 91 3916 16
112 3856 317 3927 proficientium
334 3858 357 3910 V
408 3861 440 3912 17
459 3864 487 3912 et
499 3859 665 3928 principium
685 3879 715 3912 ez
733 3861 854 3928 primurn
867 3866 894 3914 et
907 3861 1076 3929 principium
1095 3878 1127 3912 m.
1146 3861 1208 3912 :11⁷

53 3945 132 4001 unde
151 3946 212 3997 add.
224 3943 287 3997 m.2
305 3944 329 3998 V
380 3946 413 3998 18
431 3950 474 3998 cst
492 3950 585 3999 cutem
603 3946 663 4000 onis
682 3965 712 3999 cc
730 3950 771 3999 est
789 3952 881 4001 nutem
900 3965 938 4001 un
956 3948 1016 4000 duis
1034 3947 1169 3999 eornm]
1187 3947 1207 3999 V

52 4031 295 4087 sermoz-ffuel
313 4032 340 4083 P
356 4047 447 4084 sermo
465 4032 509 4085 uel
529 4050 559 4084 ex
577 4049 668 4085 sermo
685 4033 730 4086 uel
749 4032 795 4086 uel
814 4052 846 4086 m.
866 4033 885 4086 ⁶.)
910 4034 934 4086 V
986 4036 1017 4086 19
1034 4033 1080 4086 uel
1099 4038 1205 4101 sposto-

52 4174 151 4227 lorum
182 4186 300 4238 quorum
326 4188 382 4241 sup.
410 4171 454 4223 lio.
478 4189 495 4223 u
519 4189 552 4223 m.
576 4170 597 4224 2
619 4171 644 4224 V
693 4174 728 4226 20
745 4172 895 4226 illuminati
915 4173 967 4225 TE
1018 4179 1046 4226 et
1064 4130 1162 4225 h0n0r⁰
1181 4173 1207 4225 n

49 4263 84 4315 21
109 4260 138 4312 in
162 4254 263 4325 pselrni
282 4255 395 4309 exordio
413 4275 444 4309 a
461 4257 489 4309 in
507 4257 606 4326 psalmi
625 4258 654 4310 in
673 4259 786 4312 exordio
804 4277 869 4313 corr.
888 4278 921 4313 m.
942 4260 957 4310 1
982 4260 1010 4312 V.
