2790 4844
153 202 195 268 ‘76
492 202 610 256 sancti
636 202 772 256 Hilarii
797 203 960 272 episcopi

152 391 183 454 in
207 391 269 456 line
293 398 348 470 est,
372 391 454 475 quod
483 411 621 472 presens
645 398 767 473 tempus
791 392 925 469 excedit;
950 392 1022 474 quia
1045 392 1116 456 linis
1139 412 1177 457 ex
1199 393 1298 456 omni·

153 495 219 573 bus,
243 515 303 559 non
327 515 364 560 ex
386 495 448 561 fine
478 496 596 560 omnia:
629 496 773 561 desinunt
804 496 887 562 enim
917 497 947 559 iu
980 515 1016 560 ea
1046 503 1162 574 cuncta,
1197 503 1228 562 et
1251 505 1299 561 est

153 600 309 682 quoddam
344 601 388 664 rei
422 605 499 664 acta
534 600 661 665 dictmuc
695 608 903 680 postremum;
937 605 967 664 et
1000 600 1059 663 nisi
1084 601 1114 663 in
1146 619 1184 665 ea
1205 601 1297 665 totius

152 703 360 767 uniuersitatis
383 704 580 783 postremitas
611 705 677 780 erit,
707 724 768 768 non
792 705 850 768 erit
872 702 959 774 finis;
990 704 1062 786 qnia
1092 723 1220 769 necesse
1250 712 1297 768 θεῖ

112 838 124 872 a
153 825 211 869 non
237 826 305 872 esse
339 805 490 882 ultimum,
526 807 608 890 quod
642 807 721 871 ultra
744 828 777 872 se
799 806 915 872 babeat
948 805 1064 890 aliquid
1098 815 1298 888 postremum.

152 929 189 974 er
212 929 271 992 quo
294 909 548 992 intellegendum,
573 913 777 995 quotiensque
800 909 905 975 titulus
932 910 1028 975 habet
1050 911 1088 974 in
1119 911 1212 988 fine,
1236 932 1298 976 non

153 1014 315 1093 prasentia
348 1015 380 1078 in
414 1013 472 1088 his,
507 1016 563 1078 sed
597 1014 706 1079 ultima
735 1015 895 1079 contineri.
940 1013 1058 1079 occulta
1092 1022 1192 1079 antem
1217 1022 1298 1094 sunt,

151 1135 221 1199 quaa
244 1117 425 1182 abscondita
449 1125 478 1182 et
500 1117 628 1183 latentia
650 1125 729 1196 sunt,
752 1138 883 1202 quaque
906 1117 1071 1183 reconditis
1089 1124 1118 1183 θῖ
1134 1119 1298 1184 inaccessi-

152 1219 264 1286 bilibus
288 1228 319 1286 et
352 1221 640 1302 inperspieabilibus
670 1220 848 1287 occulantur
878 1223 1001 1306 sintque
1031 1222 1060 1286 ei
1091 1228 1221 1304 tantum,
1247 1224 1297 1307 qui

100 1355 137 1391 ιο,
155 1325 334 1402 condiderit,
350 1332 504 1405 conperta,
528 1332 579 1389 aut
600 1326 661 1390 nisi
684 1345 753 1390 curn
778 1326 931 1409 aliquibus
955 1326 1172 1410 cognoscenda
1195 1337 1300 1410 protu-

153 1426 232 1492 lerit.
279 1448 353 1512 ergo
387 1428 524 1512 psalmus
555 1429 733 1494 inscribitur
770 1430 809 1494 in
848 1429 974 1494 linem
1010 1450 1080 1514 pro
1110 1430 1299 1496 occultis.

153 1536 185 1596 et
207 1533 281 1614 quia
303 1551 339 1595 ex
362 1538 471 1596 natura
493 1552 604 1609 rerum,
618 1532 925 1617 quidintellegentim
941 1534 972 1597 in
996 1535 1171 1599 nominibus
1195 1535 1211 1598 f
1216 1535 1298 1600 inis

152 1634 490 1718 occultorumque
520 1637 567 1711 sit,
598 1637 749 1713 uidemus,
780 1657 831 1702 res
855 1639 948 1718 ipsas,
972 1658 1040 1721 quac
1064 1639 1093 1702 in
1119 1638 1181 1702 fine
1204 1645 1299 1722 atque

153 1736 280 1803 occultis
303 1740 374 1815 sint,
397 1741 540 1804 conuenit
563 1739 713 1820 explicari.

101 1874 125 1909 a
198 1844 224 1906 3.
248 1841 288 1907 Et
312 1844 350 1907 de
373 1842 423 1907 bis
447 1844 572 1927 quidem
602 1845 689 1909 testis
719 1852 766 1909 est
795 1844 884 1909 nobis
908 1844 1015 1909 beat-us
1038 1845 1193 1926 apostolus
1221 1846 1298 1910 Pau·

90 1928 96 1937 ⁶
151 1945 199 2010 lus
229 1946 271 2010 ita
306 1947 427 2012 dicens:
463 1955 579 2031 prout
612 1947 802 2032 legentes
837 1951 1014 2029 potestis
1045 1949 1297 2033 intellegere

152 2049 409 2115 intellectum
449 2071 574 2116 meum
613 2053 650 2116 in
693 2061 953 2116 sacramento
988 2051 1153 2130 Christi,
1192 2055 1298 2137 quod

152 2153 248 2218 aliis
286 2155 540 2235 temporibus
578 2175 651 2219 non
684 2164 745 2221 θεῖ
782 2158 990 2240 cognitum
1030 2156 1138 2221 siliis
1174 2156 1298 2223 homi-

152 2277 256 2335 num,
294 2260 401 2322 sicut
438 2279 540 2324 nunc
577 2258 802 2325 reuelatum
843 2267 912 2325 est.
959 2268 990 2326 et
1027 2281 1164 2325 rursum:
1198 2261 1298 2326 mihi

99 2391 125 2427 20
152 2363 314 2426 minimo
338 2363 512 2427 omnium
536 2370 768 2428 sanctorum
792 2363 873 2428 haec
897 2365 1031 2448 gratia
1055 2366 1149 2429 data
1171 2370 1236 2430 est
1258 2366 1298 2430 in

151 2466 359 2552 gentibus,
406 2466 697 2552 euangelinare
750 2467 1077 2552 inuestigabiles
1122 2469 1298 2535 diuitias

152 2568 309 2635 Christi
341 2577 378 2635 et
408 2569 665 2653 inluminare,
697 2572 858 2655 quaesit
887 2572 1135 2637 distributio
1166 2593 1297 2638 sacra·

151 2675 275 2740 menti
299 2675 517 2758 eius‚quod
540 2674 824 2739 absconditum
850 2683 911 2740 est
932 2696 950 2739 a
973 2676 1136 2741 sacculis
1159 2677 1198 2741 in
1223 2678 1297 2742 deo.

115 2824 118 2829 -
151 2778 209 2842 hoc
233 2785 281 2843 est
303 2778 398 2863 igitur
428 2778 589 2855 occultum,
625 2780 663 2844 de
698 2799 758 2862 quo
792 2787 822 2843 et
855 2780 997 2845 dominus
1031 2780 1089 2845 ait:
1125 2800 1202 2844 non
1235 2790 1299 2846 est
1331 2831 1340 2843 .

98 2910 123 2947 ιε
150 2883 400 2959 absconsum,
426 2883 530 2965 quod
553 2903 630 2947 non
653 2889 934 2966 cognoscatur.
953 2904 1081 2968 neque
1104 2891 1334 2964 opertum*

151 2987 255 3069 qnod
285 3006 360 3051 non
391 2986 660 3052 renelabitur.
707 2987 762 3053 sed
794 2986 930 3069 psalmus
965 2986 1127 3053 occulte
1149 2989 1340 3061 contincta

151 3109 212 3154 non
236 3089 395 3156 occultum.
439 3098 523 3157 recte
538 3091 597 3156 ita:
622 3112 695 3156 nom
719 3092 940 3174 consequentia
963 3091 1073 3157 docent
1087 3091 1176 3175 plura
1192 3091 1340 3165 fuisss

152 3213 212 3258 non
234 3214 339 3259 unum.
384 3199 432 3259 est
462 3195 544 3259 enim
575 3194 733 3274 occultum,
765 3196 856 3261 deum
887 3195 995 3261 salutis
1026 3195 1170 3261 bumana
1204 3215 1340 3272 coust

151 3318 210 3362 non
245 3299 277 3362 in
311 3297 425 3363 celesti
460 3298 558 3383 gloria
588 3305 619 3364 et
652 3298 789 3365 claritate
812 3300 944 3376 nominis
979 3300 1026 3364 sui
1060 3299 1206 3379 adfuisse,
1240 3319 1340 3376 εξ

196 3441 228 3491 16
246 3436 346 3504 Ephes.
365 3437 412 3501 III,
431 3440 455 3489 4.
495 3440 526 3491 19
544 3438 614 3491 Ibid.
634 3441 659 3505 8,
677 3440 703 3491 9.
739 3440 774 3491 24
790 3438 889 3492 Matth.
908 3439 942 3504 X,
960 3441 1003 3493 26.

193 3574 368 3646 2θῃ1ωεαρ.
388 3578 432 3629 lm.
452 3595 468 3628 α
487 3575 558 3630 m.2
581 3577 606 3631 V
655 3576 684 3629 in
703 3592 735 3630 ea
758 3577 832 3647 ch.
852 3577 926 3631 Neue
936 3578 1065 3631 Formenl.
1085 3576 1287 3646 L672ineo—
1314 3588 1340 3638 rb

151 3661 311 3716 bestexin
324 3668 445 3716 estcorr.
459 3662 567 3716 θείη]
616 3667 732 3732 captae
756 3664 792 3717 Vr
845 3664 988 3718 dictaenae
1007 3682 1037 3718 ec
1055 3663 1175 3733 dictaeq.
1190 3661 1280 3717 m?
1310 3669 1334 3722 1²

151 3754 179 3801 et
206 3767 235 3802 en
262 3754 290 3802 et
314 3769 347 3802 ru.
371 3747 391 3801 2
420 3749 444 3803 V
503 3751 519 3801 ὅ
544 3767 602 3803 θεεθ
626 3769 682 3820 sap.
702 3752 745 3804 b‘a.
765 3769 782 3803 a
801 3750 872 3803 aa?
901 3750 926 3804 V
982 3750 1202 3820 bquotiensquc
1224 3749 1259 3804 V
1281 3755 1315 3820 ιβ

151 3852 216 3904 qaae
233 3838 287 3888 dici
305 3837 386 3889 Accd.
400 3855 429 3906 p.
449 3835 488 3890 29
512 3837 738 3905 quotiescumque
757 3839 786 3890 rb
840 3836 937 3891 titulos
960 3837 1064 3892 habent
1081 3858 1096 3890 r
1149 3840 1166 3890 9
1183 3837 1306 3905 sintque

151 3920 177 3974 ei
200 3921 268 3976 Vin
286 3940 356 3990 qnae
374 3927 435 3977 etr
489 3927 522 3978 10
539 3923 707 3992 protulerint
732 3925 768 3977 Vr
822 3927 854 3979 ln
872 3924 998 3978 uidemus
1015 3926 1109 3994 scripsi
1126 3923 1257 3979 cedemus
1275 3920 1307 3978 7

151 4008 255 4062 aedcm’
280 4029 295 4063 r
318 4013 347 4064 et
370 4009 470 4063 deinde
495 4012 509 4062 b
533 4009 670 4064 edidimus
693 4013 757 4064 corsi.
776 4011 872 4064 Bened.
901 4013 928 4063 in
952 4013 1013 4064 adn.
1038 4012 1073 4079 cf.
1099 4011 1182 4065 Aaou.
1202 4029 1231 4081 p.
1252 4008 1303 4066 93

152 4096 184 4148 15
196 4096 336 4164 spostolus
348 4115 404 4167 sap.
418 4099 462 4150 lin.
476 4115 492 4149 c
505 4097 612 4151 m.2V
652 4097 753 4151 Paulus
767 4115 815 4150 om.
827 4099 857 4150 rb
904 4098 1101 4151 19releuatum
1117 4097 1143 4150 V
1183 4095 1318 4164 michir

150 4182 185 4234 24
202 4188 245 4236 θεῖ
263 4200 329 4252 ergo
347 4185 377 4238 rb
430 4185 464 4238 26
483 4184 614 4237 abcissum
637 4185 662 4237 V
706 4187 740 4238 29
759 4184 871 4238 caelesti
890 4202 920 4237 es
938 4184 1069 4238 caelestis
1086 4185 1154 4237 m.1
1178 4183 1207 4238 V.
