2790 4844
149 230 211 315 862
498 248 615 304 saneti
634 248 770 301 Hilarii
789 247 951 317 episcopi

149 462 233 506 oum
257 441 470 506 laetaretur
497 441 593 505 orbe
615 438 810 520 perfeeto.
856 442 958 502 oessnt
980 435 1085 520 itaque
1111 437 1296 518 ambiguitas

148 545 369 629 intellegentiae
392 552 422 610 et
444 544 515 609 noui
539 551 570 608 et
591 543 705 609 ueteris
727 542 911 607 ¹testamenti
944 542 1129 606 anctoritate
1152 541 1295 609 eonuieta

150 647 229 730 patri
251 647 351 715 filiam
385 654 455 713 ante
487 646 599 714 saeoula
629 651 808 712 manentem
831 646 862 710 in
888 645 1012 712 creandi
1037 645 1149 709 mundi
1174 645 1295 709 exordio

149 753 314 818 adstitisse.

110 882 123 921 s
193 859 221 922 5.
248 855 380 922 Causam
404 858 498 922 stiam
522 855 671 937 propheta
694 843 787 919 sliam
818 852 917 918 landis
940 854 1068 918 adieoit:
1106 855 1291 936 quoniam

149 961 236 1041 ipse
259 961 476 1039 mandauit,
511 969 550 1026 st
584 965 723 1025 ereata
746 964 854 1037 sunt;
877 959 964 1039 ipse
987 958 1101 1034 dixit
1125 965 1164 1022 et
1187 957 1293 1023 faeta

149 1070 258 1142 sunt;
275 1066 476 1131 etstatuit
497 1064 593 1130 eain
610 1062 799 1129 saeonlum
821 1069 858 1128 ot
881 1060 1125 1127 insaeoulum
1145 1061 1291 1126 saculi.

148 1175 276 1234 manent
298 1170 382 1234 enim
406 1189 443 1233 er
466 1168 562 1233 nihilo
586 1168 751 1233 substituta
773 1173 804 1231 et
825 1166 957 1250 gratiam
984 1186 1021 1230 ex
1045 1185 1091 1243 eo,
1116 1166 1200 1249 quod
1215 1173 1289 1247 snut,

149 1273 279 1338 creatori
313 1293 367 1337 sno
402 1273 520 1338 debent
552 1293 622 1337 oum
658 1291 751 1337 sensu
784 1271 856 1336 uita
886 1290 949 1335 suae
979 1270 1152 1334 bonitatem
1176 1271 1241 1334 eins
1263 1278 1290 1334 et

98 1400 122 1438 n
149 1377 295 1441 uirtutem
333 1377 504 1454 sentientia,
543 1397 599 1458 por
636 1395 731 1459 quem
769 1376 873 1441 ninere
907 1394 940 1440 se
974 1375 1089 1440 sentire
1128 1384 1288 1454 oeperunt.

63 1501 68 1521 ⁴
148 1482 256 1545 uiuunt
278 1487 382 1546 autem
407 1482 495 1558 adeo,
520 1487 552 1545 ut
574 1488 604 1546 et
627 1481 658 1544 in
678 1479 825 1546 saonlnm
841 1478 944 1544 saculi
960 1484 1110 1560 maneant
1133 1488 1163 1542 et
1186 1498 1286 1543 seeun-

149 1586 223 1649 dum
253 1585 427 1666 apostolum
461 1583 681 1650 reuelationem
715 1583 849 1648 filiorum
872 1583 922 1648 dai
945 1588 1109 1663 expeetent
1131 1603 1149 1646 a
1171 1602 1286 1662 corrup

150 1689 242 1754 tionis
276 1689 400 1754 seruitio
434 1689 464 1754 in
496 1689 686 1754 conformem
717 1707 823 1753 eornm
854 1686 984 1772 gloriam
1007 1685 1178 1751 liberanda
1221 1704 1284 1750 eon·

150 1794 298 1857 tuendum
330 1800 431 1858 autem
457 1799 511 1872 est,
536 1794 568 1857 in
592 1792 641 1858 bis
665 1793 820 1869 creaturis,
852 1811 921 1874 quae
951 1791 984 1854 in
1013 1790 1161 1856 saeoulum
1190 1788 1281 1854 sarculi

101 1918 125 1958 a
152 1903 223 1960 sunt
245 1903 367 1973 statuta,
391 1917 492 1980 neque
515 1896 622 1962 oaelnm
648 1896 715 1974 hoo,
739 1896 820 1980 quod
842 1893 1076 1960 firmamentum
1096 1903 1279 1974 nuncupatur,

149 2020 249 2083 neque
275 2006 396 2079 terram,
420 2020 488 2085 quae
512 2002 598 2066 arida
621 2000 706 2067 dieta
728 2006 784 2077 est,
805 2004 1026 2068 connumerata
1047 1998 1154 2075 fuisse,
1176 1998 1278 2080 quinat

149 2105 179 2168 in
203 2103 362 2184 prophetis
386 2105 503 2170 dietum
538 2105 593 2169 sit:
629 2125 724 2170 eoee
755 2124 828 2189 ego
859 2103 967 2168 taoio
990 2102 1128 2168 oaelum
1152 2118 1274 2164 nouom

149 2214 186 2273 et
230 2215 378 2272 terram
425 2228 567 2273 nonam
620 2215 650 2274 ot
695 2209 837 2301 dominns
883 2208 913 2272 in
961 2206 1123 2291 euangelio
1168 2203 1272 2269 dixerit:

149 2313 288 2378 eaelnm
326 2318 363 2379 st
401 2320 511 2379 terra
543 2314 831 2395 prateribunt;
872 2312 997 2377 uerba
1040 2320 1168 2377 antem
1206 2327 1272 2373 mss

151 2438 224 2481 non
258 2418 546 2498 prateribunt;
582 2420 622 2483 de
656 2419 767 2502 quibus
802 2437 861 2481 non
898 2415 988 2480 huius
1019 2415 1078 2480 looi
1109 2435 1205 2480 sermo
1227 2416 1270 2476 est.

149 2527 269 2585 tontum
300 2521 375 2587 illud
399 2523 438 2586 ad
462 2523 704 2587 admonitionem
739 2521 1042 2587 commemorandum
1067 2540 1085 2584 a
1107 2520 1192 2584 nobis
1220 2514 1269 2589 snit,

149 2645 208 2688 non
245 2625 438 2691 dissolubiles
473 2626 644 2691 orent-iones
668 2645 748 2690 nnnc
772 2627 809 2690 ad
835 2624 958 2690 laudem
982 2625 1031 2689 dei
1068 2624 1162 2688 fnisse
1183 2637 1268 2686 nume·

149 2736 238 2806 ratas,
261 2731 315 2794 sed
340 2750 402 2807 eas,
434 2751 503 2815 quaa
527 2731 556 2795 in
581 2731 761 2796 aternitatis
785 2736 857 2795 sunt
879 2729 1087 2806 substantiam
1110 2726 1265 2792 constituta.

149 2854 184 2898 ao
207 2854 247 2899 ne
273 2834 358 2911 forte,
383 2835 464 2918 quod
488 2835 518 2898 in
542 2841 692 2899 aeternnm
716 2840 885 2908 manerent,
919 2813 1059 2897 naturale
1082 2831 1142 2895 illis
1164 2848 1222 2896 esse
1240 2843 1265 2888 st

149 2938 330 3003 substantia
353 2958 416 3003 suae
440 2939 629 3005 beatitudine
652 2940 836 3014 eraderetur,
866 2936 1011 3002 subieeit:
1046 2942 1263 3017 praeoptem

149 3044 294 3122 posuit,
326 3049 363 3108 et
398 3063 470 3107 non
495 3042 737 3125 preteribit,
767 3050 801 3107 ut
825 3042 891 3119 bor,
915 3041 999 3125 qnod
1020 3048 1100 3118 sunt
1123 3039 1153 3105 id
1175 3037 1263 3114 estut

149 3153 295 3213 maneant
317 3148 348 3211 in
372 3153 529 3223 aternum,
566 3167 626 3212 non
660 3152 777 3211 natura
801 3166 863 3210 snae
898 3165 967 3210 esse
998 3144 1194 3228 intellegatm,
1223 3135 1262 3202 sed

147 3251 292 3331 praeepti
327 3252 392 3316 eius
426 3252 474 3327 sit,
510 3253 562 3335 qni
597 3258 707 3332 potens
741 3251 782 3315 sit
814 3251 907 3315 rebus
931 3269 966 3314 er
991 3248 1088 3313 nihilo
1119 3238 1262 3314 substitutis

149 3362 291 3419 naturam
313 3356 493 3421 aternitatis
517 3356 648 3423 adferre.
695 3375 754 3419 non
779 3355 871 3431 enirn,
895 3354 1002 3437 inquit,
1027 3350 1189 3434 preteribit
1205 3361 1261 3430 pro

149 3466 280 3539 septum,
304 3460 335 3523 id
359 3467 406 3525 est
429 3461 565 3524 mandati
590 3462 655 3526 sius
679 3480 739 3525 non
762 3459 820 3524 erit
849 3458 935 3523 finis:
971 3459 1044 3541 quia
1078 3458 1108 3521 in
1139 3463 1259 3520 aternum

148 3571 302 3640 maneant,
328 3564 439 3647 quibus
462 3567 665 3630 aeternitatem
689 3565 786 3629 uirtus
810 3562 989 3629 aternitatis
1012 3561 1146 3626 indulsit.

192 3689 224 3740 17
243 3686 317 3739 Esai.
336 3686 417 3754 LXV,
438 3690 478 3741 17.
516 3690 548 3742 19
567 3687 665 3741 Matth.
685 3687 783 3755 XXIV,
801 3689 849 3752 353
868 3685 953 3739 Maro.
972 3686 1046 3750 XIII,
1064 3686 1106 3738 31.

190 3792 261 3843 baio
279 3792 304 3844 n
322 3790 354 3854 of.
373 3811 444 3862 supr.
464 3792 593 3860 quoniam
612 3792 671 3860 ipse
689 3792 762 3846 dixit
780 3796 808 3845 et
826 3790 898 3844 laeta
917 3794 989 3856 sunt,
1015 3790 1074 3858 ipss
1101 3781 1226 3841 mandauit-
1239 3783 1259 3829 el

148 3883 240 3930 creata
250 3883 314 3930 sunt
326 3879 352 3930 E
403 3882 418 3932 ‘i
435 3881 472 3932 sio
481 3879 506 3931 R
522 3879 620 3933 statuit
636 3896 667 3931 ea
678 3879 706 3931 in
716 3877 856 3932 saeonlum
866 3877 969 3931 saeonli
981 3877 1009 3928 E
1060 3878 1146 3929 9onm
1155 3885 1222 3927 seusu
1230 3861 1258 3917 ill

147 3979 353 4018 oumsensume
405 3966 558 4019 bonitatem
570 3966 765 4019 assentanea
820 3967 853 4019 10
868 3963 1016 4018 sentientia
1026 3964 1121 4016 Bened.
1134 3951 1258 4015 sententis

148 4049 173 4100 R
185 4055 213 4102 et
226 4051 394 4105 scientiolae
450 4055 480 4106 16
498 4059 696 4107 connumerata
705 4054 745 4106 rtt
764 4057 999 4107 adnumeratama
1053 4050 1087 4103 23
1105 4039 1259 4102 substantiam

149 4137 187 4187 nt
206 4137 381 4192 substantiae
435 4142 468 4193 25
487 4141 655 4194 substantiae
674 4157 737 4195 suae
749 4140 787 4192 Re
806 4139 1004 4193 substantiaeb
1056 4139 1090 4190 nt
1108 4130 1259 4197 intellegatur

148 4224 173 4276 lt
191 4223 354 4292 intellegant
375 4227 402 4278 E
452 4228 487 4280 30
506 4227 571 4294 quin
591 4234 703 4281 aeterno
724 4228 755 4280 R.
888 4223 893 4233 ’
