2790 4844
343 245 525 294 tractatus
544 240 578 292 in
596 242 767 308 psalmum
787 240 959 295 CXXXVIII.
1157 242 1217 306 771

78 433 347 515 carticipatio
381 430 462 496 luci
498 431 543 494 ad
579 431 796 497 tenebras?
841 451 941 515 neque
965 431 1073 497 sedem
1096 433 1220 513 spiritus

78 536 191 604 Jhristi
216 537 280 602 adit
302 537 428 621 spiritus
452 537 569 613 mundi,
593 543 628 600 ut
650 535 798 616 scriptum
822 544 884 601 est:
916 555 986 600 uos
1017 537 1120 600 enim
1144 557 1220 601 non

78 642 269 724 tpiritum
293 641 412 706 huius
435 640 571 705 mundi
594 639 828 719 accepistis,
845 642 915 705 sed
939 640 1220 724 spiritumqui

78 749 190 812 adeo
224 754 293 812 est.
339 765 440 830 neque
475 745 526 829 qui
562 745 677 809 mundo
713 751 851 810 mortuus
885 750 941 820 est,
975 744 1051 809 uiuit
1084 745 1153 824 sibi,
1188 753 1221 810 ut

78 850 232 934 spostolus
256 854 360 916 docet:
397 850 489 914 uiuo
523 849 625 914 enim
659 848 736 913 iam
759 868 834 912 non
858 868 940 932 ego,
963 848 1067 914 uiuit
1090 858 1219 914 autem
1260 875 1272 911 a

78 975 113 1019 ln
138 975 197 1020 me
220 952 422 1020 Christus.
468 953 520 1038 qui
552 953 601 1017 die
631 951 767 1033 repletus
799 959 853 1030 est,
884 953 967 1018 diem
990 960 1110 1017 tanturn
1134 955 1163 1017 in
1187 974 1221 1019 se

78 1059 171 1124 nabet
194 1065 224 1124 et
247 1059 317 1123 ideo
352 1059 411 1124 ait:
447 1058 512 1123 die
542 1056 824 1138 replebuntur,
859 1066 897 1122 et
931 1077 1042 1122 nemo
1076 1058 1114 1121 iu
1150 1057 1221 1122 his.

78 1183 169 1228 nemo
192 1163 224 1227 in
247 1162 297 1228 his
320 1163 381 1228 erit
402 1170 515 1244 praeter
539 1163 631 1236 diem,
655 1181 715 1246 quo
739 1159 847 1242 repleti
871 1167 958 1225 sunt:
993 1182 1053 1227 non
1084 1161 1221 1243 pecuniae

78 1275 180 1343 astus,
214 1287 275 1331 non
309 1266 503 1347 uoluptatum
538 1265 686 1338 stimulus,
720 1285 781 1330 non
816 1266 993 1330 ambitionis
1028 1268 1129 1343 ardor,
1162 1287 1220 1330 non

78 1370 219 1438 >diorum
241 1370 429 1456 malignitas,
453 1390 514 1434 non
530 1369 655 1435 inuidiae
671 1369 803 1445 aculeus,
826 1390 887 1435 non
903 1370 1112 1436 conuiciorum
1128 1369 1220 1447 furor,
1250 1393 1274 1429 ro

78 1494 138 1541 non
163 1475 316 1555 superbia
340 1475 485 1552 amentia,
509 1494 569 1537 non
592 1481 696 1539 cetera
719 1494 788 1558 quae
809 1473 924 1538 diaboli
940 1483 1011 1538 sunt
1026 1493 1113 1538 arma
1130 1466 1221 1557 atque

78 1581 216 1658 rimatos,
240 1580 295 1644 sed
320 1580 370 1643 lux
392 1598 475 1657 uera,
492 1578 547 1645 sed
566 1578 633 1643 dies
649 1577 721 1657 sola,
738 1597 798 1662 qua
813 1577 922 1659 repleti
938 1586 1024 1654 sunt;
1048 1584 1220 1644 ceterarum

78 1703 202 1768 quoque
225 1683 288 1747 iam
311 1674 415 1748 rer'um
440 1681 540 1749 effecti
564 1688 636 1748 sunt
657 1683 830 1763 incapaces.
875 1688 906 1746 et
925 1682 1053 1766 dignum
1072 1681 1221 1763 plumbi,

78 1787 129 1872 gui
154 1786 220 1851 sola
242 1787 292 1852 die
315 1787 400 1868 pleni
423 1793 504 1864 sunt,
528 1787 739 1851 testimonium
763 1792 898 1850 sumunt.

119 1889 172 1955 38.
196 1890 340 1975 Sequitur
363 1892 463 1956 enim:
498 1890 599 1955 mihi
631 1897 762 1955 autem
793 1890 913 1955 nimis
945 1890 1220 1956 honorificati
1250 1913 1274 1948 ω

78 2001 175 2061 sunt
197 1995 315 2060 amici
339 1995 404 2065 tui,
428 1995 533 2072 deus,
558 1995 679 2059 nimis
703 1993 927 2060 confortati
958 2001 1051 2059 sunt
1073 1995 1221 2076 princi·

78 2107 196 2181 patus
220 2119 365 2164 eorum.
410 2098 678 2165 dinumerabo
709 2118 785 2185 eos,
809 2106 847 2164 et
877 2118 999 2178 super
1029 2097 1221 2164 harenam

78 2202 480 2284 multiplicabuntur.
526 2203 603 2286 quid
626 2222 698 2268 cum
722 2202 771 2267 his
795 2203 884 2269 dictis
908 2203 1027 2267 homini
1046 2222 1221 2279 commune,
1314 2195 1315 2198 '

78 2313 110 2371 nt
145 2327 208 2383 eos,
231 2308 283 2390 qui
320 2327 414 2390 super
447 2305 595 2372 harenam
630 2306 925 2387 multiplicabuntur,
949 2304 1148 2372 dinumeret?
1193 2308 1221 2371 ei

78 2417 198 2475 tanturn
220 2410 303 2477 istud
326 2412 469 2492 conpetit,
491 2412 540 2477 cui
563 2412 630 2476 eine
652 2411 833 2477 recensione
857 2421 886 2476 et
908 2409 1026 2476 calculo
1044 2411 1221 2476 innumera·
1249 2429 1275 2466 eo

78 2512 149 2579 bllis
173 2515 294 2579 numeri
317 2515 453 2598 cognitio
477 2524 532 2580 est.
578 2515 668 2580 amici
691 2523 793 2580 autem
817 2516 882 2580 eius
905 2515 999 2580 nimis
1029 2513 1220 2579 honorificati

78 2625 168 2695 sunt;
192 2619 314 2683 nirnis
337 2619 419 2703 quod
443 2618 563 2697 dicitur,
587 2639 646 2684 non
670 2622 842 2686 secundum
862 2617 1023 2684 latinitatis
1057 2625 1221 2684 consuetu-

78 2722 184 2787 dinem
210 2722 450 2806 intellegendum
475 2733 530 2788 est.
576 2724 696 2787 nimis
719 2723 802 2788 enim
818 2723 980 2788 nobiscum
1002 2724 1035 2788 id
1051 2723 1221 2807 significari

78 2825 169 2900 solet,
202 2828 284 2910 quod
312 2827 519 2891 necessarium
544 2828 670 2892 modum
693 2827 842 2892 inutiliter
872 2829 1010 2904 excedat,
1042 2828 1097 2893 sed
1120 2826 1221 2893 Graeci

78 2930 119 3007 id
143 2931 227 3014 quod
251 2930 347 2995 nostri
369 2931 490 2996 nimis
514 2931 744 3007 transtulerunt,
768 2930 897 3014 σφόδρα
919 2931 1112 3013 interpretati
1134 2938 1221 2996 sunt:
1250 2949 1276 2986 ⁹⁶
1337 2983 1342 3000 .

78 3035 109 3098 in
134 3053 195 3118 quo
227 3034 329 3119 magis
363 3034 482 3099 ualde
517 3054 611 3117 quam
645 3036 766 3100 nimis
800 3035 982 3100 continetur.
1026 3035 1116 3101 ualde
1146 3055 1222 3120 ergo

79 3137 274 3202 honorificati
298 3139 390 3203 amici
413 3139 480 3203 eius
504 3146 583 3204 sunt.
628 3146 660 3205 et
682 3140 815 3204 amicum
840 3139 965 3223 quidem
982 3138 1145 3204 Abraham
1166 3141 1223 3205 deo

79 3242 177 3307 fuisse
200 3243 425 3326 cognoscimus.
472 3244 604 3307 amicum
629 3250 658 3309 et
682 3243 811 3327 Moysen
848 3244 906 3308 deo
939 3243 987 3308 lex
1019 3263 1087 3309 esse
1122 3242 1223 3308 locuta

80 3355 137 3411 est.
184 3344 347 3429 euangelia
369 3366 443 3412 uero
468 3345 571 3428 plures
601 3348 663 3411 iam
700 3347 757 3412 deo
791 3348 909 3412 amicos
944 3367 1012 3413 esse
1045 3346 1224 3432 significant

121 3485 600 3554 mmamafflnm

123 3624 214 3678 lluci
235 3624 261 3676 G
278 3629 321 3677 est
340 3624 395 3678 luci
415 3625 470 3678 RE
519 3628 586 3679 dut
611 3627 745 3680 scribtum
764 3626 853 3680 estG
905 3626 1013 3680 4uiuit
1039 3626 1092 3681 sibi
1120 3631 1152 3680 ut
1172 3627 1224 3680 GR

78 3711 151 3765 uiuit
169 3711 242 3765 sicut
263 3711 366 3765 euiuit
384 3711 437 3766 sibi
457 3713 561 3766 sicutb
615 3713 731 3767 ddecet
752 3714 806 3766 GE
822 3713 923 3767 docens
942 3714 968 3767 R
1020 3713 1137 3767 'thabat
1155 3718 1183 3767 et
1197 3713 1223 3767 G

78 3797 290 3852 muesz-iet
317 3799 343 3852 R
398 3802 431 3854 10
449 3799 638 3854 conuiuiorum
668 3801 693 3852 G
720 3800 905 3854 conuitiorum
933 3800 959 3853 R
1013 3803 1043 3854 ll
1064 3799 1169 3854 diabuli
1198 3799 1224 3852 G

78 3885 261 3954 lssplenaeli
297 3887 329 3938 14
343 3887 432 3940 soIiG
466 3888 501 3940 22
514 3887 595 3940 nimis
609 3887 720 3955 quodG
728 3887 810 3941 nimis
823 3903 886 3940 cum
897 3888 951 3940 RE
982 3886 1223 3956 ddsigniiicariG

78 3969 236 4040 algnifioare
256 3972 311 4025 RE
326 3973 360 4041 cs.
379 3974 461 4026 Acod.
482 3993 510 4045 p.
531 3973 563 4026 17
617 3976 652 4028 24
674 3975 751 4043 greci
773 3975 931 4044 Ggraeoae
949 3976 974 4027 R
1026 3977 1060 4028 25
1085 3974 1178 4028 sfodra
1197 3975 1223 4027 G

78 4109 243 4189 (ΟΟΑΡΑ
272 4120 305 4186 R,
332 4138 380 4173 om.
408 4142 434 4188 a,
462 4122 550 4172 liare
604 4123 796 4191 interpraetati
824 4128 888 4176 sunt
915 4123 966 4175 GR
1017 4125 1053 4176 26
1079 4122 1108 4175 in
1136 4079 1171 4190 quo
1197 4123 1223 4175 G

78 4217 110 4270 28
120 4220 149 4269 et
159 4231 274 4284 moysen
286 4214 322 4268 dd
332 4215 378 4268 lex
387 4232 446 4269 esse
456 4216 549 4270 locuta
559 4221 600 4270 est
612 4216 674 4270 Get
687 4234 799 4285 moysen
812 4217 858 4270 lex
870 4234 929 4271 esse
941 4219 993 4272 deo
1006 4218 1116 4271 elocuta
1128 4223 1170 4270 est
1188 4217 1222 4271 lt.

1015 4321 1065 4376 49*
