2790 4844
354 283 536 332 tractatus
555 279 588 331 in
608 279 778 347 psalmum
798 277 929 331 CXXVII.
1150 277 1213 344 635

86 467 200 552 gitur
233 468 335 533 bano
367 470 573 533 adducore
604 468 650 532 ad
681 467 977 533 conuiuendum
1003 487 1153 533 mecum
1177 476 1215 534 et

78 581 228 637 imator
257 573 392 638 factus
423 592 505 636 sum
534 571 866 656 pulchritudinis
890 571 988 666 eius.¹
1030 570 1098 638 haeo
1120 572 1215 656 igitur

79 696 227 760 amquam
252 697 326 741 uror
349 677 513 758 adsumpta
535 676 686 757 sapientia
708 676 805 741 uirilis
829 683 884 752 est,
910 676 1080 760 perfinim
1107 677 1215 741 cronia

78 791 102 845 tt
125 781 184 845 sibi
208 781 343 846 subdens
367 781 449 845 etin
474 780 577 846 labore
608 779 726 846 utilium
749 800 878 864 opernm
901 779 1013 845 ualida.
1058 781 1127 864 ipsa
1156 781 1214 846 deo

78 883 184 950 >latita
207 892 237 948 et
259 905 315 964 per
337 884 507 950 doctrinam
532 884 598 949 eius
621 885 717 967 digna
740 893 769 949 et
792 885 1016 964 praeteritorum
1033 885 1162 950 scientia
1185 891 1215 949 et
1254 912 1266 948 a

78 989 244 1053 iuturorum
267 989 445 1072 cognitione
468 989 614 1069 perfecta.

117 1092 167 1156 10.
192 1092 268 1158 Huc
303 1093 439 1158 timentis
474 1095 566 1157 deum
600 1113 677 1158 uror
711 1092 781 1156 totis
819 1092 929 1157 domus
968 1112 1031 1157 suae
1069 1090 1214 1157 lateribus

78 1194 185 1262 diffusa
217 1195 356 1262 secundae
391 1197 462 1262 uitis
497 1198 586 1261 modo
609 1216 643 1260 se
666 1216 721 1276 per
750 1196 853 1260 omnia
883 1215 1010 1276 operum
1040 1202 1215 1261 nostrorum

78 1311 169 1366 atera
191 1301 337 1366 extendit.
384 1302 509 1364 domum
526 1311 626 1365 autem
644 1319 705 1364 non
722 1300 888 1384 ambigitur
903 1298 962 1366 hoo
976 1299 1087 1365 auimae
1103 1306 1215 1366 noctrae

78 1425 140 1471 esse
166 1404 362 1480 domicilium,
397 1405 478 1488 quod
512 1405 570 1469 sibi
605 1405 817 1488 unusquisque
851 1424 907 1485 per
936 1404 1078 1470 timorem
1112 1405 1161 1470 dei
1185 1411 1216 1469 et
1242 1429 1267 1466 a

78 1511 138 1574 rias
163 1511 228 1574 eiua
252 1510 385 1575 ineundo
408 1511 447 1574 ad
471 1508 692 1573 habitationem
717 1509 875 1592 sapientia
894 1508 1050 1574 emundat.
1095 1529 1134 1575 ex
1157 1508 1216 1575 huo

79 1613 168 1697 gitur
190 1612 246 1676 fitii
276 1613 329 1696 qui
360 1619 458 1688 erunt,
493 1621 650 1696 tamquam
685 1612 805 1677 nouella
840 1611 991 1678 oliuarum
1025 1613 1056 1677 in
1089 1612 1216 1678 circuitu

78 1737 190 1783 neusa
213 1726 327 1782 nostrae
351 1722 448 1781 erunt.
494 1737 554 1781 non
578 1716 608 1780 in
632 1716 764 1781 conuiuii
788 1716 915 1782 oirouitu
932 1716 1053 1782 suturas
1076 1717 1120 1781 ait
1136 1736 1215 1791 esse,

78 1823 127 1888 red
151 1841 305 1886 mensa.
351 1840 459 1886 mensa
483 1821 565 1885 onim
589 1821 705 1885 domini
729 1827 783 1897 est,
807 1841 844 1886 ex
860 1840 922 1905 qua
938 1821 1040 1886 cibum
1058 1821 1217 1898 sumimus,

78 1928 161 1991 ranis
194 1925 312 1990 scilicet
344 1924 415 2002 uiui,
449 1924 535 1990 ouius
570 1923 636 1989 bac
670 1924 767 1990 uirtus
798 1931 853 2007 est,
887 1931 920 1990 ut
942 1925 1139 2007 ipse'uiuens
1163 1944 1216 1990 eos
1244 1947 1269 1983 ιο

78 2049 204 2113 ¹ineque,
239 2029 292 2112 qui
325 2049 359 2094 se
394 2029 555 2112 accipiant,
585 2021 730 2094 uiuifioet.
776 2042 822 2093 est
853 2034 884 2093 et
913 2049 1022 2094 mensa
1052 2028 1217 2107 lectionum

78 2133 304 2208 dominicarum,
335 2133 366 2197 in
398 2152 458 2216 qua
490 2131 635 2212 spiritalis
667 2132 813 2198 doctrina
844 2133 913 2198 oibo
942 2131 1061 2207 alimur,
1092 2134 1147 2198 sed
1178 2133 1218 2197 do

78 2255 133 2319 qua
167 2238 198 2302 in
233 2236 352 2319 psalmo
387 2235 446 2301 aiio
484 2236 633 2317 scriptum
672 2242 733 2302 est:
779 2236 857 2301 fiat
902 2256 1039 2302 mensa
1084 2255 1217 2302 eorum

78 2359 205 2406 eoram
252 2341 355 2422 ipsis
400 2341 439 2404 in
485 2340 670 2424 laqueum
723 2347 762 2405 et
806 2341 844 2405 in
898 2342 1129 2421 captionem
1181 2345 1219 2405 et

79 2442 114 2509 in
142 2446 460 2511 retributionem
485 2451 522 2510 et
551 2445 589 2509 in
613 2443 870 2526 scandalum3
895 2445 947 2528 qni
972 2445 1142 2510 doctrinam
1166 2444 1215 2509 dei
1244 2465 1270 2501 a

84 2556 298 2627 consectantur,
336 2549 396 2614 nisi
434 2550 464 2614 in
503 2568 632 2628 operum
666 2549 813 2613 bonorum
844 2549 1014 2614 ministerio
1048 2556 1217 2626 uersentur,

85 2667 190 2719 mensae
227 2653 309 2719 iliius
347 2653 416 2718 cibo
454 2673 514 2717 non
552 2651 728 2732 proficient;
762 2653 792 2717 in
828 2653 1002 2733 captionem
1038 2653 1119 2717 eninr
1158 2651 1218 2716 iliis
1279 2716 1283 2725 ,

85 2762 110 2819 a
130 2757 307 2824 scandalum
338 2758 439 2822 omnis
469 2756 632 2822 inteileotae
661 2757 757 2839 ipsius
781 2757 949 2838 prophetia
976 2755 1065 2822 loctio
1088 2756 1218 2837 proficit.
1305 2784 1309 2793 ·

122 2883 153 2936 18
171 2882 212 2935 Po.
232 2880 355 2946 vaul,
374 2882 416 2933 23.

122 2984 357 3039 loonuiuendum
384 2985 410 3036 Τ
437 2984 604 3038 conuincam
628 2984 652 3036 V
677 2983 882 3037 ooauiuaudum
910 2983 962 3037 ΒΡ
988 2980 1047 3046 (sed
1070 2984 1097 3035 in
1117 2982 1142 3034 P
1158 3000 1174 3036 a
1192 2987 1219 3037 ia

78 3069 145 3135 '‘28.)
196 3074 292 3126 2cum
312 3072 337 3124 R
354 3090 426 3142 supr.
444 3089 493 3124 rer.
513 3071 603 3124 Pom.
622 3073 717 3124 lacuna
735 3072 781 3123 rei.
802 3071 826 3122 Τ
887 3069 954 3124 haec
973 3071 1060 3139 igitur
1078 3077 1218 3138 tamquam

78 3145 181 3210 RPTE
196 3165 338 3226 tamquam
363 3158 387 3211 V
445 3161 462 3213 3
490 3158 625 3227 rapientia
652 3157 743 3211 uirilis
762 3157 869 3210 RPTE
895 3157 1012 3226 sapietia
1039 3157 1106 3212 bueo
1133 3158 1219 3226 igitur

78 3233 205 3298 litiliois
254 3245 319 3297 tin
338 3244 497 3300 laboremR
551 3245 716 3298 itimentec
736 3244 761 3295 P
811 3243 997 3298 Bfoeonndae
1012 3244 1222 3298 TaaoundaeV

78 3333 101 3370 Β
126 3345 173 3396 per
195 3331 269 3384 VPT
286 3347 364 3399 semp
382 3332 408 3384 R
462 3333 495 3384 10
514 3335 542 3384 et
568 3331 628 3384 uiae
656 3330 715 3383 eius
738 3331 814 3383 VRP
838 3336 867 3384 et
893 3330 968 3384 uitae
995 3331 1037 3384 ina
1057 3332 1082 3383 T
1135 3334 1165 3384 ll
1186 3347 1221 3385 ex

78 3417 192 3470 aanor
241 3420 275 3471 12
294 3424 373 3471 erant
392 3418 418 3471 P
471 3420 503 3472 13
521 3416 643 3471 conuiuii
669 3417 788 3470 circuitu
810 3418 834 3468 G
841 3417 927 3470 VRPe
954 3418 1074 3473 circuitu
1098 3418 1220 3472 conuiuii

78 3485 120 3545 Tb
172 3506 202 3558 14
220 3521 442 3559 manaae.menea
471 3504 496 3556 G
504 3501 617 3557 V'RPI'
642 3520 737 3557 mensa
761 3501 795 3556 V¹
850 3506 883 3558 lo
901 3503 1026 3558 niutfioat
1055 3505 1081 3558 G
1133 3509 1175 3558 eet
1192 3509 1221 3558 et

80 3572 245 3646 GRPrsed
264 3596 353 3645 estet
377 3591 401 3644 V
452 3593 483 3645 17
503 3591 532 3644 in
551 3608 605 3658 qua
623 3609 653 3643 ex
671 3591 699 3643 in
719 3607 786 3658 quac
805 3591 831 3643 R
886 3590 933 3643 aed
952 3591 986 3643 dc
1005 3608 1060 3658 qua
1076 3593 1169 3663 scripsi
1186 3590 1220 3645 de

85 3676 189 3732 QG?
203 3679 251 3732 VR
260 3679 308 3733 aed
319 3678 366 3746 qui
375 3677 531 3732 doctrinam
542 3677 587 3731 dei
600 3682 796 3731 consectantur
815 3676 849 3731 de
866 3694 920 3745 qua
930 3677 980 3729 PT
980 3696 998 3727 α
1031 3679 1078 3733 ’20
1095 3678 1174 3730 uerbo
1192 3678 1221 3731 in

90 3762 233 3828 “lotionem
260 3765 334 3820 enim
359 3764 415 3818 illic
432 3793 467 3802 —
486 3763 605 3833 proficit,
634 3782 698 3834 cruce
725 3766 752 3816 ia
779 3765 851 3816 librar
879 3762 920 3829 (G
927 3764 1038 3830 VRPr)
1053 3776 1114 3835 port
1140 3766 1221 3819 retri-

92 3835 218 3906 tutionem
247 3858 276 3906 et
307 3853 336 3905 in
365 3851 526 3906 scandalum
556 3853 683 3920 loquatur,
714 3852 863 3920 transposui
888 3861 947 3922 poa
983 3867 1039 3904 non
1074 3850 1221 3920 proficiant

97 3926 174 3990 idm
226 3940 274 4007 qui
289 3937 445 3992 doctrinam
456 3938 501 3992 dei
511 3943 707 3992 consectantur
722 3938 815 4007 ammai
823 3936 870 3990 aad
880 3937 928 4005 qui
938 3937 1093 3991 doctrinam
1103 3938 1148 3992 dei
1158 3956 1222 3993 oon-

96 4028 217 4080 amantur
228 4027 443 4080 GRaaeu-nam
462 4018 492 4078 di
513 4030 689 4078 consectatur
707 4024 788 4077 Vonr.
808 4023 859 4077 PT
909 4025 945 4076 22
962 4022 1109 4092 proficient
1120 4026 1223 4078 GRVI'

93 4110 225 4178 proficiunt
249 4113 275 4167 V
324 4113 359 4166 23
377 4116 405 4165 et
432 4111 592 4165 scandalum
623 4111 701 4163 obl>
726 4116 754 4164 et
782 4111 810 4163 in
835 4109 1039 4164 scandalumT
1091 4112 1177 4180 ipsius
1198 4113 1225 4164 Ε

89 4195 145 4268 iptio
161 4199 238 4252 m
290 4200 360 4252 iocus
377 4208 443 4252 certe
461 4200 512 4250 iarn
532 4200 557 4250 ia
577 4199 702 4251 ueteribus
720 4198 792 4249 libris
810 4214 838 4251 co
857 4198 1027 4251 aberratione
1037 4216 1137 4266 qaaere,
1157 4201 1224 4268 quiid

85 4286 169 4340 totiena
187 4288 212 4339 ia
230 4287 410 4341 recentioribus
427 4286 546 4352 occurrit,
565 4286 640 4338 ualde
661 4287 804 4355 coia-optus.
