2790 4844
368 260 548 308 tractatus
573 256 607 307 iu
631 256 802 322 psalmum
822 254 913 307 CXLI.
1145 251 1207 318 801

62 449 117 511 dei
139 447 236 512 oratio
260 445 435 522 effunditur,
457 465 519 509 nou
544 445 646 509 uerbis
670 444 787 509 scilicet
802 446 840 508 de
856 443 971 527 lingua.
989 444 1208 522 excidentibus,
1259 496 1266 514 .

61 553 122 616 sed
147 553 185 615 de
208 551 360 631 profundo
384 556 415 613 et
437 550 559 614 interno
582 547 655 613 fidei
687 548 771 613 fonte
802 548 897 612 oratio
932 548 1087 629 precantis
1111 546 1210 612 offun-

62 655 165 732 ditur;
199 662 229 719 et
252 653 419 719 effunditur
442 654 473 716 in
497 658 664 733 conspectu
695 653 754 727 dei,
784 673 844 716 non
876 653 1083 736 neglegenter
1104 672 1207 735 neque

63 779 104 822 ex
127 759 301 836 securitate,
325 760 380 822 sed
405 767 563 840 tamquam
588 757 713 821 domino
736 763 904 836 praesente;
929 757 980 840 qui
1005 757 1088 822 enim
1104 762 1209 820 oratur

61 869 99 926 nt
132 862 283 942 exaudiat,
319 881 457 942 prasens
490 881 619 926 necesse
654 867 793 926 estesse
827 863 986 937 credatur;
1021 862 1073 944 qui
1104 867 1209 925 autem
1248 888 1261 924 a

61 987 203 1047 praseae
228 967 514 1042 existimaturum
538 965 676 1030 absentis
697 965 950 1043 dissimulatione,
974 968 1030 1030 sed
1046 965 1207 1045 praeseutis

61 1071 183 1135 honoro
216 1072 408 1136 reuerendus
441 1077 497 1135 est
544 1076 653 1152 quarto
692 1089 815 1152 quoque
851 1069 1081 1135 tribulationem
1119 1088 1206 1133 suam

62 1175 249 1255 pronuntiat.
294 1193 354 1239 nou
391 1174 554 1254 inpeditur,
589 1193 659 1238 cum
695 1173 864 1251 tribulatur,
903 1174 977 1257 quin
1011 1193 1136 1254 semper
1169 1174 1208 1238 ad

62 1281 160 1343 deum
193 1278 331 1342 omnium
366 1278 581 1360 angustiarum
615 1298 742 1342 suarum
775 1287 806 1343 et
839 1278 1018 1358 passionum
1050 1277 1208 1344 molestias

62 1382 188 1446 referat.
233 1402 335 1465 neque
359 1402 434 1446 saue
457 1380 541 1446 leues
565 1380 777 1446 tribulationes
801 1389 880 1459 sunt,
911 1402 988 1466 quas
1018 1388 1090 1446 ante
1113 1384 1207 1447 deum
1237 1407 1260 1443 ιο

63 1483 163 1550 effusa
185 1486 320 1550 oratione
343 1485 529 1565 pronuntiat,
553 1487 609 1550 sed
632 1486 664 1549 in
685 1506 729 1560 eo,
746 1505 816 1550 cum
841 1486 946 1551 deficit
962 1486 1000 1550 ab
1021 1505 1057 1551 eo
1081 1478 1207 1567 spiritus

62 1609 148 1654 suus.
194 1594 224 1652 at
246 1609 318 1653 uero
340 1609 398 1653 nos
432 1588 517 1653 leues
551 1596 671 1653 tantum
706 1591 924 1669 temptationes
959 1591 997 1654 ab
1029 1590 1208 1655 assiduitate

61 1693 209 1757 orationis
246 1693 410 1772 inpediunt
447 1700 477 1757 et
515 1691 831 1777 quantulamcumque
868 1695 898 1757 in
939 1694 1081 1759 secundis
1115 1696 1207 1759 modo

60 1797 156 1862 rebus
179 1796 275 1860 animi
297 1797 393 1862 nostri
429 1797 634 1862 constantiam
657 1818 676 1860 a
710 1796 879 1862 deuotionis
903 1797 1006 1862 officio
1027 1798 1208 1879 repentinus

61 1901 183 1984 exiguae
219 1899 409 1966 difficultatis
443 1907 546 1965 motus
580 1901 700 1965 auertit.
746 1908 777 1965 at
799 1921 872 1966 uero
896 1901 946 1967 bic
980 1923 1019 1967 ne
1043 1902 1207 1968 deficiente
1236 1926 1259 1961 1⁶

62 2004 191 2089 quidem
222 2005 331 2085 spiritu
362 2025 416 2069 suo
447 2013 548 2070 cessat
581 2012 611 2070 et
634 2004 862 2071 tribulationem
896 2026 985 2071 suam
1009 2007 1208 2090 pronuntiare

62 2117 94 2174 et
116 2109 288 2173 orationem
322 2107 481 2174 effundere
515 2116 546 2174 et
579 2130 655 2174 uoce
689 2129 777 2175 orare
801 2117 832 2175 et
854 2111 922 2190 ipsa
955 2109 1102 2190 spiritalis
1133 2110 1207 2175 fidoi

61 2233 140 2278 uoce
164 2212 307 2279 clamare.

106 2320 134 2382 3.
159 2318 213 2381 Tu
236 2317 474 2400 cognouisti
496 2319 666 2385 semitas
697 2338 814 2384 meas.
861 2319 898 2383 iu
930 2320 995 2383 ula
1026 2318 1107 2395 bac,
1131 2339 1205 2401 qua

60 2420 327 2498 ambulabam,
358 2422 665 2487 absconderunt
696 2422 864 2507 laqueos
896 2423 1001 2487 mihi.
1047 2422 1115 2487 haec
1139 2431 1201 2486 tom
1233 2443 1257 2482 20

58 2525 153 2606 illius,
179 2545 271 2608 quam
296 2524 386 2590 huius
412 2525 512 2589 Dauid
534 2525 631 2591 oratio
662 2546 731 2592 esse
761 2527 873 2607 poterit
903 2527 1088 2592 existimari:
1123 2528 1203 2610 quia,

58 2636 93 2694 ut
117 2629 260 2706 diximus,
293 2629 397 2694 omnia
431 2630 547 2693 domini
581 2630 664 2695 dicta
692 2637 784 2713 atque
818 2638 909 2714 geste
931 2639 962 2697 et
984 2632 1065 2696 serui
1088 2629 1151 2696 lide
1175 2637 1206 2695 et

57 2732 221 2814 prophetae
255 2732 466 2816 praefigurauit
498 2732 647 2814 exemplo.
700 2755 869 2818 numquam
908 2756 981 2801 uero
1014 2734 1204 2818 psalmorum

58 2836 232 2918 prophetia,
256 2838 461 2920 quotiensque
485 2858 522 2902 ex
545 2859 676 2919 persona
692 2841 807 2931 domini
826 2839 987 2921 profertur,
1010 2860 1070 2904 non
1087 2838 1204 2922 aliquid

58 2940 217 3022 peculiare
240 2941 305 3006 eius
328 2961 364 3006 ac
387 2943 553 3022 proprium,
588 2945 669 3025 quod
704 2943 756 3007 alii
787 2964 856 3009 cum
880 2965 916 3008 eo
939 2950 1104 3009 commune
1135 2961 1204 3008 esse
1231 2961 1256 2998 aa

59 3065 121 3109 non
158 3045 263 3125 possit,
298 3046 426 3110 adiecit:
460 3051 501 3117 ut.
525 3047 598 3129 quia
622 3047 720 3112 multa
741 3068 779 3112 ox
802 3069 933 3128 persona
963 3049 1028 3113 eius
1057 3047 1200 3124 hominis,

60 3169 156 3233 quem
168 3149 351 3239 adsumpsit,
364 3157 606 3214 commemorata
618 3152 758 3232 personis
774 3151 938 3216 hominum
954 3158 1059 3217 essent
1071 3150 1202 3215 naturis·

60 3273 121 3337 que
144 3252 328 3330 communia,
351 3252 463 3334 psalmi
486 3255 587 3334 potius
611 3256 650 3320 de
673 3275 708 3322 eo
731 3255 894 3336 prophetia
917 3276 961 3333 ea,
986 3276 1055 3338 quae
1078 3254 1201 3337 proprie

59 3378 97 3422 ex
120 3376 253 3437 persona
275 3357 341 3422 eius
364 3357 548 3435 dicerentur,
572 3361 764 3438 ostenderet3
788 3366 823 3425 ut
844 3358 919 3424 illud
943 3380 1041 3424 nunc:
1076 3358 1202 3424 cousi·

60 3461 251 3527 derabam
285 3463 332 3525 ad
368 3464 578 3527 dexteram
613 3470 650 3528 et
684 3464 881 3531 uidebam.
905 3463 1096 3547 quianon
1127 3470 1198 3539 est,
1227 3481 1253 3517 ³⁰

61 3565 126 3648 qui
151 3574 374 3650 cognoscat
396 3587 463 3631 mo.
501 3568 609 3650 perit
633 3567 729 3650 suga
751 3589 769 3632 a
793 3589 865 3633 me:
891 3575 928 3632 et
952 3588 1026 3632 non
1049 3568 1201 3650 estqui

61 3669 247 3752 requirat
280 3669 451 3734 animaru
477 3692 610 3735 meam.
658 3670 758 3736 Dauid
783 3673 873 3747 euim,
890 3670 961 3737 licet
984 3671 1115 3755 fugeret,
1139 3691 1200 3736 uon

105 3864 122 3915 2
141 3845 250 3942 ercutio
267 3863 459 3930 praecantisR
512 3866 712 3919 beredeturll
766 3867 798 3918 17
817 3865 841 3918 dt
859 3863 1105 3932 ipsaispiritalis
1123 3861 1199 3929 (erac

59 3964 82 4031 a)
98 3967 125 4020 R
177 3967 213 4019 20
231 3966 360 4034 laqueum
377 3967 405 4019 E
455 3970 489 4020 22
506 3973 538 4036 ut
556 3987 603 4022 om.
624 3969 663 4023 G?
715 3971 749 4021 24
767 3969 913 4037 quotieusq
933 3970 957 4021 R
974 3968 1200 4036 quotiescumque

60 4054 87 4105 E
102 4053 139 4122 cf.
159 4055 240 4106 ,leod
256 4071 284 4122 p.
299 4051 338 4106 29
390 4056 424 4107 25
442 4070 475 4107 ce
493 4074 523 4107 ea
540 4056 592 4108 hae
607 4057 633 4109 R
686 4073 845 4110 communes
863 4057 958 4110 esselt
1010 4057 1044 4108 27
1062 4055 1200 4123 passionis

58 4140 203 4193 hominum
221 4137 255 4205 (l)
272 4139 298 4192 G
349 4142 384 4194 28
402 4140 574 4210 prophetiam
588 4144 660 4195 call
714 4144 840 4212 propriae
856 4145 881 4195 R
934 4145 969 4196 29
986 4142 1202 4196 ostenderentll

57 4230 89 4282 31
111 4227 187 4296 perit
207 4225 284 4296 Ges.
304 4226 525 4281 NeaeForrnenl.
544 4227 675 4297 11,523,·
702 4232 815 4298 Georpca
841 4231 934 4299 Wortf.
959 4228 1017 4282 508
1037 4228 1122 4297 periit
1141 4230 1199 4282 RE.

109 4347 184 4388 1111.
198 4345 272 4388 nou.
285 4347 342 4388 crea
356 4358 407 4397 pm
422 4349 441 4388 1.
1012 4335 1043 4387 51
