2790 4844
151 215 214 281 408
491 214 608 268 sancti
632 213 766 267 Hilarii
790 215 953 283 episcopi

153 427 228 492 ergo
251 427 321 473 cnm
347 407 378 470 in
401 405 450 470 dei
476 403 651 471 testimonia
673 403 814 469 inclinari
838 424 1003 470 corsuum
1026 411 1057 470 et
1079 424 1140 469 non
1164 405 1198 469 in
1215 404 1300 471 utili·

40 515 43 520 ’
152 516 250 577 tatem
274 509 426 594 propheta
449 516 523 586 orat,
547 509 726 573 inclinatum
758 509 788 573 in
820 510 869 574 dei
899 510 1075 574 testimonia
1106 529 1159 575 oor
1180 509 1224 574 ab
1249 509 1300 575 his

152 616 222 681 sine
246 614 338 680 dubio
361 614 467 694 refert,
503 633 571 696 quae
594 612 729 677 hnmano
752 613 863 678 iudicio
887 613 1101 678 existimantur
1122 613 1221 680 utilia.
1269 623 1299 680 at

154 720 278 802 quidem
309 717 530 802 intellegentis
560 724 671 782 nostres
702 737 828 782 sensum
858 737 973 794 uerene,
1004 719 1056 801 qui
1086 719 1298 803 consequitur.

152 822 321 888 confirmat.

196 927 247 991 14.
273 927 438 991 Aitenim:
462 934 603 991 auerte
627 925 765 990 oculos
789 946 904 1000 meos,
927 928 1162 992 renideant
1185 928 1298 993 uani·

152 1037 285 1107 tatem,
310 1032 348 1096 in
379 1031 443 1094 nia
474 1037 538 1095 tua
561 1030 734 1095 uiuifica
757 1050 822 1112 me,
846 1031 1013 1097 uanitatem
1038 1051 1146 1097 eorum
1169 1034 1301 1101 docens

152 1156 221 1219 quea
255 1136 294 1201 sb
328 1134 507 1200 hominibus
542 1134 757 1199 existimantur
791 1135 882 1199 utilia.
928 1142 960 1207 et
996 1137 1200 1221 quaerendum
1243 1144 1301 1210 est

154 1260 230 1324 quos
253 1238 354 1305 oculos
378 1245 409 1304 et
431 1259 449 1302 a
472 1259 532 1323 qus
555 1240 690 1303 uanitate
713 1248 779 1304 oret
801 1241 906 1305 auerti.
952 1248 1019 1305 orat
1032 1246 1135 1305 autem
1152 1249 1185 1305 et
1200 1241 1300 1306 animi

153 1351 183 1409 et
207 1344 342 1424 eorporis
378 1342 489 1419 oculeo,
525 1363 577 1408 eos
601 1341 725 1418 scilicet,
759 1344 811 1426 qui
846 1342 1046 1409 theatralibus
1077 1343 1156 1410 ludis
1181 1346 1300 1426 captiui

152 1449 307 1526 incubant,
338 1468 400 1525 soe,
432 1448 484 1531 qni
515 1447 701 1512 circensium
731 1447 952 1512 certaminibus
975 1448 1121 1527 seruiunt,
1155 1469 1220 1527 eos,
1244 1451 1300 1532 qui

152 1555 283 1618 uestium
307 1552 405 1632 pretia
428 1552 585 1629 mirantur,
609 1571 669 1629 eos,
694 1571 770 1634 quos
793 1552 858 1615 auri
875 1550 1020 1633 splendor
1042 1559 1074 1618 et
1095 1571 1297 1636 gemmarum

152 1659 287 1722 uarietas
308 1657 475 1736 occupauit.
521 1656 579 1720 nisi
602 1655 682 1721 forte
705 1676 766 1720 non
790 1657 891 1740 magis
914 1677 1062 1740 equorum
1085 1677 1176 1722 eursu
1197 1670 1298 1724 astro-

153 1781 222 1827 rum
245 1781 352 1825 cursus
376 1767 425 1825 est
446 1761 572 1845 gratior,
596 1767 626 1825 et
648 1761 790 1826 obscenis
814 1760 874 1825 illis
897 1760 1141 1841 spectaculorum
1157 1763 1296 1843 turpium

112 1887 124 1921 ⁵
153 1865 265 1930 sabulis
289 1884 349 1929 non
373 1865 522 1929 nmoenius
546 1865 649 1929 diuina
672 1864 725 1929 ille
740 1863 884 1929 humanae
899 1866 966 1945 spei
982 1864 1102 1948 eloquia
1118 1875 1295 1941 cantarent;

153 1970 212 2034 nisi
237 1968 314 2034 forte
338 1967 409 2033 hnic
433 1974 626 2033 terrenorum
651 1968 846 2034 metallorum
869 1990 924 2034 usn
954 1990 1015 2034 non
1038 1970 1141 2054 magis
1171 1971 1290 2035 aeterni·

153 2074 224 2138 tatis
258 2073 401 2153 repositae
436 2073 558 2150 diuitiae,
595 2072 694 2138 honor
716 2084 747 2138 et
769 2072 866 2157 gloria
899 2072 1069 2154 prefertur,
1099 2081 1130 2139 et
1154 2073 1290 2139 blandior

151 2176 229 2242 mibi
254 2179 312 2242 erit
333 2178 398 2242 auri
421 2178 541 2257 species
564 2197 656 2260 quarn
681 2176 817 2242 hominis
841 2185 873 2242 et
894 2183 984 2242 terrae
1008 2189 1039 2242 et
1061 2175 1141 2243 lucis
1168 2190 1199 2243 et
1218 2176 1283 2242 celi.

152 2282 191 2346 ab
215 2301 320 2346 eorum
345 2282 440 2365 igitur
462 2281 648 2346 uanitatibus
678 2283 773 2347 auerti
803 2280 906 2346 oculos
936 2290 968 2346 et
998 2280 1055 2346 hos
1085 2284 1223 2363 eorporis
1242 2279 1280 2344 sui

153 2393 183 2451 ot
206 2386 275 2451 illos
299 2386 409 2450 unimae
426 2386 625 2465 deprecatur:
649 2387 689 2450 de
705 2386 815 2468 quibus
831 2385 995 2451 obcaeeatis
1012 2385 1121 2451 beatus
1136 2383 1277 2470 apostolus

151 2492 336 2563 debetcum
354 2490 411 2554 eit:
436 2490 473 2552 in
497 2490 679 2555 uanitate
702 2509 846 2554 sensns
870 2510 1004 2555 eorum
1026 2486 1279 2555 intenebrati.

150 2594 325 2658 alienati
349 2615 366 2657 a
389 2594 473 2658 uite
496 2594 566 2658 dei.

198 2698 510 2762 lustramentum
546 2697 700 2762 oculorum
723 2718 739 2760 a
764 2698 898 2762 uanitate
932 2702 1015 2781 quod
1048 2699 1208 2780 premium
1237 2691 1285 2763 sit,

151 2821 211 2865 non
236 2801 328 2886 longe
352 2801 570 2884 requirendum
596 2809 652 2866 est.
698 2802 836 2885 sequitur
867 2802 964 2866 enim:
996 2811 1034 2868 et
1064 2804 1102 2868 in
1133 2803 1194 2868 uia
1223 2808 1287 2862 tua

152 2906 293 2970 ninam.
339 2904 515 2970 declinandi
546 2906 626 2970 enim
659 2926 676 2969 a
706 2906 841 2971 uanitate
871 2915 942 2971 sunt
971 2906 1059 2983 oculi,
1094 2916 1125 2972 ut
1149 2906 1235 2971 nobis
1258 2897 1288 2958 in

193 3030 224 3080 ar
247 3027 346 3096 Ephes.
368 3027 411 3090 rr,
432 3030 473 3082 rs.

194 3114 461 3169 linolinari—dei
479 3114 638 3167 testimonia
656 3133 703 3167 om.
720 3115 743 3166 1¹⁷
793 3114 928 3168 inclinare
948 3118 971 3167 (¹
1020 3117 1154 3169 ‘eorctl'
1200 3108 1287 3178 Mu}

149 3275 179 3310 ex
197 3256 244 3323 qui
263 3256 289 3308 R
342 3204 481 3307 b'uideari
504 3254 525 3305 1⁷
576 3256 639 3307 'tet
666 3253 694 3305 in
721 3253 768 3305 uia
795 3258 843 3306 tua
863 3253 930 3322 UpE
981 3255 1098 3320 tiquam
1126 3246 1287 3316 exactum

148 3362 181 3395 m.
210 3343 229 3395 2
253 3342 277 3395 V
328 3341 480 3393 uanitatem
505 3341 529 3390 l'
579 3345 640 3393 oret
667 3359 697 3392 en
723 3345 784 3393 orat
813 3340 837 3392 ζ’
860 3344 952 3392 oraret
977 3357 995 3408 p
1055 3340 1089 3393 12
1107 3339 1209 3409 praelia
1233 3314 1286 3383 VB

150 3432 183 3483 13
201 3435 319 3496 occupat
334 3429 384 3497 pE
434 3443 517 3480 cursu
544 3445 574 3479 er
600 3443 696 3480 cursus
724 3445 755 3479 m.
775 3425 795 3478 2
817 3426 844 3479 V
858 3431 940 3480 cursil
959 3426 984 3478 R
1037 3433 1176 3481 astrorum
1192 3417 1287 3479 our⁸¹¹⁸

148 3514 322 3569 oddar-W
373 3517 405 3567 14
423 3518 466 3566 eat
485 3513 573 3566 orrr.V
623 3520 651 3566 et
669 3514 758 3566 onaV
807 3512 1051 3581 expectaculorum
1069 3513 1095 3566 R
1150 3514 1181 3567 16
1197 3500 1292 3579 ερεόθ,

147 3603 257 3670 eloquia
286 3604 309 3653 l'
358 3594 482 3654 cantant
504 3619 523 3668 p
547 3604 697 3654 cantantur
718 3601 743 3651 Ir'
801 3602 833 3654 16
851 3616 904 3653 usu
936 3599 1009 3652 VRU
1032 3599 1066 3663 cf.
1093 3600 1225 3652 Buca-tucior
1243 3602 1286 3631 s

156 3690 315 3743 Windckilde
343 3689 413 3741 Deci.
438 3710 465 3758 p.
495 3689 548 3740 lm
575 3687 636 3740 usui
653 3688 702 3756 pE
755 3688 786 3739 17
804 3686 920 3739 diuitiae
944 3703 992 3739 om.
1018 3685 1069 3738 Rc*
1119 3682 1285 3755 praeferetur?

153 3828 246 3898 Vl'plr'
293 3833 321 3879 et
340 3784 476 3914 ablanqtm
495 3824 554 3892 (ndi
573 3828 598 3879 iu
617 3826 681 3887 ros.)
701 3825 726 3877 R
781 3826 813 3877 18
831 3823 956 3876 homines
976 3824 999 3876 C
1050 3826 1083 3878 19
1102 3824 1228 3878 uanitatis
1246 3814 1280 3877 1⁴

147 3933 182 3984 20
200 3938 228 3985 et
255 3931 362 3985 animae
393 3932 456 3985 illos
486 3932 508 3983 (Ὗ
567 3931 747 3999 depraecetur
779 3928 828 3981 l'R
887 3929 919 3981 21
939 3926 1039 3981 doceat
1067 3929 1091 3982 (ζ’
1141 3931 1176 3983 23
1193 3929 1279 3986 aduer-

149 4035 240 4070 sorum
262 4019 286 4069 R
338 4019 462 4072 uanitate
489 4017 548 4084 (orn.
567 4020 593 4079 a)
613 4019 638 4070 R
691 4014 972 4084 quodzpraemium
1000 4014 1081 4077 (cros.
1108 4034 1163 4068 unu
1188 4018 1282 4082 111th

150 4105 223 4172 quod
242 4105 362 4173 primum
381 4105 506 4173 praemiii
530 4105 555 4157 V
603 4106 639 4157 24
657 4103 679 4155 si
698 4104 779 4171 longe
799 4099 857 4168 (orn.
878 4109 944 4163 non)
959 4122 980 4172 p
998 4102 1083 4171 longe
1102 4121 1115 4156 e
1169 4105 1286 4172 requitur

147 4184 195 4244 eni
213 4210 283 4260 capr.
302 4210 351 4244 so:
371 4192 397 4244 R
449 4191 524 4245 etin
543 4191 587 4244 uie
606 4196 652 4244 tue
672 4189 783 4243 uiuitics
802 4207 845 4242 mc
866 4191 917 4258 Cpr
969 4189 1245 4247 &benimoddM
1261 4195 1287 4249 l'.
