2790 4844
160 232 221 296 768
507 231 624 283 sancti
642 229 776 283 Hilarii
794 231 957 298 episcopi

158 423 204 487 sal
237 430 335 495 berrae,
369 421 474 486 lumen
509 421 618 485 mundi
652 426 683 485 θῖ
716 419 872 486 lucernam
904 423 1016 487 domus
1051 425 1085 487 in
1123 426 1278 491 candelabra

158 529 197 592 ob
222 527 351 611 egregia
374 534 404 590 et
426 523 645 605 conspicabilia
667 563 707 571 —
731 526 769 588 ad
801 527 1029 605 cooperationis
1064 529 1239 611 exemplum
1257 567 1279 576 -

157 632 232 696 fidei
255 652 317 696 sure
342 650 435 710 opera
464 635 683 708 nuncupasset,
716 649 840 694 rursum
863 650 977 695 uocans
1002 652 1059 696 eos
1085 654 1105 696 a
1130 636 1280 699 terrenist

158 734 407 816 corruptibilibus
430 733 584 798 thesauris
607 742 637 798 θῖ
659 753 677 797 a
700 733 802 799 saeculi
826 733 920 799 lucris
944 756 1015 800 csse
1041 737 1152 802 oculos
1174 738 1280 820 carpum

119 840 233 904 adimit
256 840 313 902 ita:
349 837 516 903 lucerua
550 838 738 918 corporis
769 839 825 902 tui
858 845 919 903 est
953 839 1105 906 oculus
1129 848 1228 907 tuus.
1261 843 1280 906 si

157 943 298 1008 oculus
322 951 414 1006 tuus
437 940 707 1024 simplexesl,
743 949 867 1012 totum
902 963 1055 1024 corpus
1088 951 1198 1010 tuum
1227 946 1280 1010 erit

158 1047 353 1111 lucidum:
378 1046 410 1109 si
434 1052 568 1110 autem
592 1045 733 1110 oculus
758 1053 850 1110 tuus
874 1066 1048 1129 nequam
1082 1056 1156 1127 θεῖ
1181 1061 1280 1114 rotun

157 1171 302 1231 corpus
326 1159 433 1214 trrurm
457 1151 719 1214 tenebrosum
744 1151 831 1214 erit.
855 1151 888 1215 si
913 1170 1010 1234 erge
1033 1150 1186 1221 lumen.
1202 1154 1280 1236 quot

156 1257 194 1319 in
219 1262 255 1319 ῖθ
279 1254 542 1331 esttenebrae
565 1262 665 1327 sunt,
688 1255 786 1334 ipsae
811 1255 1280 1339 tenobraequautaesuutl

107 1385 129 1420 ιο
156 1366 242 1423 extra
264 1358 455 1439 corporalem
479 1357 723 1441 intellegentiam
745 1357 829 1424 locus
852 1360 910 1423 iste
934 1366 997 1437 est3
1022 1368 1054 1424 et
1079 1361 1199 1426 idcirco
1214 1360 1281 1442 spiri·

156 1463 257 1528 taliter
279 1461 507 1545 intellegendus
531 1470 585 1526 est.
630 1461 759 1542 apostoli
789 1463 903 1546 itaque,
934 1464 986 1546 qui
1010 1463 1166 1543 ecclcsiae,
1200 1467 1229 1529 id
1248 1472 1280 1529 ast

156 1565 272 1630 Christi
303 1567 438 1647 corporis
473 1567 550 1630 oculi
585 1572 665 1643 suut,
698 1565 792 1631 lucidi
826 1573 856 1630 et
879 1566 1038 1647 simplices
1063 1568 1209 1634 iubentur
1229 1587 1279 1633 ossa

156 1691 280 1750 corpore
304 1677 365 1735 toto
389 1670 489 1734 lucido
512 1669 561 1735 his
584 1671 777 1750 simplicibus
798 1691 952 1749 mansuro,
982 1673 1009 1735 si
1032 1678 1141 1736 autem
1166 1691 1278 1756 nequam

155 1775 276 1850 suerint,
300 1781 363 1839 toto
387 1794 514 1855 corpore
539 1775 710 1839 necessario
734 1777 897 1840 tenebroso
921 1775 1038 1840 sutum:
1074 1775 1160 1840 nulla
1182 1776 1278 1841 scilicet

103 1905 128 1938 rr
154 1879 290 1942 tenebris
313 1899 368 1959 spe
399 1877 524 1942 luminis
558 1879 691 1954 residua,
726 1880 752 1943 si
775 1878 879 1943 lumen
903 1879 1004 1960 ipsum
1028 1880 1060 1943 in
1086 1881 1223 1946 tenebris
1243 1878 1276 1944 sit

155 2001 192 2045 cx
214 2003 274 2064 quo
304 1982 423 2065 ingenti
454 1981 588 2063 periculo
623 1985 807 2058 sacerdotes,
842 1983 895 2066 qui
930 1983 1071 2048 acclesiae
1105 1984 1182 2049 oculi
1215 1992 1275 2053 amt

154 2086 286 2169 negotiis
309 2086 421 2152 sacculi.
445 2086 527 2151 curis
550 2088 688 2166 pecunias
703 2093 734 2151 θῖ
749 2087 947 2151 familiarium
965 2107 1069 2152 rerum
1098 2086 1275 2152 incrementa

155 2198 184 2252 ut
207 2191 417 2254 conuiuiorum
441 2189 560 2254 luxibus
584 2202 778 2270 occupamur.
825 2191 965 2256 ecclesiae
981 2192 1065 2256 onim
1087 2193 1189 2257 lumen
1212 2202 1273 2263 sunt,

153 2293 185 2356 iu
208 2308 255 2358 est
277 2295 413 2374 corporis
444 2294 532 2359 oculi.
579 2295 658 2359 etsi
692 2294 796 2360 lumen
819 2295 920 2376 ipsum
944 2297 1082 2360 auaritia
1106 2303 1137 2360 et
1158 2293 1272 2360 lasciuia

101 2422 126 2459 au
153 2403 240 2461 nocte
274 2398 476 2471 tenebrescat,
511 2399 630 2478 corpori
664 2399 767 2463 idest
798 2397 945 2477 ecclesiae,
979 2400 1028 2463 cui
1063 2420 1118 2480 per·
1150 2406 1268 2463 naturam

153 2521 239 2564 suum
263 2504 398 2566 tenebrae
422 2510 501 2576 suut,
525 2509 648 2584 quantae
671 2503 797 2583 iusuper
820 2504 956 2567 tenebra
981 2505 1021 2567 de
1045 2501 1182 2583 exemplo
1203 2509 1265 2564 tenc

153 2606 236 2669 brosi
258 2604 382 2670 luminis
405 2605 614 2670 inueheutur?
657 2605 689 2669 hi
714 2627 789 2690 ergo
814 2606 892 2670 oculi
923 2606 988 2671 cius
1011 2607 1210 2687 inperfectum
1229 2599 1263 2666 dci

152 2709 302 2773 uiderunt.
347 2710 552 2789 inperfectum
582 2719 686 2775 autem
718 2711 768 2774 dei
800 2711 942 2787 diximus,
978 2711 1059 2794 quod
1090 2710 1198 2775 sactum
1218 2721 1259 2767 uun

152 2813 192 2876 sit
215 2818 245 2877 θῖ
268 2827 405 2877 maneat:
440 2814 471 2878 in
495 2835 556 2897 spuo
577 2815 733 2879 aeternitas
756 2814 878 2879 intectae
912 2815 1083 2880 diuinitatis
1112 2809 1257 2878 ostenditur.

101 2960 125 2997 u
195 2933 245 2997 35.
263 2935 324 2998 Sed
340 2937 439 2999 audax
456 2936 536 2999 sorte
552 2943 606 3010 est,
621 2943 654 2999 ut
669 2935 885 2999 ininitiabilem
908 2935 994 3000 illam
1017 2937 1068 3001 dei
1091 2934 1181 3017 pat-ris
1193 2937 1254 2993 reter-
1312 2965 1313 2975 κ

150 3039 280 3103 nitatem
303 3039 401 3103 uisam
425 3040 463 3103 ab
480 3039 625 3119 apostolis
641 3040 830 3116 adseramus,
856 3040 992 3103 maxime
1008 3060 1079 3104 cum
1095 3040 1199 3103 dictum
1216 3027 1252 3093 till
1302 3043 1313 3084 '1

151 3143 263 3205 deum
287 3163 399 3206 nemu
422 3144 527 3206 uidit
560 3163 744 3226 umquam
776 3145 856 3208 nisi
886 3143 1128 3227 unigenitus
1159 3135 1250 3204 filius
1302 3138 1307 3177 ἴ

151 3247 216 3327 qui
234 3255 293 3310 θεῖ
309 3246 344 3309 in
362 3247 451 3310 sinu
470 3248 608 3326 patris.
640 3249 694 3312 sed
707 3247 784 3311 nihil
797 3255 935 3312 nostrum
949 3247 1093 3324 dicimus,
1102 3243 1174 3310 nihil
1183 3236 1251 3305 aud³1
1303 3241 1306 3279 3

149 3352 369 3430 praedicamus
394 3351 476 3414 dicat
499 3350 557 3428 illo,
581 3352 632 3434 qui
648 3352 747 3430 dixit:
779 3351 846 3434 qui
871 3373 933 3416 me
961 3351 1083 3428 uidet,
1112 3348 1208 3413 uidet
1228 3338 1251 3442 tl

97 3481 123 3518 ao
149 3462 266 3533 patre
276 3476 315 3532 m,
329 3475 390 3517 non
402 3456 504 3535 ipsum
516 3475 550 3519 se
563 3463 681 3535 patrem
695 3475 763 3520 esse
776 3455 964 3539 significans.
999 3476 1062 3519 non
1074 3456 1155 3521 enim
1165 3442 1252 3529 rogant
1304 3447 1309 3462 ··

150 3557 301 3638 Philippo,
326 3566 358 3622 ut
380 3559 438 3622 sibi
463 3565 581 3639 patrem
605 3561 789 3634 ostenderet,
812 3559 987 3639 respondit:
1020 3579 1080 3644 ego
1103 3568 1185 3641 pater
1201 3557 1253 3612 suffla

192 3770 207 3816 a
226 3767 324 3820 matra.
344 3767 389 3834 vr,
408 3768 443 3818 aa
461 3785 499 3834 sq.
536 3769 569 3819 ετ
589 3766 646 3819 Ioh.
665 3767 685 3833 1,
706 3769 745 3819 rs.
781 3770 815 3820 ae
833 3766 891 3820 rot.
910 3766 981 3834 xiv,
1000 3769 1025 3819 s.

192 3959 204 4007 1
226 3957 323 4010 domus
342 3977 353 4007 e
371 3958 405 4026 cf.
425 3957 515 4009 illuni.
532 3957 611 4020 1215
630 3958 681 4010 dr'rs
694 3958 736 4009 Ra
756 3958 804 4010 (lr‘u
819 3956 844 4008 G
897 3959 913 4010 3
932 3963 1077 4025 nuncupat
1096 3964 1124 4010 et
1142 3966 1237 4010 rursum
1247 3939 1266 4039 ‘i'

148 4044 164 4093 6
183 4041 300 4109 simplex
319 4048 360 4096 θεῖ
381 4047 405 4095 (1'
424 4043 580 4111 simplexR
633 4047 649 4097 7
667 4061 757 4112 nequa
776 4049 818 4096 est
838 4045 863 4096 G
915 4047 932 4096 9
950 4044 1026 4112 ipsae
1045 4046 1178 4098 tenebrae
1192 4038 1267 4095 rutila

148 4131 351 4182 aarateuebrae
373 4131 397 4181 G
415 4132 545 4183 tenebrae
564 4131 639 4198 ipsae
652 4132 704 4183 ltE
738 4136 857 4198 quantae
876 4137 939 4184 sunt
960 4131 1012 4183 GR
1031 4138 1153 4199 quantae
1171 4119 1271 4184 eruntE

149 4217 181 4266 15
199 4214 279 4282 ipsud
299 4218 323 4268 lc
347 4218 380 4270 οῖ’.
399 4219 480 4270 Acori.
496 4235 523 4286 p.
544 4216 581 4269 28
634 4220 665 4270 21
685 4223 717 4270 ut
735 4219 861 4286 exempl*
879 4217 912 4283 (lt
934 4219 966 4271 G.
