2790 4844
149 255 213 320 828
494 254 609 307 sancti
629 254 764 307 Hilarii
783 253 945 322 episcopi

150 445 256 519 uitam,
280 465 349 528 qua
373 451 470 508 morte
492 443 715 524 intercipienda
738 449 827 519 esset,
851 441 1040 525 adquirent?
1085 449 1117 504 et
1145 440 1222 514 ideo,
1242 439 1283 521 qui

149 548 281 632 populus
320 549 427 613 beatus
465 553 557 622 esset,
594 547 729 612 ostendit
766 547 888 611 dicens:
931 546 1078 610 beatus
1119 542 1283 624 populus.

150 654 266 718 cuius
298 651 484 717 dominus
515 652 612 717 deus
642 651 738 717 eius.
784 651 861 715 deus
884 650 934 714 ille
959 650 1115 715 domiuus.
1140 649 1283 732 quicum

150 756 309 838 superiora
338 755 406 820 haec
437 761 468 820 et
489 763 612 820 terrena
642 754 826 835 praestiterit,
856 754 1058 821 aelemitatem
1092 761 1198 818 tamen
1226 750 1284 814 illis.

112 887 123 922 a
151 861 205 944 qui
227 860 277 925 his
299 867 383 924 recte
405 867 540 935 utentur,
564 859 723 940 inpertiet;
747 859 800 942 qui
822 857 992 924 coheredes
1029 877 1085 922 nos
1118 857 1173 921 filii
1195 855 1239 920 sui
1259 855 1282 918 in

151 965 218 1048 ipso
242 972 312 1029 ante
336 963 583 1029 constitutionem
614 963 719 1028 saeculi
748 963 849 1047 elegit,
880 963 932 1046 qui
956 961 1013 1026 erit
1036 962 1116 1026 deus
1140 961 1239 1026 omnia
1258 959 1282 1021 in

150 1068 307 1132 omnibus:
330 1067 391 1147 ipsi
407 1067 513 1151 gloria,¹
537 1067 612 1144 laus,
635 1067 742 1141 honor,
765 1067 871 1145 uirtus,
887 1066 1062 1146 imperium.
1082 1065 1164 1146 patri
1179 1065 1208 1128 iu
1224 1063 1282 1127 filio.

152 1171 215 1237 filio
248 1171 279 1235 in
315 1179 401 1251 patre
432 1179 462 1236 et
491 1171 520 1234 in
553 1183 658 1236 sancta
690 1170 798 1251 spiritu
828 1179 859 1236 et
887 1189 969 1234 nunc
1002 1181 1033 1235 et
1063 1189 1190 1249 semper
1211 1179 1238 1233 et
1258 1169 1281 1229 in

150 1275 254 1340 omnia
277 1274 391 1340 saecula
413 1274 604 1340 saeculorum.
650 1295 750 1339 amen.

99 1475 123 1510 10
544 1427 729 1512 l'SllLllllS
758 1428 892 1511 univ.

195 1569 458 1644 Exaltabote‚
483 1569 1031 1644 deusmeusetrexmeuset
1052 1568 1280 1633 benedicam

152 1694 293 1738 nomen
319 1682 427 1738 tuum
453 1673 491 1736 in
515 1672 699 1738 saeculum
725 1679 762 1738 et
784 1673 823 1738 in
847 1671 1036 1738 saeculum
1059 1671 1207 1737 sacculi.

197 1779 224 1841 1.
248 1776 419 1842 Absolutus
454 1785 501 1842 est
532 1778 680 1858 psalmus,
715 1778 765 1843 dei
799 1783 918 1842 tantum
948 1775 1091 1842 laudibus
1121 1789 1281 1855 occupatus.

153 1883 209 1946 sed
232 1895 263 1946 et
285 1881 388 1945 titulus
411 1881 477 1962 ipse
500 1882 596 1946 solam
620 1882 768 1947 contineri
784 1882 815 1946 in
832 1881 952 1964 psalmo
976 1881 1225 1962 predicationem
1240 1877 1280 1941 dei

99 2009 123 2046 1⁵
151 1985 266 2051 edocet.
311 1985 430 2050 adiecto
453 1991 556 2050 autem
573 1987 743 2051 secundum
760 1987 928 2070 graecitatis
944 1984 1198 2049 consuetudinem
1214 2001 1281 2047 nunc

152 2110 282 2173 quoque,
315 2096 350 2154 ut
379 2090 409 2153 in
441 2089 552 2154 ceteris
585 2089 664 2163 aliis,
700 2090 879 2171 pronomine
914 2089 1050 2154 ostendit
1082 2089 1169 2153 illum
1194 2086 1278 2151 Dauid

151 2195 208 2259 isto
232 2194 375 2258 laudante
398 2193 523 2258 laudari.
567 2201 598 2258 et
621 2194 691 2278 quis
715 2193 765 2259 hic
780 2196 827 2271 sit,
851 2213 945 2278 quem
961 2193 1100 2274 psalmus
1117 2193 1168 2258 hio
1184 2192 1277 2255 lauda.

151 2299 288 2363 clamant
310 2298 449 2364 omnium
473 2306 648 2379 tempomm
672 2319 781 2364 omnes
803 2297 982 2380 prophetin,
1005 2307 1039 2363 ut
1062 2297 1115 2362 hie
1137 2299 1201 2378 ipse
1220 2313 1276 2379 pro·

152 2403 246 2484 pheta
270 2423 353 2483 saepe
377 2403 414 2466 de
437 2422 473 2466 eo
496 2402 537 2466 ita
560 2410 750 2468 contestatus
780 2411 841 2468 est:
878 2403 996 2468 sedes
1019 2409 1092 2478 tua,
1125 2401 1224 2468 deus,
1244 2400 1274 2461 in

99 2528 124 2566 aa
152 2506 340 2572 aaeculum
364 2504 518 2571 saeculi:
550 2508 670 2590 uirga
699 2506 911 2591 aequitatis
944 2507 1063 2590 uirga
1093 2505 1206 2589 regni
1227 2500 1272 2566 tui

150 2610 338 2675 dilexisti
378 2610 578 2674 iustitiam
624 2617 662 2675 et
695 2611 821 2676 adlati
860 2611 1145 2694 iniquitatem:
1179 2626 1271 2689 prop·

150 2724 262 2779 terea
285 2714 400 2778 unxit
423 2726 459 2778 te
484 2714 588 2791 deus,
619 2715 840 2780 denatura.
886 2721 1071 2780 etrursum:
1094 2721 1132 2779 et
1153 2713 1270 2777 adora·

150 2819 248 2882 bunt
278 2838 363 2883 eum
395 2838 531 2883 omnes
566 2838 694 2902 reges,
718 2825 755 2883 et
778 2838 914 2884 omnes
937 2827 1083 2902 gentes
1107 2817 1268 2884 serment

149 2923 194 2987 ei.
240 2923 319 2987 erit
353 2942 493 2987 nomen
526 2925 613 2988 eins
647 2910 910 2988 benedictum
945 2924 983 2986 in
1015 2922 1266 2993 saeculaants

96 3047 122 3087 aa
149 3026 277 3090 solem
311 3033 522 3106 permanet
551 3041 695 3091 ¹nomen
731 3027 826 3092 eius.
871 3021 1264 3092 etbenedieenturin

149 3151 191 3196 eo
215 3150 353 3194 omnes
377 3131 509 3195 tribus
540 3137 666 3207 terrae,
701 3150 839 3195 omnes
873 3144 1021 3214 gentes
1052 3126 1264 3214 magnilica·

148 3236 246 3299 bunt
270 3254 363 3298 eum.
410 3233 502 3299 huius
525 3235 619 3318 igitur
641 3233 706 3298 laus
730 3240 868 3299 cantatur
890 3233 950 3299 hoc
981 3233 1107 3314 psalmo,
1137 3254 1172 3298 er
1198 3229 1263 3294 cuius

149 3358 282 3420 persona
305 3337 420 3402 dictum
443 3338 655 3403 meminimus:
680 3358 752 3423 ego
776 3344 906 3404 autem
930 3338 1180 3404 constitutus
1199 3348 1260 3397 sun

149 3464 216 3508 rex
240 3443 285 3506 ab
309 3463 352 3507 eo
376 3462 495 3522 super
519 3442 611 3506 Sion
637 3450 810 3506 montem
835 3450 1019 3507 sanctum
1043 3443 1139 3507 eiua.
1169 3432 1260 3503 domi·

96 3567 121 3605 so
148 3567 219 3611 nus
244 3546 348 3610 dixit
371 3545 416 3609 ad
439 3566 511 3610 me:
535 3546 649 3611 silius
673 3565 782 3610 meus
806 3567 847 3611 es
871 3552 920 3626 tu,
945 3534 1258 3629 egohodiogenli

193 3706 225 3757 ra
244 3703 286 3756 as.
304 3703 398 3769 univ,
418 3707 433 3756 r
453 3721 492 3771 sq.
528 3706 562 3756 aa
580 3703 623 3756 aa.
643 3703 740 3770 nxm,
760 3705 806 3768 113
826 3705 866 3756 17.
920 3706 954 3756 aa
973 3703 1016 3755 ns.
1034 3672 1069 3768 ir,
1088 3706 1105 3755 a
1124 3698 1184 3770 „qn

1222 3826 1233 3854 U

193 3881 351 3933 lessentls'
395 3878 542 3945 adquirent
552 3879 592 3930 lta
602 3877 781 3944 adquirerent
793 3878 831 3930 Ge
875 3877 1110 3945 quiGREquisr
1152 3864 1259 3929 abead

146 3967 252 4016 acor?
305 3966 408 4018 dhaec
426 3970 453 4017 et
472 3971 582 4018 terrena
603 3965 627 4016 G
646 3964 712 4017 haec
740 3972 849 4018 terrena
869 3965 923 4017 RE
973 3965 1057 4032 tiqui
1081 3964 1136 4018 erit
1155 3953 1259 4024 arquis

147 4051 201 4103 erit
214 4052 239 4102 R
252 4053 298 4118 qui
313 4057 354 4104 est
368 4072 381 4103 ν
434 4055 451 4105 8
469 4052 497 4104 in
517 4056 612 4104 sancto
630 4051 731 4119 spiritu
750 4059 808 4114 loru.
828 4055 866 4110 etl
887 4051 927 4103 Rr
945 4056 973 4104 et
991 4051 1020 4103 in
1039 4052 1139 4119 spiritu
1157 4037 1261 4101 mucul

147 4136 272 4204 Explicit
290 4139 412 4207 psalmus
426 4137 536 4191 CXLIII
549 4137 614 4204 indp
628 4137 751 4190 CXLlIll
765 4138 790 4190 R
802 4138 902 4206 Explid
920 4138 973 4192 lib.
998 4157 1007 4193 ς
1030 4138 1121 4205 ylarii.
1139 4137 1173 4189 da
1188 4135 1260 4202 priv

151 4226 181 4276 16
200 4225 362 4291 pronomine
383 4226 409 4276 l«)
424 4225 601 4292 praenomine
623 4225 646 4276 ll
701 4227 731 4275 17
751 4225 856 4277 laudari
875 4243 905 4278 er
923 4225 1037 4277 laudare
1056 4244 1088 4277 ur.
1109 4226 1124 4276 I
1143 4223 1173 4277 R.
