2790 4844
186 220 226 283 64
525 222 643 274 sancti
667 220 802 274 Hilarii
827 219 991 287 episcopi

184 410 306 474 adiectu
329 411 462 490 pastoris
485 409 660 474 habiturus:
692 410 759 489 ipse
790 416 837 473 est
867 409 950 473 enim
973 415 1078 488 pastor
1101 407 1206 485 honus,
1238 408 1324 472 cuius

183 533 239 577 nos
262 533 369 577 sumus
392 534 473 591 oues,
504 534 558 594 pro
589 514 700 596 quibus
733 514 869 576 animam
893 532 981 577 suam
1004 512 1115 593 posuit.
1160 532 1199 577 ne
1222 519 1328 577 autem

183 619 230 681 ius
254 618 448 701 tyrannicum
479 616 647 701 significari
678 617 862 681 arbitremur
892 618 922 680 in
952 617 1049 698 uirga,
1081 635 1150 699 quae
1172 617 1205 680 in
1228 617 1327 700 uirgae

183 722 407 802 nuncupatione
430 722 600 802 proprietas
623 723 672 798 sit,
702 742 740 786 ex
763 740 841 784 nouo
865 726 897 785 et
922 721 1019 785 ueteri
1043 719 1242 785 Testamenta
1273 740 1327 784 nc-

145 856 157 889 c
184 826 334 890 scendum
358 833 415 890 est.

228 928 278 994 36.
304 930 415 994 Beatus
439 928 553 993 Paulus
583 930 622 993 ad
652 927 826 993 Corinthios
861 929 1008 1002 scribens,
1043 948 1119 1011 quos
1150 948 1187 993 es
1218 927 1326 992 multis

182 1034 318 1114 peccatis
341 1033 380 1096 ad
403 1034 613 1113 paenitentiam
638 1033 797 1098 moderata
820 1039 912 1115 atque
930 1031 997 1097 utili
1012 1032 1225 1097 adhortatione
1236 1052 1327 1097 reuo-

183 1138 281 1215 cabat,
301 1138 358 1201 ait:
383 1137 479 1220 quid
504 1137 653 1202 uultis?
675 1138 846 1221 inuirga
868 1138 1030 1201 ueniam
1053 1137 1100 1201 ad
1121 1156 1191 1200 uos
1216 1156 1260 1199 an
1284 1136 1324 1200 in

183 1243 360 1306 caritate
396 1249 435 1306 et
468 1242 619 1321 spiritu
654 1240 1008 1305 mansuetudinis?
1052 1241 1203 1323 numquid
1226 1239 1324 1305 Paulo

132 1371 156 1410 ιο
182 1347 229 1410 ius
252 1347 429 1427 praetorium
463 1352 536 1423 crat,
571 1353 604 1409 ut
633 1346 755 1430 uirgam
786 1346 1029 1409 comminaretur
1058 1352 1090 1409 et
1120 1364 1191 1409 cum
1222 1343 1327 1409 officio

182 1450 299 1515 lictoris
327 1450 365 1513 ad
395 1450 555 1519 ecclesiam
580 1448 694 1514 Christi
730 1448 876 1514 adesset?
922 1469 981 1513 non
1003 1450 1110 1532 utique
1133 1449 1176 1513 ita
1197 1449 1327 1529 opinan-

183 1556 257 1619 dum
281 1559 336 1618 est.
381 1554 437 1618 aed
467 1554 539 1637 quia
568 1555 669 1617 omnis
699 1553 748 1618 dei
779 1572 889 1631 sermo,
920 1573 981 1636 quo
1004 1572 1043 1617 er
1065 1572 1168 1617 errore
1190 1553 1221 1616 in
1244 1553 1325 1617 neri-

184 1665 277 1723 tatem
299 1657 495 1733 retrahimur,
520 1678 579 1741 quo
602 1678 658 1738 per
681 1658 953 1722 comminationem
985 1664 1196 1740 terroremque
1218 1657 1324 1722 iudicii

183 1764 222 1827 ad
247 1763 419 1827 innocentis
442 1768 474 1826 et
496 1768 611 1826 sancta
632 1763 704 1826 uitae
726 1763 809 1826 niem
840 1762 988 1845 regimur,
1018 1761 1107 1844 uirga
1136 1766 1184 1825 est
1207 1779 1324 1825 nuncu-

130 1894 155 1929 ιο
182 1874 279 1947 patus,
302 1886 357 1947 per
379 1886 483 1950 quam,
502 1867 584 1930 intra
602 1865 797 1946 disciplinam
820 1865 915 1929 diuini
939 1872 1041 1929 metus
1057 1863 1193 1938 cohibiti,
1217 1865 1325 1930 mode·

181 1972 239 2035 rati
263 1991 300 2035 ac
322 1971 512 2051 prouidentia
527 1970 656 2035 rectoris
672 1970 790 2034 monitu
806 1968 1015 2046 cohercemur‚
1038 1969 1146 2033 heatus
1166 1968 1324 2049 apostolus

181 2074 394 2140 condicionem
418 2074 552 2158 eligendi
576 2075 726 2139 aduentus
756 2074 803 2138 sui
834 2073 893 2151 hie,
925 2093 1001 2156 quos
1025 2072 1179 2146 monebat,
1204 2071 1328 2145 adiecit,

181 2186 284 2244 utrum
308 2178 435 2243 mallent
457 2199 528 2242 eum
551 2179 582 2242 in
606 2178 770 2243 seueritate
801 2178 947 2242 doctrinae
977 2183 1071 2260 atque
1100 2176 1326 2259 obiurgationis

181 2283 300 2359 adesse,
325 2303 362 2346 an
386 2284 418 2347 in
442 2283 552 2363 spiritu
574 2281 718 2346 lenitatis.
763 2283 845 2365 quod
875 2287 1040 2364 utmmque
1064 2280 1235 2345 secundum
1260 2301 1327 2344 mo·

129 2413 154 2448 20
182 2388 288 2452 destiae
327 2393 466 2452 tenorem
503 2393 570 2452 erat
614 2387 841 2463 necessarium,
880 2391 914 2449 ut
952 2385 1178 2451 oboedientibus
1218 2383 1327 2460 lenior,

181 2490 383 2555 insolentibus
407 2511 479 2555 uero
509 2490 645 2555 seuerior
668 2490 836 2554 adueniret.
881 2495 912 2554 et
942 2488 1000 2553 hoc
1031 2488 1155 2572 quidem
1185 2508 1224 2552 ex
1255 2490 1325 2553 noui

182 2595 371 2660 Testamenti
395 2595 578 2659 auctoritato
600 2600 823 2674 praesumptum
847 2600 901 2658 est.

226 2699 276 2763 37.
300 2699 389 2763 Hanc
413 2705 516 2763 autem
538 2698 624 2763 uerbi
648 2698 819 2763 doctrinam
842 2698 962 2781 uirgam
987 2696 1157 2776 nuncupari
1173 2715 1210 2760 ex
1225 2699 1327 2762 ueteri

181 2805 223 2867 ita
246 2805 404 2885 cognitum
428 2809 482 2879 est,
518 2822 589 2867 cum
621 2802 749 2867 dicitur:
780 2801 897 2885 uirga
928 2800 1175 2864 directionis
1205 2800 1327 2885 uirga

130 2933 155 2967 a,
182 2909 297 2990 regni
323 2909 396 2985 tui;
442 2908 513 2990 quia
537 2906 603 2971 hinc
627 2907 737 2971 eadem
754 2911 801 2970 est
816 2905 911 2989 uirgae
928 2905 1065 2982 directio,
1089 2923 1150 2987 qua
1172 2924 1229 2984 per
1252 2904 1326 2970 doc-

182 3013 295 3076 trinam
328 3013 360 3076 in
393 3032 515 3095 aequam
548 3013 632 3076 uiam
666 3010 836 3093 utilemque
867 3010 1038 3094 dirigimur,
1073 3016 1103 3074 et
1133 3028 1203 3092 qnae
1233 3009 1326 3094 uirga

225 3152 272 3205 al
292 3152 353 3204 Cor.
372 3151 416 3219 Vl,
435 3154 478 3204 21.
513 3153 548 3203 24
566 3150 609 3203 Ps.
629 3150 723 3217 XLIV,
743 3153 768 3202 7.

225 3277 242 3326 2
269 3289 333 3326 oues
361 3290 454 3326 sumus
482 3293 494 3322 e
547 3274 564 3324 4
590 3272 680 3324 ueteri
707 3290 737 3324 ce
764 3276 856 3324 uetere
886 3290 917 3322 m.
945 3272 965 3323 2)
997 3271 1022 3323 V
1071 3269 1282 3324 Gohorinthios
1301 3271 1327 3323 R

939 3350 961 3378 m

182 3413 249 3463 quos
277 3401 311 3448 ori
330 3411 363 3447 ex
391 3415 409 3444 α
428 3410 495 3461 quos
524 3399 583 3446 tum
611 3409 644 3446 ex
671 3413 683 3443 e
725 3395 752 3444 ·7
770 3393 942 3461 paenitentia
984 3392 1008 3445 V
1038 3366 1276 3460 pssenitentiam
1301 3392 1327 3444 R

179 3493 237 3551 post
264 3482 328 3535 utili
359 3481 372 3532 I
399 3483 445 3533 liri.
472 3498 537 3533 cros.
567 3482 592 3532 R
662 3478 854 3533 adhortatione
881 3497 911 3532 er
940 3478 1161 3532 adhortationem
1189 3496 1223 3532 m.
1252 3477 1273 3530 2
1305 3478 1329 3530 V

180 3572 197 3623 8
216 3569 297 3622 uenio
317 3568 340 3620 V
391 3569 423 3621 10
442 3568 519 3619 utin
538 3565 618 3635 uirga
635 3566 706 3619 Vut
723 3567 804 3635 uirga
820 3567 903 3619 Boiai.
922 3563 1113 3619 erPer.1572
1130 3565 1326 3634 utinuirgah

181 3673 244 3709 cum
262 3654 400 3708 officiaV
451 3657 482 3707 11
502 3654 615 3707 lectoris
639 3654 687 3707 VR
740 3653 774 3706 ad
802 3653 978 3706 eclesiamV
1027 3669 1084 3705 non
1101 3679 1135 3687 -
1153 3651 1330 3719 opinandum

181 3748 224 3796 eet
242 3760 291 3795 cm.
305 3742 330 3794 R
384 3743 416 3794 12
435 3734 464 3794 di
483 3757 608 3793 sermone
626 3738 660 3792 er'r
676 3756 709 3793 ex
728 3740 753 3793 V
802 3741 831 3792 in
849 3741 967 3792 ueritate
980 3739 1006 3791 R
1023 3739 1054 3791 in
1071 3738 1222 3792 ueritatem
1239 3738 1288 3792 dei
1300 3739 1342 3790 r:

182 3833 214 3883 14
241 3828 364 3897 regimur
390 3847 420 3880 er
446 3828 618 3896 regimurum
646 3846 677 3879 m.
706 3826 725 3878 2
757 3827 781 3879 V
832 3829 864 3879 16
891 3843 1050 3880 coercemur
1077 3827 1091 3877 b
1146 3826 1178 3877 18
1207 3841 1272 3879 eum
1296 3825 1339 3878 in

236 3909 249 3937 Θ

181 3951 329 4004 seueritate
355 3949 497 4002 doctrinae
531 3949 555 4001 V
581 3966 644 4002 eum
671 3951 700 4002 in
727 3949 876 4001 seueritate
906 3945 940 4000 eii
967 3947 992 4012 (e
1020 3966 1049 4000 ea
1067 3943 1093 4011 c)
1122 3945 1270 4000 doctrinae
1299 3947 1331 3999 R

179 4041 214 4092 20
232 4022 426 4106 ohydientibue
445 4037 469 4088 V
517 4039 549 4089 21
569 4037 751 4089 insolentibus
771 4054 800 4087 es
829 4035 1015 4087 insolentibus
1035 4034 1060 4086 R
1123 4049 1192 4086 uero
1220 4050 1271 4087 om.
1302 4029 1334 4084 V

180 4127 214 4178 23
232 4141 267 4177 ex
284 4125 373 4177 ueteri
393 4121 571 4189 (secema)
589 4124 629 4177 ita
646 4123 671 4176 V
686 4139 720 4176 ex
738 4122 856 4174 ueritate
874 4123 965 4174 sed-in
979 4135 1124 4189 ψηφιεῖ
1141 4120 1233 4174 ueteri
1246 4118 1323 4173 itali

179 4213 213 4265 25
232 4212 376 4286 uirgaetes
393 4211 517 4276 uirgatui
536 4209 608 4262 m.2
631 4211 656 4262 V
704 4225 760 4277 quo
778 4225 828 4277 por
853 4208 876 4260 V
925 4211 959 4261 26
977 4208 1065 4261 uitam
1088 4207 1117 4260 V.
