<?xml version="1.0" encoding="UTF-8"?>
<!DOCTYPE html PUBLIC "-//W3C//DTD XHTML 1.0 Transitional//EN"
    "http://www.w3.org/TR/xhtml1/DTD/xhtml1-transitional.dtd">
<html xmlns="http://www.w3.org/1999/xhtml" xml:lang="en" lang="en">
 <head>
  <title>
</title>
<meta http-equiv="Content-Type" content="text/html;charset=utf-8" />
  <meta name='ocr-system' content='tesseract 3.04.00' />
  <meta name='ocr-capabilities' content='ocr_page ocr_carea ocr_par ocr_line ocrx_word'/>
</head>
<body>
  <div class='ocr_page' id='page_1' title='image "./shilariiepiscop00hilagoog_0127.png"; bbox 0 0 2790 4844; ppageno 0'>
   <div class='ocr_carea' id='block_1_1' title="bbox 372 443 1215 517">
    <p class='ocr_par' dir='ltr' id='par_1_1' title="bbox 372 443 1215 517">
     <span class='ocr_line' id='line_1_1' title="bbox 372 443 1215 517; baseline 0.006 -22"><span class='ocrx_word' id='word_1_1' title='bbox 372 447 553 496; x_wconf 76' lang='lat' dir='ltr'>tractatus</span> <span class='ocrx_word' id='word_1_2' title='bbox 578 443 613 496; x_wconf 89' lang='lat' dir='ltr'>in</span> <span class='ocrx_word' id='word_1_3' title='bbox 637 443 810 511; x_wconf 86' lang='lat' dir='ltr'>psalmum</span> <span class='ocrx_word' id='word_1_4' title='bbox 835 445 906 498; x_wconf 85' lang='lat' dir='ltr'><em>XIV.</em></span> <span class='ocrx_word' id='word_1_5' title='bbox 1173 452 1215 517; x_wconf 84' lang='lat'>95</span> 
     </span>
    </p>
   </div>
   <div class='ocr_carea' id='block_1_2' title="bbox 58 630 1214 724">
    <p class='ocr_par' dir='ltr' id='par_1_2' title="bbox 58 630 1214 724">
     <span class='ocr_line' id='line_1_2' title="bbox 58 630 1214 724; baseline 0.009 -28"><span class='ocrx_word' id='word_1_6' title='bbox 58 631 246 697; x_wconf 77' lang='lat' dir='ltr'>beneficium</span> <span class='ocrx_word' id='word_1_7' title='bbox 262 653 333 699; x_wconf 87' lang='lat' dir='ltr'>eum</span> <span class='ocrx_word' id='word_1_8' title='bbox 348 633 475 714; x_wconf 84' lang='lat' dir='ltr'>pauperi</span> <span class='ocrx_word' id='word_1_9' title='bbox 490 640 628 711; x_wconf 82' lang='lat' dir='ltr'>praestas,</span> <span class='ocrx_word' id='word_1_10' title='bbox 644 630 769 697; x_wconf 79' lang='lat' dir='ltr'>onusto</span> <span class='ocrx_word' id='word_1_11' title='bbox 784 641 932 714; x_wconf 78' lang='lat' dir='ltr'>praestare</span> <span class='ocrx_word' id='word_1_12' title='bbox 955 642 985 702; x_wconf 89' lang='lat' dir='ltr'>te</span> <span class='ocrx_word' id='word_1_13' title='bbox 1008 658 1110 720; x_wconf 82' lang='lat' dir='ltr'>nosce,</span> <span class='ocrx_word' id='word_1_14' title='bbox 1141 642 1214 724; x_wconf 86' lang='lat' dir='ltr'>qnia</span> 
     </span>
    </p>
   </div>
   <div class='ocr_carea' id='block_1_3' title="bbox 61 736 1213 906">
    <p class='ocr_par' dir='ltr' id='par_1_3' title="bbox 61 736 1213 906">
     <span class='ocr_line' id='line_1_3' title="bbox 61 736 1213 829; baseline 0.01 -30"><span class='ocrx_word' id='word_1_15' title='bbox 61 744 186 816; x_wconf 78' lang='lat' dir='ltr'>propter</span> <span class='ocrx_word' id='word_1_16' title='bbox 215 757 296 814; x_wconf 90' lang='lat' dir='ltr'>eum,</span> <span class='ocrx_word' id='word_1_17' title='bbox 328 756 398 802; x_wconf 86' lang='lat' dir='ltr'>euru</span> <span class='ocrx_word' id='word_1_18' title='bbox 431 736 507 802; x_wconf 87' lang='lat' dir='ltr'>dens</span> <span class='ocrx_word' id='word_1_19' title='bbox 537 742 629 813; x_wconf 84' lang='lat' dir='ltr'>esset,</span> <span class='ocrx_word' id='word_1_20' title='bbox 659 736 866 820; x_wconf 83' lang='lat' dir='ltr'>indigentiam</span> <span class='ocrx_word' id='word_1_21' title='bbox 898 740 962 805; x_wconf 87' lang='lat' dir='ltr'>eius</span> <span class='ocrx_word' id='word_1_22' title='bbox 997 750 1044 807; x_wconf 84' lang='lat' dir='ltr'>est</span> <span class='ocrx_word' id='word_1_23' title='bbox 1067 742 1213 829; x_wconf 82' lang='lat' dir='ltr'>dignatus</span> 
     </span>
     <span class='ocr_line' id='line_1_4' title="bbox 64 846 237 906; baseline 0.017 -5"><span class='ocrx_word' id='word_1_24' title='bbox 64 846 92 902; x_wconf 89' lang='lat' dir='ltr'>et</span> <span class='ocrx_word' id='word_1_25' title='bbox 114 859 237 906; x_wconf 89' lang='lat' dir='ltr'>nomen.</span> 
     </span>
    </p>
   </div>
   <div class='ocr_carea' id='block_1_4' title="bbox 10 970 1264 3139">
    <p class='ocr_par' dir='ltr' id='par_1_4' title="bbox 69 970 1264 2929">
     <span class='ocr_line' id='line_1_5' title="bbox 107 970 1211 1053; baseline 0.008 -19"><span class='ocrx_word' id='word_1_26' title='bbox 107 970 156 1035; x_wconf 89' lang='grc'>16.</span> <span class='ocrx_word' id='word_1_27' title='bbox 180 971 242 1037; x_wconf 88' lang='lat' dir='ltr'>Sed</span> <span class='ocrx_word' id='word_1_28' title='bbox 266 992 306 1037; x_wconf 92' lang='lat' dir='ltr'>ne</span> <span class='ocrx_word' id='word_1_29' title='bbox 330 972 425 1036; x_wconf 89' lang='lat' dir='ltr'>durus</span> <span class='ocrx_word' id='word_1_30' title='bbox 449 991 550 1037; x_wconf 90' lang='lat' dir='ltr'>sermo</span> <span class='ocrx_word' id='word_1_31' title='bbox 573 973 793 1038; x_wconf 77' lang='lat' dir='ltr'>admonitionis</span> <span class='ocrx_word' id='word_1_32' title='bbox 814 973 904 1038; x_wconf 86' lang='lat' dir='ltr'>istius</span> <span class='ocrx_word' id='word_1_33' title='bbox 921 975 1108 1053; x_wconf 69' lang='lat' dir='ltr'>crederetur,</span> <span class='ocrx_word' id='word_1_34' title='bbox 1132 983 1211 1043; x_wconf 88' lang='lat' dir='ltr'>tam·</span> 
     </span>
     <span class='ocr_line' id='line_1_6' title="bbox 69 1076 1264 1157; baseline 0.009 -20"><span class='ocrx_word' id='word_1_35' title='bbox 69 1094 155 1155; x_wconf 85' lang='lat' dir='ltr'>quam</span> <span class='ocrx_word' id='word_1_36' title='bbox 178 1077 204 1140; x_wconf 88' lang='lat' dir='ltr'>si</span> <span class='ocrx_word' id='word_1_37' title='bbox 228 1077 351 1157; x_wconf 85' lang='lat' dir='ltr'>penitus</span> <span class='ocrx_word' id='word_1_38' title='bbox 374 1077 430 1141; x_wconf 88' lang='lat' dir='ltr'>sub</span> <span class='ocrx_word' id='word_1_39' title='bbox 461 1095 622 1141; x_wconf 88' lang='lat' dir='ltr'>usuromm</span> <span class='ocrx_word' id='word_1_40' title='bbox 652 1078 778 1142; x_wconf 89' lang='lat' dir='ltr'>nomine</span> <span class='ocrx_word' id='word_1_41' title='bbox 808 1076 943 1143; x_wconf 81' lang='lat' dir='ltr'>habendi</span> <span class='ocrx_word' id='word_1_42' title='bbox 974 1098 1078 1144; x_wconf 87' lang='lat' dir='ltr'>auram</span> <span class='ocrx_word' id='word_1_43' title='bbox 1108 1085 1210 1147; x_wconf 85' lang='lat' dir='ltr'>renio·</span> <span class='ocrx_word' id='word_1_44' title='bbox 1252 1114 1264 1148; x_wconf 73' lang='lat' dir='ltr'>a</span> 
     </span>
     <span class='ocr_line' id='line_1_7' title="bbox 71 1177 1210 1267; baseline 0.006 -25"><span class='ocrx_word' id='word_1_45' title='bbox 71 1177 173 1243; x_wconf 79' lang='lat' dir='ltr'>maaet:</span> <span class='ocrx_word' id='word_1_46' title='bbox 196 1199 257 1243; x_wconf 96' lang='lat' dir='ltr'>non</span> <span class='ocrx_word' id='word_1_47' title='bbox 281 1180 376 1263; x_wconf 85' lang='lat' dir='ltr'>igitur</span> <span class='ocrx_word' id='word_1_48' title='bbox 399 1179 582 1263; x_wconf 90' lang='lat' dir='ltr'>adquirendi</span> <span class='ocrx_word' id='word_1_49' title='bbox 605 1179 844 1247; x_wconf 81' lang='lat' dir='ltr'>sollicitudinem</span> <span class='ocrx_word' id='word_1_50' title='bbox 863 1181 996 1259; x_wconf 84' lang='lat' dir='ltr'>sustulit,</span> <span class='ocrx_word' id='word_1_51' title='bbox 1019 1184 1094 1267; x_wconf 93' lang='lat' dir='ltr'>quin</span> <span class='ocrx_word' id='word_1_52' title='bbox 1118 1185 1210 1249; x_wconf 89' lang='lat' dir='ltr'>etiam</span> 
     </span>
     <span class='ocr_line' id='line_1_8' title="bbox 75 1283 1211 1372; baseline 0.007 -26"><span class='ocrx_word' id='word_1_53' title='bbox 75 1283 244 1348; x_wconf 86' lang='lat' dir='ltr'>modestiam</span> <span class='ocrx_word' id='word_1_54' title='bbox 268 1284 440 1364; x_wconf 81' lang='lat' dir='ltr'>aecipiendi</span> <span class='ocrx_word' id='word_1_55' title='bbox 463 1286 600 1350; x_wconf 90' lang='lat' dir='ltr'>muneris</span> <span class='ocrx_word' id='word_1_56' title='bbox 624 1287 808 1366; x_wconf 87' lang='lat' dir='ltr'>temperauit</span> <span class='ocrx_word' id='word_1_57' title='bbox 838 1286 975 1351; x_wconf 81' lang='lat' dir='ltr'>adiciens</span> <span class='ocrx_word' id='word_1_58' title='bbox 999 1288 1039 1352; x_wconf 90' lang='lat' dir='ltr'>ad</span> <span class='ocrx_word' id='word_1_59' title='bbox 1066 1288 1106 1365; x_wconf 79' lang='lat' dir='ltr'>id,</span> <span class='ocrx_word' id='word_1_60' title='bbox 1129 1290 1211 1372; x_wconf 91' lang='lat' dir='ltr'>quod</span> 
     </span>
     <span class='ocr_line' id='line_1_9' title="bbox 79 1385 1212 1471; baseline 0.006 -22"><span class='ocrx_word' id='word_1_61' title='bbox 79 1385 197 1452; x_wconf 81' lang='lat' dir='ltr'>dixerat:</span> <span class='ocrx_word' id='word_1_62' title='bbox 237 1388 304 1471; x_wconf 91' lang='lat' dir='ltr'>qui</span> <span class='ocrx_word' id='word_1_63' title='bbox 343 1388 555 1468; x_wconf 81' lang='lat' dir='ltr'>pecuniam</span> <span class='ocrx_word' id='word_1_64' title='bbox 586 1408 694 1454; x_wconf 85' lang='lat' dir='ltr'>suam</span> <span class='ocrx_word' id='word_1_65' title='bbox 724 1410 799 1454; x_wconf 92' lang='lat' dir='ltr'>non</span> <span class='ocrx_word' id='word_1_66' title='bbox 830 1389 946 1454; x_wconf 86' lang='lat' dir='ltr'>dedit</span> <span class='ocrx_word' id='word_1_67' title='bbox 975 1390 1023 1454; x_wconf 86' lang='lat' dir='ltr'>ad</span> <span class='ocrx_word' id='word_1_68' title='bbox 1052 1409 1212 1457; x_wconf 86' lang='lat' dir='ltr'>usuram</span> 
     </span>
     <span class='ocr_line' id='line_1_10' title="bbox 81 1493 1210 1578; baseline 0.01 -28"><span class='ocrx_word' id='word_1_69' title='bbox 81 1496 286 1556; x_wconf 87' lang='lat' dir='ltr'>etmunera</span> <span class='ocrx_word' id='word_1_70' title='bbox 317 1511 438 1572; x_wconf 87' lang='lat' dir='ltr'>super</span> <span class='ocrx_word' id='word_1_71' title='bbox 466 1493 711 1559; x_wconf 88' lang='lat' dir='ltr'>innoeentes</span> <span class='ocrx_word' id='word_1_72' title='bbox 742 1513 818 1558; x_wconf 94' lang='lat' dir='ltr'>non</span> <span class='ocrx_word' id='word_1_73' title='bbox 841 1493 1010 1573; x_wconf 79' lang='lat' dir='ltr'>aceepit.</span> <span class='ocrx_word' id='word_1_74' title='bbox 1056 1500 1103 1559; x_wconf 88' lang='lat' dir='ltr'>est</span> <span class='ocrx_word' id='word_1_75' title='bbox 1126 1514 1210 1578; x_wconf 78' lang='lat' dir='ltr'>quea·</span> 
     </span>
     <span class='ocr_line' id='line_1_11' title="bbox 84 1591 1261 1682; baseline 0.008 -25"><span class='ocrx_word' id='word_1_76' title='bbox 84 1591 142 1657; x_wconf 82' lang='lat' dir='ltr'>dam</span> <span class='ocrx_word' id='word_1_77' title='bbox 162 1614 320 1661; x_wconf 88' lang='lat' dir='ltr'>munerum</span> <span class='ocrx_word' id='word_1_78' title='bbox 344 1597 539 1674; x_wconf 83' lang='lat' dir='ltr'>consuetudo,</span> <span class='ocrx_word' id='word_1_79' title='bbox 563 1616 632 1679; x_wconf 85' lang='lat' dir='ltr'>quae</span> <span class='ocrx_word' id='word_1_80' title='bbox 656 1595 804 1662; x_wconf 87' lang='lat' dir='ltr'>honorem</span> <span class='ocrx_word' id='word_1_81' title='bbox 834 1596 955 1662; x_wconf 85' lang='lat' dir='ltr'>adserat</span> <span class='ocrx_word' id='word_1_82' title='bbox 984 1596 1137 1682; x_wconf 83' lang='lat' dir='ltr'>largienti,</span> <span class='ocrx_word' id='word_1_83' title='bbox 1167 1600 1209 1664; x_wconf 86' lang='lat' dir='ltr'>ita</span> <span class='ocrx_word' id='word_1_84' title='bbox 1237 1631 1261 1666; x_wconf 81' lang='grc' dir='ltr'>ιο</span> 
     </span>
     <span class='ocr_line' id='line_1_12' title="bbox 86 1699 1207 1784; baseline 0.012 -28"><span class='ocrx_word' id='word_1_85' title='bbox 86 1702 111 1757; x_wconf 93' lang='lat' dir='ltr'>ut</span> <span class='ocrx_word' id='word_1_86' title='bbox 128 1699 243 1763; x_wconf 84' lang='lat' dir='ltr'>maximi</span> <span class='ocrx_word' id='word_1_87' title='bbox 274 1699 387 1765; x_wconf 87' lang='lat' dir='ltr'>doloris</span> <span class='ocrx_word' id='word_1_88' title='bbox 418 1700 459 1764; x_wconf 89' lang='lat' dir='ltr'>sit</span> <span class='ocrx_word' id='word_1_89' title='bbox 488 1699 590 1765; x_wconf 85' lang='lat' dir='ltr'>oblata</span> <span class='ocrx_word' id='word_1_90' title='bbox 620 1702 786 1775; x_wconf 80' lang='lat' dir='ltr'>contemni,</span> <span class='ocrx_word' id='word_1_91' title='bbox 810 1721 903 1784; x_wconf 87' lang='lat' dir='ltr'>quam</span> <span class='ocrx_word' id='word_1_92' title='bbox 928 1701 1032 1767; x_wconf 92' lang='lat' dir='ltr'>damni</span> <span class='ocrx_word' id='word_1_93' title='bbox 1068 1703 1207 1772; x_wconf 88' lang='lat' dir='ltr'>donasse.</span> 
     </span>
     <span class='ocr_line' id='line_1_13' title="bbox 87 1804 1208 1888; baseline 0.007 -25"><span class='ocrx_word' id='word_1_94' title='bbox 87 1817 139 1879; x_wconf 83' lang='lat' dir='ltr'>qua</span> <span class='ocrx_word' id='word_1_95' title='bbox 158 1811 274 1885; x_wconf 77' lang='lat' dir='ltr'>sumpta</span> <span class='ocrx_word' id='word_1_96' title='bbox 297 1812 376 1869; x_wconf 89' lang='lat' dir='ltr'>snut.</span> <span class='ocrx_word' id='word_1_97' title='bbox 412 1804 506 1888; x_wconf 84' lang='lat' dir='ltr'>igitur</span> <span class='ocrx_word' id='word_1_98' title='bbox 529 1825 565 1870; x_wconf 86' lang='lat' dir='ltr'>ea</span> <span class='ocrx_word' id='word_1_99' title='bbox 587 1825 724 1882; x_wconf 89' lang='lat' dir='ltr'>munera,</span> <span class='ocrx_word' id='word_1_100' title='bbox 740 1825 810 1888; x_wconf 83' lang='lat' dir='ltr'>quae</span> <span class='ocrx_word' id='word_1_101' title='bbox 824 1806 855 1869; x_wconf 95' lang='lat' dir='ltr'>in</span> <span class='ocrx_word' id='word_1_102' title='bbox 872 1805 996 1871; x_wconf 90' lang='lat' dir='ltr'>alterius</span> <span class='ocrx_word' id='word_1_103' title='bbox 1009 1812 1208 1887; x_wconf 78' lang='lat' dir='ltr'>operarentur</span> 
     </span>
     <span class='ocr_line' id='line_1_14' title="bbox 89 1901 1206 1990; baseline 0.011 -28"><span class='ocrx_word' id='word_1_104' title='bbox 89 1901 215 1990; x_wconf 91' lang='lat' dir='ltr'>iniuriam,</span> <span class='ocrx_word' id='word_1_105' title='bbox 238 1907 383 1974; x_wconf 84' lang='lat' dir='ltr'>inhibuit.</span> <span class='ocrx_word' id='word_1_106' title='bbox 417 1928 489 1981; x_wconf 89' lang='lat' dir='ltr'>nam</span> <span class='ocrx_word' id='word_1_107' title='bbox 512 1910 539 1974; x_wconf 90' lang='lat' dir='ltr'>si</span> <span class='ocrx_word' id='word_1_108' title='bbox 562 1929 651 1975; x_wconf 89' lang='lat' dir='ltr'>usum</span> <span class='ocrx_word' id='word_1_109' title='bbox 674 1910 800 1974; x_wconf 92' lang='lat' dir='ltr'>omnino</span> <span class='ocrx_word' id='word_1_110' title='bbox 830 1930 993 1975; x_wconf 91' lang='lat' dir='ltr'>munerum</span> <span class='ocrx_word' id='word_1_111' title='bbox 1022 1909 1206 1988; x_wconf 85' lang='lat' dir='ltr'>abstulisset,</span> 
     </span>
     <span class='ocr_line' id='line_1_15' title="bbox 90 2006 1207 2098; baseline 0.008 -29"><span class='ocrx_word' id='word_1_112' title='bbox 90 2006 144 2071; x_wconf 83' lang='lat' dir='ltr'>satis</span> <span class='ocrx_word' id='word_1_113' title='bbox 169 2011 264 2077; x_wconf 83' lang='lat' dir='ltr'>luerat</span> <span class='ocrx_word' id='word_1_114' title='bbox 294 2013 425 2078; x_wconf 80' lang='lat' dir='ltr'>dixisse:</span> <span class='ocrx_word' id='word_1_115' title='bbox 464 2020 502 2079; x_wconf 89' lang='lat' dir='ltr'>et</span> <span class='ocrx_word' id='word_1_116' title='bbox 532 2032 694 2078; x_wconf 88' lang='lat' dir='ltr'>munera</span> <span class='ocrx_word' id='word_1_117' title='bbox 730 2034 806 2079; x_wconf 91' lang='lat' dir='ltr'>non</span> <span class='ocrx_word' id='word_1_118' title='bbox 841 2013 1003 2095; x_wconf 86' lang='lat' dir='ltr'>aecipit.</span> <span class='ocrx_word' id='word_1_119' title='bbox 1049 2013 1105 2079; x_wconf 89' lang='lat' dir='ltr'>sed</span> <span class='ocrx_word' id='word_1_120' title='bbox 1135 2014 1207 2098; x_wconf 90' lang='lat' dir='ltr'>qnia</span> 
     </span>
     <span class='ocr_line' id='line_1_16' title="bbox 89 2108 1257 2192; baseline 0.009 -16"><span class='ocrx_word' id='word_1_121' title='bbox 89 2108 192 2192; x_wconf 77' lang='lat' dir='ltr'>simplex</span> <span class='ocrx_word' id='word_1_122' title='bbox 213 2117 364 2182; x_wconf 90' lang='lat' dir='ltr'>donorum</span> <span class='ocrx_word' id='word_1_123' title='bbox 385 2136 460 2182; x_wconf 90' lang='lat' dir='ltr'>usus</span> <span class='ocrx_word' id='word_1_124' title='bbox 482 2125 534 2182; x_wconf 88' lang='lat' dir='ltr'>aut</span> <span class='ocrx_word' id='word_1_125' title='bbox 556 2138 594 2183; x_wconf 82' lang='lat' dir='ltr'>ex</span> <span class='ocrx_word' id='word_1_126' title='bbox 616 2116 753 2183; x_wconf 91' lang='lat' dir='ltr'>hominis</span> <span class='ocrx_word' id='word_1_127' title='bbox 787 2124 839 2183; x_wconf 87' lang='lat' dir='ltr'>aut</span> <span class='ocrx_word' id='word_1_128' title='bbox 868 2118 962 2184; x_wconf 88' lang='lat' dir='ltr'>etiam</span> <span class='ocrx_word' id='word_1_129' title='bbox 984 2138 1021 2183; x_wconf 81' lang='lat' dir='ltr'>en</span> <span class='ocrx_word' id='word_1_130' title='bbox 1045 2116 1095 2183; x_wconf 88' lang='lat' dir='ltr'>dei</span> <span class='ocrx_word' id='word_1_131' title='bbox 1117 2137 1204 2184; x_wconf 89' lang='lat' dir='ltr'>reue·</span> <span class='ocrx_word' id='word_1_132' title='bbox 1235 2150 1257 2186; x_wconf 79' lang='lat' dir='ltr'>o</span> 
     </span>
     <span class='ocr_line' id='line_1_17' title="bbox 90 2217 1205 2307; baseline 0.009 -31"><span class='ocrx_word' id='word_1_133' title='bbox 90 2217 163 2281; x_wconf 89' lang='lat' dir='ltr'>rentio</span> <span class='ocrx_word' id='word_1_134' title='bbox 182 2221 274 2297; x_wconf 84' lang='lat' dir='ltr'>uenit,</span> <span class='ocrx_word' id='word_1_135' title='bbox 298 2242 334 2286; x_wconf 90' lang='lat' dir='ltr'>ea</span> <span class='ocrx_word' id='word_1_136' title='bbox 357 2221 453 2286; x_wconf 86' lang='lat' dir='ltr'>uetuit</span> <span class='ocrx_word' id='word_1_137' title='bbox 475 2241 613 2298; x_wconf 91' lang='lat' dir='ltr'>munera,</span> <span class='ocrx_word' id='word_1_138' title='bbox 637 2241 707 2305; x_wconf 72' lang='lat' dir='ltr'>quoa</span> <span class='ocrx_word' id='word_1_139' title='bbox 729 2222 1205 2307; x_wconf 83' lang='lat' dir='ltr'>integritatemiudieiioormm-</span> 
     </span>
     <span class='ocr_line' id='line_1_18' title="bbox 91 2325 1205 2411; baseline 0.002 -20"><span class='ocrx_word' id='word_1_140' title='bbox 91 2330 177 2399; x_wconf 64' lang='lat' dir='ltr'>larem,</span> <span class='ocrx_word' id='word_1_141' title='bbox 204 2344 273 2409; x_wconf 82' lang='lat' dir='ltr'>quae</span> <span class='ocrx_word' id='word_1_142' title='bbox 303 2325 475 2391; x_wconf 81' lang='lat' dir='ltr'>innocentie</span> <span class='ocrx_word' id='word_1_143' title='bbox 505 2326 649 2390; x_wconf 89' lang='lat' dir='ltr'>iniuriam</span> <span class='ocrx_word' id='word_1_144' title='bbox 679 2335 826 2404; x_wconf 79' lang='lat' dir='ltr'>emerent,</span> <span class='ocrx_word' id='word_1_145' title='bbox 860 2347 930 2411; x_wconf 83' lang='lat' dir='ltr'>quae</span> <span class='ocrx_word' id='word_1_146' title='bbox 960 2325 1078 2392; x_wconf 89' lang='lat' dir='ltr'>nullum</span> <span class='ocrx_word' id='word_1_147' title='bbox 1105 2327 1140 2390; x_wconf 87' lang='lat' dir='ltr'>in</span> <span class='ocrx_word' id='word_1_148' title='bbox 1171 2347 1205 2393; x_wconf 90' lang='lat' dir='ltr'>se</span> 
     </span>
     <span class='ocr_line' id='line_1_19' title="bbox 90 2423 1203 2514; baseline 0.012 -31"><span class='ocrx_word' id='word_1_149' title='bbox 90 2423 195 2492; x_wconf 76' lang='lat' dir='ltr'>canutio</span> <span class='ocrx_word' id='word_1_150' title='bbox 217 2436 333 2495; x_wconf 71' lang='lat' dir='ltr'>mutuae</span> <span class='ocrx_word' id='word_1_151' title='bbox 360 2429 495 2495; x_wconf 85' lang='lat' dir='ltr'>olfieium</span> <span class='ocrx_word' id='word_1_152' title='bbox 519 2431 720 2496; x_wconf 84' lang='lat' dir='ltr'>continerent.</span> <span class='ocrx_word' id='word_1_153' title='bbox 767 2431 905 2496; x_wconf 84' lang='lat' dir='ltr'>atenim</span> <span class='ocrx_word' id='word_1_154' title='bbox 930 2452 999 2514; x_wconf 77' lang='lat' dir='ltr'>quae</span> <span class='ocrx_word' id='word_1_155' title='bbox 1022 2432 1079 2495; x_wconf 92' lang='lat' dir='ltr'>deo</span> <span class='ocrx_word' id='word_1_156' title='bbox 1103 2428 1203 2496; x_wconf 85' lang='lat' dir='ltr'>offeri-</span> 
     </span>
     <span class='ocr_line' id='line_1_20' title="bbox 90 2529 1203 2618; baseline 0.007 -26"><span class='ocrx_word' id='word_1_157' title='bbox 90 2543 146 2600; x_wconf 83' lang='lat' dir='ltr'>mus,</span> <span class='ocrx_word' id='word_1_158' title='bbox 165 2529 209 2596; x_wconf 88' lang='lat' dir='ltr'>his</span> <span class='ocrx_word' id='word_1_159' title='bbox 232 2532 359 2616; x_wconf 91' lang='lat' dir='ltr'>quidem</span> <span class='ocrx_word' id='word_1_160' title='bbox 382 2533 432 2598; x_wconf 91' lang='lat' dir='ltr'>ille</span> <span class='ocrx_word' id='word_1_161' title='bbox 455 2554 515 2598; x_wconf 92' lang='lat' dir='ltr'>non</span> <span class='ocrx_word' id='word_1_162' title='bbox 540 2540 619 2618; x_wconf 85' lang='lat' dir='ltr'>eget.</span> <span class='ocrx_word' id='word_1_163' title='bbox 650 2535 705 2599; x_wconf 91' lang='lat' dir='ltr'>sed</span> <span class='ocrx_word' id='word_1_164' title='bbox 729 2556 785 2615; x_wconf 80' lang='lat' dir='ltr'>per</span> <span class='ocrx_word' id='word_1_165' title='bbox 808 2554 864 2599; x_wconf 91' lang='lat' dir='ltr'>nos</span> <span class='ocrx_word' id='word_1_166' title='bbox 887 2535 999 2600; x_wconf 85' lang='lat' dir='ltr'>debitae</span> <span class='ocrx_word' id='word_1_167' title='bbox 1024 2536 1203 2600; x_wconf 74' lang='lat' dir='ltr'>reuerentiae</span> 
     </span>
     <span class='ocr_line' id='line_1_21' title="bbox 87 2630 1255 2715; baseline 0.009 -20"><span class='ocrx_word' id='word_1_168' title='bbox 87 2630 218 2709; x_wconf 80' lang='lat' dir='ltr'>explentur</span> <span class='ocrx_word' id='word_1_169' title='bbox 239 2637 352 2715; x_wconf 83' lang='lat' dir='ltr'>ollieio,</span> <span class='ocrx_word' id='word_1_170' title='bbox 383 2637 424 2702; x_wconf 90' lang='lat' dir='ltr'>ita</span> <span class='ocrx_word' id='word_1_171' title='bbox 447 2638 569 2704; x_wconf 87' lang='lat' dir='ltr'>eumin</span> <span class='ocrx_word' id='word_1_172' title='bbox 593 2639 772 2704; x_wconf 89' lang='lat' dir='ltr'>muneribus</span> <span class='ocrx_word' id='word_1_173' title='bbox 802 2638 892 2704; x_wconf 86' lang='lat' dir='ltr'>doeat</span> <span class='ocrx_word' id='word_1_174' title='bbox 926 2639 1109 2703; x_wconf 84' lang='lat' dir='ltr'>seruandam</span> <span class='ocrx_word' id='word_1_175' title='bbox 1133 2658 1203 2705; x_wconf 89' lang='lat' dir='ltr'>esse</span> <span class='ocrx_word' id='word_1_176' title='bbox 1231 2672 1255 2706; x_wconf 78' lang='lat' dir='ltr'>n</span> 
     </span>
     <span class='ocr_line' id='line_1_22' title="bbox 87 2734 1202 2826; baseline 0.009 -28"><span class='ocrx_word' id='word_1_177' title='bbox 87 2734 215 2820; x_wconf 74' lang='lat' dir='ltr'>rationem,</span> <span class='ocrx_word' id='word_1_178' title='bbox 238 2748 270 2805; x_wconf 88' lang='lat' dir='ltr'>ut</span> <span class='ocrx_word' id='word_1_179' title='bbox 293 2762 329 2807; x_wconf 89' lang='lat' dir='ltr'>ea</span> <span class='ocrx_word' id='word_1_180' title='bbox 351 2749 512 2806; x_wconf 88' lang='lat' dir='ltr'>sumantur</span> <span class='ocrx_word' id='word_1_181' title='bbox 533 2763 552 2806; x_wconf 87' lang='lat' dir='ltr'>e</span> <span class='ocrx_word' id='word_1_182' title='bbox 575 2742 672 2818; x_wconf 92' lang='lat' dir='ltr'>nobis,</span> <span class='ocrx_word' id='word_1_183' title='bbox 697 2762 765 2825; x_wconf 84' lang='lat' dir='ltr'>quae</span> <span class='ocrx_word' id='word_1_184' title='bbox 788 2743 851 2808; x_wconf 89' lang='lat' dir='ltr'>sint</span> <span class='ocrx_word' id='word_1_185' title='bbox 872 2750 961 2826; x_wconf 83' lang='lat' dir='ltr'>grata</span> <span class='ocrx_word' id='word_1_186' title='bbox 977 2749 1008 2807; x_wconf 88' lang='lat' dir='ltr'>et</span> <span class='ocrx_word' id='word_1_187' title='bbox 1022 2742 1107 2807; x_wconf 88' lang='lat' dir='ltr'>utilia</span> <span class='ocrx_word' id='word_1_188' title='bbox 1129 2739 1202 2808; x_wconf 86' lang='lat' dir='ltr'>offe-</span> 
     </span>
     <span class='ocr_line' id='line_1_23' title="bbox 84 2839 1202 2929; baseline 0.012 -32"><span class='ocrx_word' id='word_1_189' title='bbox 84 2839 204 2910; x_wconf 83' lang='lat' dir='ltr'>rentibus.</span> <span class='ocrx_word' id='word_1_190' title='bbox 228 2865 289 2910; x_wconf 94' lang='lat' dir='ltr'>non</span> <span class='ocrx_word' id='word_1_191' title='bbox 313 2866 383 2929; x_wconf 77' lang='lat' dir='ltr'>quae</span> <span class='ocrx_word' id='word_1_192' title='bbox 405 2866 461 2910; x_wconf 88' lang='lat' dir='ltr'>nos</span> <span class='ocrx_word' id='word_1_193' title='bbox 485 2845 600 2911; x_wconf 81' lang='lat' dir='ltr'>laniant</span> <span class='ocrx_word' id='word_1_194' title='bbox 621 2845 756 2923; x_wconf 72' lang='lat' dir='ltr'>uenales</span> <span class='ocrx_word' id='word_1_195' title='bbox 780 2866 838 2911; x_wconf 87' lang='lat' dir='ltr'>neo</span> <span class='ocrx_word' id='word_1_196' title='bbox 860 2847 1009 2911; x_wconf 88' lang='lat' dir='ltr'>insidiosa</span> <span class='ocrx_word' id='word_1_197' title='bbox 1032 2846 1202 2911; x_wconf 80' lang='lat' dir='ltr'>innocenti-</span> 
     </span>
    </p>

    <p class='ocr_par' dir='ltr' id='par_1_5' title="bbox 10 2937 1202 3139">
     <span class='ocr_line' id='line_1_24' title="bbox 10 2937 1202 3032; baseline 0.004 -23"><span class='ocrx_word' id='word_1_198' title='bbox 10 2944 12 2951; x_wconf 87' lang='lat'>&#39;</span> <span class='ocrx_word' id='word_1_199' title='bbox 84 2937 128 3005; x_wconf 77' lang='lat' dir='ltr'>bus</span> <span class='ocrx_word' id='word_1_200' title='bbox 145 2946 206 3026; x_wconf 76' lang='lat' dir='ltr'>sint,</span> <span class='ocrx_word' id='word_1_201' title='bbox 230 2968 290 3015; x_wconf 86' lang='lat' dir='ltr'>neo</span> <span class='ocrx_word' id='word_1_202' title='bbox 313 2950 546 3015; x_wconf 84' lang='lat' dir='ltr'>munerantibus</span> <span class='ocrx_word' id='word_1_203' title='bbox 569 2956 755 3031; x_wconf 83' lang='lat' dir='ltr'>sumptuosa,</span> <span class='ocrx_word' id='word_1_204' title='bbox 783 2950 885 3015; x_wconf 87' lang='lat' dir='ltr'>oflieio</span> <span class='ocrx_word' id='word_1_205' title='bbox 908 2950 1009 3030; x_wconf 80' lang='lat' dir='ltr'>potius</span> <span class='ocrx_word' id='word_1_206' title='bbox 1032 2968 1127 3032; x_wconf 89' lang='lat' dir='ltr'>quam</span> <span class='ocrx_word' id='word_1_207' title='bbox 1149 2969 1202 3014; x_wconf 90' lang='lat' dir='ltr'>ou·</span> 
     </span>
     <span class='ocr_line' id='line_1_25' title="bbox 84 3044 1202 3139; baseline -0.003 -18"><span class='ocrx_word' id='word_1_208' title='bbox 84 3044 185 3121; x_wconf 72' lang='lat' dir='ltr'>lidibte</span> <span class='ocrx_word' id='word_1_209' title='bbox 213 3058 344 3134; x_wconf 78' lang='lat' dir='ltr'>sumpta,</span> <span class='ocrx_word' id='word_1_210' title='bbox 386 3053 502 3119; x_wconf 91' lang='lat' dir='ltr'>bonore</span> <span class='ocrx_word' id='word_1_211' title='bbox 530 3054 654 3138; x_wconf 84' lang='lat' dir='ltr'>ingesta</span> <span class='ocrx_word' id='word_1_212' title='bbox 684 3073 775 3137; x_wconf 85' lang='lat' dir='ltr'>quarn</span> <span class='ocrx_word' id='word_1_213' title='bbox 809 3061 899 3130; x_wconf 89' lang='lat' dir='ltr'>metu,</span> <span class='ocrx_word' id='word_1_214' title='bbox 945 3053 1071 3118; x_wconf 74' lang='lat' dir='ltr'>oenum</span> <span class='ocrx_word' id='word_1_215' title='bbox 1102 3055 1202 3139; x_wconf 82' lang='lat' dir='ltr'>magis</span> 
     </span>
    </p>
   </div>
   <div class='ocr_carea' id='block_1_5' title="bbox 81 3155 1254 3253">
    <p class='ocr_par' dir='ltr' id='par_1_6' title="bbox 81 3155 1254 3253">
     <span class='ocr_line' id='line_1_26' title="bbox 81 3155 1254 3253; baseline 0.009 -36"><span class='ocrx_word' id='word_1_216' title='bbox 81 3162 199 3234; x_wconf 77' lang='lat' dir='ltr'>susepte</span> <span class='ocrx_word' id='word_1_217' title='bbox 220 3176 316 3240; x_wconf 72' lang='lat' dir='ltr'>qima</span> <span class='ocrx_word' id='word_1_218' title='bbox 338 3155 430 3222; x_wconf 87' lang='lat' dir='ltr'>luero.</span> <span class='ocrx_word' id='word_1_219' title='bbox 1229 3217 1254 3253; x_wconf 73' lang='lat' dir='ltr'>a</span> 
     </span>
    </p>
   </div>
   <div class='ocr_carea' id='block_1_6' title="bbox 74 3281 1202 3680">
    <p class='ocr_par' dir='ltr' id='par_1_7' title="bbox 74 3281 1202 3680">
     <span class='ocr_line' id='line_1_27' title="bbox 118 3281 1202 3368; baseline 0.008 -23"><span class='ocrx_word' id='word_1_220' title='bbox 118 3281 156 3347; x_wconf 87' lang='grc'>17.</span> <span class='ocrx_word' id='word_1_221' title='bbox 175 3286 245 3367; x_wconf 86' lang='lat' dir='ltr'>Qui</span> <span class='ocrx_word' id='word_1_222' title='bbox 268 3285 374 3352; x_wconf 86' lang='lat' dir='ltr'>feeit</span> <span class='ocrx_word' id='word_1_223' title='bbox 396 3286 485 3364; x_wconf 89' lang='lat' dir='ltr'>haeo,</span> <span class='ocrx_word' id='word_1_224' title='bbox 505 3307 582 3351; x_wconf 93' lang='lat' dir='ltr'>non</span> <span class='ocrx_word' id='word_1_225' title='bbox 604 3287 838 3352; x_wconf 87' lang='lat' dir='ltr'>monebitur</span> <span class='ocrx_word' id='word_1_226' title='bbox 861 3287 898 3350; x_wconf 91' lang='lat' dir='ltr'>in</span> <span class='ocrx_word' id='word_1_227' title='bbox 921 3294 1122 3353; x_wconf 81' lang='lat' dir='ltr'>aeternnm.</span> <span class='ocrx_word' id='word_1_228' title='bbox 1146 3309 1202 3368; x_wconf 86' lang='lat' dir='ltr'>per</span> 
     </span>
     <span class='ocr_line' id='line_1_28' title="bbox 79 3379 1200 3475; baseline 0.005 -26"><span class='ocrx_word' id='word_1_229' title='bbox 79 3379 133 3449; x_wconf 73' lang='lat' dir='ltr'>hue</span> <span class='ocrx_word' id='word_1_230' title='bbox 145 3387 232 3472; x_wconf 79' lang='lat' dir='ltr'>igitur</span> <span class='ocrx_word' id='word_1_231' title='bbox 247 3399 296 3456; x_wconf 92' lang='lat' dir='ltr'>est</span> <span class='ocrx_word' id='word_1_232' title='bbox 311 3389 460 3456; x_wconf 86' lang='lat' dir='ltr'>habitatio</span> <span class='ocrx_word' id='word_1_233' title='bbox 475 3391 506 3455; x_wconf 93' lang='lat' dir='ltr'>in</span> <span class='ocrx_word' id='word_1_234' title='bbox 523 3389 726 3469; x_wconf 87' lang='lat' dir='ltr'>tabernaoulo,</span> <span class='ocrx_word' id='word_1_235' title='bbox 743 3411 798 3472; x_wconf 86' lang='lat' dir='ltr'>per</span> <span class='ocrx_word' id='word_1_236' title='bbox 814 3390 881 3455; x_wconf 77' lang='lat' dir='ltr'>haee</span> <span class='ocrx_word' id='word_1_237' title='bbox 897 3392 1020 3475; x_wconf 87' lang='lat' dir='ltr'>requies</span> <span class='ocrx_word' id='word_1_238' title='bbox 1038 3392 1071 3456; x_wconf 93' lang='lat' dir='ltr'>iu</span> <span class='ocrx_word' id='word_1_239' title='bbox 1086 3397 1200 3457; x_wconf 91' lang='lat' dir='ltr'>monte.</span> 
     </span>
     <span class='ocr_line' id='line_1_29' title="bbox 77 3495 1200 3580; baseline 0.007 -27"><span class='ocrx_word' id='word_1_240' title='bbox 77 3496 154 3556; x_wconf 76' lang='lat' dir='ltr'>restat</span> <span class='ocrx_word' id='word_1_241' title='bbox 180 3514 252 3580; x_wconf 85' lang='lat' dir='ltr'>ergo</span> <span class='ocrx_word' id='word_1_242' title='bbox 283 3500 505 3576; x_wconf 81' lang='lat' dir='ltr'>praeeoptomm</span> <span class='ocrx_word' id='word_1_243' title='bbox 536 3495 674 3561; x_wconf 80' lang='lat' dir='ltr'>custodia</span> <span class='ocrx_word' id='word_1_244' title='bbox 697 3504 728 3560; x_wconf 88' lang='lat' dir='ltr'>et</span> <span class='ocrx_word' id='word_1_245' title='bbox 751 3496 965 3560; x_wconf 87' lang='lat' dir='ltr'>mandatorum</span> <span class='ocrx_word' id='word_1_246' title='bbox 996 3516 1080 3576; x_wconf 88' lang='lat' dir='ltr'>opus.</span> <span class='ocrx_word' id='word_1_247' title='bbox 1128 3517 1200 3561; x_wconf 86' lang='lat' dir='ltr'>oon-</span> 
     </span>
     <span class='ocr_line' id='line_1_30' title="bbox 74 3592 1201 3680; baseline 0.008 -25"><span class='ocrx_word' id='word_1_248' title='bbox 74 3592 175 3663; x_wconf 80' lang='lat' dir='ltr'>lenum</span> <span class='ocrx_word' id='word_1_249' title='bbox 196 3607 243 3664; x_wconf 85' lang='lat' dir='ltr'>est</span> <span class='ocrx_word' id='word_1_250' title='bbox 266 3599 402 3680; x_wconf 87' lang='lat' dir='ltr'>psalmus</span> <span class='ocrx_word' id='word_1_251' title='bbox 425 3600 457 3665; x_wconf 93' lang='lat' dir='ltr'>in</span> <span class='ocrx_word' id='word_1_252' title='bbox 481 3600 607 3677; x_wconf 82' lang='lat' dir='ltr'>uiscera,</span> <span class='ocrx_word' id='word_1_253' title='bbox 631 3600 814 3665; x_wconf 80' lang='lat' dir='ltr'>scribendus</span> <span class='ocrx_word' id='word_1_254' title='bbox 831 3600 862 3663; x_wconf 92' lang='lat' dir='ltr'>in</span> <span class='ocrx_word' id='word_1_255' title='bbox 878 3599 981 3678; x_wconf 86' lang='lat' dir='ltr'>eorde,</span> <span class='ocrx_word' id='word_1_256' title='bbox 1005 3601 1037 3664; x_wconf 94' lang='lat' dir='ltr'>in</span> <span class='ocrx_word' id='word_1_257' title='bbox 1053 3601 1201 3665; x_wconf 86' lang='lat' dir='ltr'>memoria</span> 
     </span>
    </p>
   </div>
   <div class='ocr_carea' id='block_1_7' title="bbox 43 3825 1200 4504">
    <p class='ocr_par' dir='ltr' id='par_1_8' title="bbox 43 3825 1200 4504">
     <span class='ocr_line' id='line_1_31' title="bbox 108 3825 1199 3895; baseline 0.004 -20"><span class='ocrx_word' id='word_1_258' title='bbox 108 3825 186 3893; x_wconf 65' lang='lat' dir='ltr'>lxbi</span> <span class='ocrx_word' id='word_1_259' title='bbox 216 3827 239 3879; x_wconf 88' lang='lat' dir='ltr'><em>V</em></span> <span class='ocrx_word' id='word_1_260' title='bbox 289 3828 307 3879; x_wconf 77' lang='lat'>2</span> <span class='ocrx_word' id='word_1_261' title='bbox 330 3833 404 3880; x_wconf 79' lang='lat' dir='ltr'>esset</span> <span class='ocrx_word' id='word_1_262' title='bbox 427 3833 456 3881; x_wconf 86' lang='lat' dir='ltr'>at</span> <span class='ocrx_word' id='word_1_263' title='bbox 472 3825 656 3895; x_wconf 74' lang='lat' dir='ltr'>indigentiam</span> <span class='ocrx_word' id='word_1_264' title='bbox 680 3827 704 3880; x_wconf 92' lang='lat' dir='ltr'><em>V</em></span> <span class='ocrx_word' id='word_1_265' title='bbox 754 3828 916 3895; x_wconf 77' lang='lat' dir='ltr'>bpaenitue</span> <span class='ocrx_word' id='word_1_266' title='bbox 940 3829 988 3883; x_wconf 91' lang='lat' dir='ltr'>VR</span> <span class='ocrx_word' id='word_1_267' title='bbox 1041 3826 1199 3881; x_wconf 78' lang='lat' dir='ltr'>&#39;ladioiens</span> 
     </span>
     <span class='ocr_line' id='line_1_32' title="bbox 64 3910 1200 3978; baseline 0.002 -14"><span class='ocrx_word' id='word_1_268' title='bbox 64 3910 148 3978; x_wconf 59' lang='lat' dir='ltr'>seips·</span> <span class='ocrx_word' id='word_1_269' title='bbox 164 3911 191 3964; x_wconf 89' lang='lat' dir='ltr'>id</span> <span class='ocrx_word' id='word_1_270' title='bbox 209 3912 333 3967; x_wconf 78' lang='lat' dir='ltr'>sdieiens</span> <span class='ocrx_word' id='word_1_271' title='bbox 357 3912 491 3967; x_wconf 83' lang='lat' dir='ltr'>Vdioane</span> <span class='ocrx_word' id='word_1_272' title='bbox 510 3914 536 3966; x_wconf 98' lang='lat' dir='ltr'><em>R</em></span> <span class='ocrx_word' id='word_1_273' title='bbox 590 3915 620 3966; x_wconf 93' lang='lat' dir='ltr'>ll</span> <span class='ocrx_word' id='word_1_274' title='bbox 640 3914 755 3966; x_wconf 83' lang='lat' dir='ltr'>maximi</span> <span class='ocrx_word' id='word_1_275' title='bbox 774 3914 878 3967; x_wconf 91' lang='lat' dir='ltr'>doloris</span> <span class='ocrx_word' id='word_1_276' title='bbox 896 3933 927 3968; x_wconf 78' lang='lat' dir='ltr'>ea</span> <span class='ocrx_word' id='word_1_277' title='bbox 944 3913 1059 3968; x_wconf 83' lang='lat' dir='ltr'>maximi</span> <span class='ocrx_word' id='word_1_278' title='bbox 1083 3914 1200 3966; x_wconf 71' lang='lat' dir='ltr'>donuae</span> 
     </span>
     <span class='ocr_line' id='line_1_33' title="bbox 62 3994 1198 4068; baseline 0.003 -18"><span class='ocrx_word' id='word_1_279' title='bbox 62 3994 159 4051; x_wconf 76' lang='lat' dir='ltr'>dolori·</span> <span class='ocrx_word' id='word_1_280' title='bbox 183 4018 214 4053; x_wconf 73' lang='lat' dir='ltr'>nu</span> <span class='ocrx_word' id='word_1_281' title='bbox 239 3999 261 4053; x_wconf 73' lang='lat'><em>2</em></span> <span class='ocrx_word' id='word_1_282' title='bbox 284 4000 310 4052; x_wconf 91' lang='lat' dir='ltr'><em>V</em></span> <span class='ocrx_word' id='word_1_283' title='bbox 367 4000 527 4054; x_wconf 78' lang='lat' dir='ltr'>eontemnui</span> <span class='ocrx_word' id='word_1_284' title='bbox 551 4000 576 4051; x_wconf 91' lang='lat' dir='ltr'><em>V</em></span> <span class='ocrx_word' id='word_1_285' title='bbox 634 4016 717 4068; x_wconf 79' lang='lat' dir='ltr'>quarn</span> <span class='ocrx_word' id='word_1_286' title='bbox 744 4000 846 4054; x_wconf 75' lang='lat' dir='ltr'>damna</span> <span class='ocrx_word' id='word_1_287' title='bbox 869 4001 985 4054; x_wconf 84' lang='lat' dir='ltr'>donasse</span> <span class='ocrx_word' id='word_1_288' title='bbox 1013 4001 1038 4053; x_wconf 91' lang='lat' dir='ltr'><em>R</em></span> <span class='ocrx_word' id='word_1_289' title='bbox 1065 4000 1198 4068; x_wconf 83' lang='lat' dir='ltr'>quaedam</span> 
     </span>
     <span class='ocr_line' id='line_1_34' title="bbox 58 4071 1198 4157; baseline 0.003 -20"><span class='ocrx_word' id='word_1_290' title='bbox 58 4081 232 4140; x_wconf 69' lang='lat' dir='ltr'>nudamur</span> <span class='ocrx_word' id='word_1_291' title='bbox 286 4088 320 4140; x_wconf 83' lang='lat' dir='ltr'>rs</span> <span class='ocrx_word' id='word_1_292' title='bbox 346 4071 601 4155; x_wconf 66' lang='lat' dir='ltr'>quaestuosiores.</span> <span class='ocrx_word' id='word_1_293' title='bbox 621 4085 702 4154; x_wconf 71' lang='lat' dir='ltr'>md)</span> <span class='ocrx_word' id='word_1_294' title='bbox 726 4094 838 4157; x_wconf 82' lang='lat' dir='ltr'>sumpta</span> <span class='ocrx_word' id='word_1_295' title='bbox 865 4094 931 4143; x_wconf 85' lang='lat' dir='ltr'>sunt</span> <span class='ocrx_word' id='word_1_296' title='bbox 948 4090 974 4142; x_wconf 92' lang='lat' dir='ltr'><em>R</em></span> <span class='ocrx_word' id='word_1_297' title='bbox 1029 4089 1060 4142; x_wconf 81' lang='lat'>13</span> <span class='ocrx_word' id='word_1_298' title='bbox 1084 4104 1148 4141; x_wconf 86' lang='lat' dir='ltr'>nam</span> <span class='ocrx_word' id='word_1_299' title='bbox 1175 4090 1198 4141; x_wconf 87' lang='lat' dir='ltr'>si</span> 
     </span>
     <span class='ocr_line' id='line_1_35' title="bbox 56 4168 1200 4244; baseline 0.003 -20"><span class='ocrx_word' id='word_1_300' title='bbox 56 4168 111 4224; x_wconf 73' lang='lat' dir='ltr'>fl</span> <span class='ocrx_word' id='word_1_301' title='bbox 132 4170 158 4225; x_wconf 83' lang='lat' dir='ltr'><em>V</em></span> <span class='ocrx_word' id='word_1_302' title='bbox 208 4173 241 4226; x_wconf 80' lang='lat'>17</span> <span class='ocrx_word' id='word_1_303' title='bbox 259 4178 389 4226; x_wconf 82' lang='lat' dir='ltr'>emerunt</span> <span class='ocrx_word' id='word_1_304' title='bbox 411 4174 436 4226; x_wconf 94' lang='lat' dir='ltr'><em>V</em></span> <span class='ocrx_word' id='word_1_305' title='bbox 487 4175 520 4228; x_wconf 83' lang='lat' dir='ltr'>la</span> <span class='ocrx_word' id='word_1_306' title='bbox 538 4178 566 4229; x_wconf 85' lang='lat' dir='ltr'>et</span> <span class='ocrx_word' id='word_1_307' title='bbox 584 4174 658 4229; x_wconf 88' lang='lat' dir='ltr'>enim</span> <span class='ocrx_word' id='word_1_308' title='bbox 682 4174 707 4228; x_wconf 94' lang='lat' dir='ltr'><em>V</em></span> <span class='ocrx_word' id='word_1_309' title='bbox 755 4177 792 4229; x_wconf 72' lang='lat'>20</span> <span class='ocrx_word' id='word_1_310' title='bbox 817 4177 946 4244; x_wconf 82' lang='lat' dir='ltr'>expletur</span> <span class='ocrx_word' id='word_1_311' title='bbox 963 4174 1085 4229; x_wconf 85' lang='lat' dir='ltr'>olfioium</span> <span class='ocrx_word' id='word_1_312' title='bbox 1109 4175 1134 4228; x_wconf 92' lang='lat' dir='ltr'><em>V</em></span> <span class='ocrx_word' id='word_1_313' title='bbox 1149 4174 1200 4228; x_wconf 92' lang='lat' dir='ltr'>im·</span> 
     </span>
     <span class='ocr_line' id='line_1_36' title="bbox 50 4256 1199 4331; baseline 0 -19"><span class='ocrx_word' id='word_1_314' title='bbox 50 4260 146 4328; x_wconf 73' lang='lat' dir='ltr'>plotus</span> <span class='ocrx_word' id='word_1_315' title='bbox 163 4256 313 4313; x_wconf 80' lang='lat' dir='ltr'>offluinmd</span> <span class='ocrx_word' id='word_1_316' title='bbox 365 4260 570 4314; x_wconf 73' lang='lat' dir='ltr'>obseruandum</span> <span class='ocrx_word' id='word_1_317' title='bbox 588 4262 680 4316; x_wconf 71' lang='lat' dir='ltr'>euseb</span> <span class='ocrx_word' id='word_1_318' title='bbox 732 4263 767 4316; x_wconf 72' lang='lat'>23</span> <span class='ocrx_word' id='word_1_319' title='bbox 785 4276 837 4315; x_wconf 88' lang='lat' dir='ltr'>neo</span> <span class='ocrx_word' id='word_1_320' title='bbox 848 4272 908 4315; x_wconf 75' lang='lat' dir='ltr'>onte</span> <span class='ocrx_word' id='word_1_321' title='bbox 919 4261 1130 4316; x_wconf 74' lang='lat' dir='ltr'>munerantibus</span> <span class='ocrx_word' id='word_1_322' title='bbox 1141 4280 1199 4331; x_wconf 81' lang='lat' dir='ltr'>sap.</span> 
     </span>
     <span class='ocr_line' id='line_1_37' title="bbox 46 4344 1199 4416; baseline 0.001 -16"><span class='ocrx_word' id='word_1_323' title='bbox 46 4348 94 4400; x_wconf 63' lang='lat' dir='ltr'>liu</span> <span class='ocrx_word' id='word_1_324' title='bbox 110 4364 130 4399; x_wconf 76' lang='lat' dir='ltr'>a</span> <span class='ocrx_word' id='word_1_325' title='bbox 147 4345 285 4414; x_wconf 42' lang='lat'>221⁷,</span> <span class='ocrx_word' id='word_1_326' title='bbox 321 4352 483 4416; x_wconf 81' lang='lat' dir='ltr'>sumptuosa</span> <span class='ocrx_word' id='word_1_327' title='bbox 508 4344 537 4413; x_wconf 93' lang='lat' dir='ltr'>(o</span> <span class='ocrx_word' id='word_1_328' title='bbox 563 4365 593 4402; x_wconf 74' lang='lat' dir='ltr'>a</span> <span class='ocrx_word' id='word_1_329' title='bbox 615 4348 693 4405; x_wconf 69' lang='lat' dir='ltr'>corr.)</span> <span class='ocrx_word' id='word_1_330' title='bbox 713 4348 739 4401; x_wconf 86' lang='lat' dir='ltr'><em>R</em></span> <span class='ocrx_word' id='word_1_331' title='bbox 791 4348 825 4400; x_wconf 73' lang='lat' dir='ltr'>at</span> <span class='ocrx_word' id='word_1_332' title='bbox 852 4347 881 4401; x_wconf 91' lang='lat' dir='ltr'>in</span> <span class='ocrx_word' id='word_1_333' title='bbox 908 4345 1090 4403; x_wconf 71' lang='lat' dir='ltr'>tabernaculi</span> <span class='ocrx_word' id='word_1_334' title='bbox 1118 4348 1144 4401; x_wconf 88' lang='lat' dir='ltr'><em>R</em></span> <span class='ocrx_word' id='word_1_335' title='bbox 1170 4348 1199 4401; x_wconf 93' lang='lat' dir='ltr'>in</span> 
     </span>
     <span class='ocr_line' id='line_1_38' title="bbox 43 4432 1042 4504; baseline -0.003 -14"><span class='ocrx_word' id='word_1_336' title='bbox 43 4432 261 4490; x_wconf 70' lang='lat' dir='ltr'>taber-mulum</span> <span class='ocrx_word' id='word_1_337' title='bbox 285 4433 310 4487; x_wconf 92' lang='lat' dir='ltr'><em>V</em></span> <span class='ocrx_word' id='word_1_338' title='bbox 357 4435 394 4488; x_wconf 73' lang='lat'>28</span> <span class='ocrx_word' id='word_1_339' title='bbox 411 4439 622 4503; x_wconf 72' lang='lat' dir='ltr'>praeceptorum</span> <span class='ocrx_word' id='word_1_340' title='bbox 640 4454 671 4489; x_wconf 74' lang='lat' dir='ltr'>ez</span> <span class='ocrx_word' id='word_1_341' title='bbox 691 4440 899 4504; x_wconf 83' lang='lat' dir='ltr'>praeoeptorem</span> <span class='ocrx_word' id='word_1_342' title='bbox 918 4433 990 4489; x_wconf 82' lang='lat' dir='ltr'>m.2</span> <span class='ocrx_word' id='word_1_343' title='bbox 1013 4435 1042 4488; x_wconf 91' lang='lat' dir='ltr'>V.</span> 
     </span>
    </p>
   </div>
   <div class='ocr_carea' id='block_1_8' title="bbox 0 144 1432 4844">
    <p class='ocr_par' dir='ltr' id='par_1_9' title="bbox 0 144 1432 4844">
     <span class='ocr_line' id='line_1_39' title="bbox 0 144 1432 4844; baseline 0 0"><span class='ocrx_word' id='word_1_344' title='bbox 0 144 1432 4844; x_wconf 95' lang='lat' dir='ltr'> </span> 
     </span>
    </p>
   </div>
  </div>
 </body>
</html>
