2790 4844
454 263 637 311 tractatus
662 258 696 310 in
722 258 890 326 psalmum
911 259 932 311 I.
1137 281 1140 286 ·
1203 253 1243 318 21

138 444 166 508 3.
193 443 363 523 Eaantem‚
387 466 456 528 qum
479 445 510 509 in
535 447 659 511 exordio
683 447 792 527 psalmi
814 448 911 528 posita
927 454 1006 521 sunt,
1031 447 1159 511 minime
1174 466 1244 527 per·

94 569 179 612 sarna
203 549 270 613 eius
294 549 498 633 dignitatique
522 551 723 628 conueniunt3
755 560 785 616 et
809 553 961 616 incautam
994 551 1072 616 lia-nc
1103 551 1144 614 ita
1166 571 1245 630 prau-

96 651 219 717 dieandi
255 652 434 717 facilitatem
469 656 535 734 ipsa
568 653 620 718 illa
657 664 835 739 coarguunt,
874 677 942 739 quau
981 655 1175 720 eontinentur
1212 655 1242 718 in

96 755 223 836 psalmo.
271 778 340 821 enm
376 759 459 822 enim
483 759 608 823 dieitur:
646 765 685 823 et
713 760 751 824 in
783 760 876 844 lege
908 760 1060 826 domini
1084 759 1244 823 fuitne·

97 859 231 925 luntas
261 862 358 938 eine,
390 881 459 927 eum
490 862 540 927 lex
571 883 625 943 per
656 864 705 927 dei
736 863 832 927 filiurn
864 864 924 928 lat-a
948 865 995 940 sit,
1027 863 1179 946 quomodo
1203 864 1242 927 ad
1282 886 1295 925 a

102 984 166 1028 enm
190 967 228 1028 ob
251 967 284 1030 id
309 967 465 1031 beatitudo
488 968 645 1042 reseretur,
670 967 741 1050 quia
764 967 904 1032 uoluntas
935 969 1001 1032 eius
1033 969 1064 1031 in
1097 967 1167 1050 lege
1191 969 1244 1031 do·

106 1069 175 1132 mini
197 1070 297 1143 luerit,
321 1090 389 1133 eum
414 1070 554 1134 domums
577 1071 643 1151 ipse
667 1072 706 1135 sit
729 1070 832 1154 legis?
878 1073 959 1155 qnod
982 1079 1082 1136 autem
1108 1070 1157 1135 lex
1180 1071 1244 1135 eius

109 1172 150 1245 sit
177 1173 205 1236 in
229 1174 348 1253 psalmo
372 1176 600 1259 septuagesimo
633 1183 663 1240 et
687 1176 817 1255 septimo
840 1177 906 1256 ipse
930 1182 1066 1252 testatur,
1103 1196 1162 1258 qno
1186 1175 1243 1238 ait:

113 1276 320 1354 adtendite,
351 1277 523 1359 populus
548 1280 726 1355 mensio
751 1279 1244 1363 legemmeam.inelinate

115 1397 228 1444 aurem
251 1388 429 1447 uestram
454 1383 490 1446 in
515 1384 639 1448 uerba
669 1385 751 1447 oris
784 1384 869 1449 mei.
917 1385 1096 1465 aperiam
1120 1384 1158 1447 in
1183 1403 1243 1463 pa·
1272 1404 1297 1439 ιο

118 1483 236 1548 rebarla
269 1507 311 1550 os
346 1506 480 1551 meum.
526 1494 556 1551 et
591 1487 658 1552 hae
688 1470 855 1552 Matthaeus
881 1488 1071 1573 euangelista
1105 1488 1143 1551 ab
1178 1487 1245 1567 ipso

125 1583 187 1650 diota
212 1610 278 1654 esse
309 1590 478 1668 confirmat,
510 1593 631 1656 dieens:
667 1593 758 1656 ideo
793 1593 831 1657 in
866 1592 1076 1674 parabolis
1111 1592 1242 1675 loque·

124 1687 287 1761 betunut
310 1694 545 1775 inpleretur
580 1699 680 1780 quod
706 1696 857 1762 dietum
889 1704 965 1762 est:
1002 1697 1181 1778 aperiam
1206 1696 1244 1758 in

128 1797 309 1869 parabolis
333 1820 374 1862 os
397 1820 532 1865 meum.
580 1800 771 1881 prophetiam
790 1822 864 1886 ergo
884 1821 971 1865 snam
995 1801 1136 1865 dominus
1153 1799 1244 1864 rebus

131 1894 234 1975 Inplent.
280 1924 352 1967 narn
383 1905 412 1967 in
445 1903 503 1979 hie,
538 1905 568 1968 in
607 1906 718 1988 quibus
757 1905 925 1970 locuturum
966 1926 999 1971 se
1029 1905 1243 1988 spoponderat,
1272 1924 1296 1961 ιο

132 2002 250 2075 punbelis
272 2016 320 2073 est
343 2007 470 2073 loeutus.
516 2010 545 2073 id
577 2011 847 2093 autemquodait:
883 2017 921 2074 et
944 2011 1023 2074 erit
1046 2016 1244 2092 tamquam

133 2099 262 2186 lignum,
287 2114 390 2195 quod
413 2112 638 2194 plantatum
662 2124 724 2178 est
748 2134 865 2178 secus
897 2116 1095 2179 decursus
1130 2133 1244 2196 aqua·
1340 2149 1342 2152 -

136 2223 192 2272 rnna
211 2216 290 2280 —in
316 2237 376 2300 quo
400 2218 595 2298 conparatiue
619 2219 817 2282 beatitudinis
842 2219 995 2299 profectus
1019 2218 1243 2282 ostenditur-

137 2321 251 2388 ‘monade
273 2342 413 2401 persona
437 2322 503 2387 eins
526 2323 637 2403 poterit
659 2324 804 2403 coaptari,
835 2331 867 2386 nt
891 2324 930 2387 sit
953 2323 1002 2386 dei
1034 2322 1096 2386 filio
1126 2322 1244 2402 plama-

137 2422 180 2478 turn
199 2418 301 2505 lignum
327 2427 455 2504 beatius,
479 2426 518 2490 ob
543 2429 625 2509 quod
656 2427 763 2491 beatus
794 2428 841 2505 sit,
875 2429 946 2511 qnia
970 2426 1133 2510 aliquando
1157 2426 1243 2490 simi·
1272 2445 1296 2479 ²0
1380 2469 1385 2480 ·

138 2512 259 2591 titudinem
282 2530 348 2593 eius
371 2530 512 2610 prosectu
535 2530 732 2595 beatitudinis
756 2529 984 2614 consequatur?
1029 2530 1141 2594 dehine
1173 2550 1243 2593 oram

138 2629 268 2695 suendum
302 2633 491 2713 Sapientiam
523 2641 553 2699 et
587 2634 757 2714 apostolum
792 2642 822 2698 et
855 2642 926 2699 ante
962 2633 1073 2699 saanrla
1108 2640 1139 2698 ot
1172 2642 1244 2697 ante

60 2800 62 2805 Ι
139 2734 237 2807 tenpore
259 2744 373 2801 aterna
405 2738 444 2802 sit
467 2746 497 2802 et
521 2739 744 2821 primogenitus
774 2740 874 2803 omnis
905 2747 1053 2803 ereatura
1089 2739 1135 2815 sit,
1160 2738 1244 2801 etin

137 2823 184 2904 llll
200 2847 223 2900 a.
244 2862 295 2920 per
319 2841 420 2922 ipsum
444 2850 546 2906 ereata
577 2843 639 2907 sint
661 2844 772 2920 omnia,
807 2844 959 2927 quomodo
983 2843 1032 2905 lais
1056 2841 1147 2906 rebus
1172 2861 1241 2904 cunr

139 2928 175 2995 liet
191 2939 292 3016 similis,
315 2944 424 3010 beatus
448 2958 504 3023 est,
528 2966 597 3029 qum
621 2948 660 3010 ab
683 2947 749 3027 ipso
774 2947 835 3011 sint
857 2943 1018 3011 instituta?
1049 2966 1117 3010 eum
1141 2966 1242 3028 neque
1270 2961 1295 2997 n.

138 3047 247 3112 nataris
274 3051 371 3114 uirtus
395 3053 434 3116 ad
457 3052 654 3116 beatitudinis
678 3073 740 3116 sum
774 3051 994 3133 perlectionem
1027 3050 1241 3133 comparatione

138 3152 201 3220 *dell
218 3162 369 3223 ereatura.
392 3175 493 3239 neque
517 3156 716 3238 primogeniti
747 3156 913 3240 antiquitas
943 3156 973 3219 in
1006 3175 1049 3229 eo,
1081 3156 1162 3238 quod
1186 3155 1244 3218 erit

166 3299 224 3360 Illa
240 3310 376 3378 Lxxvss,
397 3316 409 3364 l
430 3330 470 3379 eq.
508 3313 540 3365 19
559 3313 657 3367 Motth.
675 3313 749 3380 XIII,
768 3315 809 3367 35.

169 3422 223 3482 lte
246 3451 274 3484 ex
297 3438 326 3486 et
350 3434 422 3485 m?
454 3435 476 3487 Γ
527 3434 656 3488 minimae
684 3437 709 3487 Il
768 3419 924 3488 2incantae
943 3437 968 3488 Jt
1027 3437 1044 3488 3
1070 3435 1119 3487 illa
1146 3435 1206 3502 ipsa
1233 3454 1244 3483 ε

135 3506 507 3574 tarpeaimdiciaurom.V
559 3522 685 3575 5Inlnta
703 3521 776 3575 sitIt
829 3523 892 3575 60b
905 3522 933 3574 id
947 3540 995 3573 aar.
1017 3522 1039 3573 Γ
1085 3522 1142 3575 8in
1156 3539 1205 3573 om.
1227 3523 1246 3569 1’

135 3598 299 3670 semanimo
327 3615 355 3660 et
383 3608 500 3676 septimo
531 3609 554 3661 Γ
604 3608 740 3662 Lxxvss.
769 3611 793 3660 n
846 3609 1050 3677 septuagesimo
1077 3609 1194 3676 septimo
1222 3610 1248 3659 a:

135 3688 222 3770 testatur
245 3701 284 3746 eat
314 3694 348 3746 Γε
408 3711 469 3747 curn
495 3695 565 3748 aito
612 3699 628 3748 9
653 3696 744 3764 popul'
770 3701 828 3757 (om.
852 3693 939 3762 mens)
964 3715 981 3745 α
1008 3696 1107 3763 popule
1132 3712 1209 3747 meus
1233 3716 1245 3744 a

135 3765 449 3850 ¹1¹lttturerinlegem.
468 3783 521 3834 ll'
555 3784 825 3836 IOaureeuestrnse
860 3782 888 3834 in
907 3782 1045 3850 parabolis
1063 3783 1090 3833 E
1127 3784 1154 3834 ll
1173 3781 1245 3834 Mat-

135 3847 383 3921 the¹¹¹‘l'll1athens
410 3869 434 3920 R
480 3869 673 3936 euuangeliste
699 3871 723 3921 Il
775 3870 810 3923 ab
838 3886 869 3921 oo
897 3888 910 3919 a
975 3871 1006 3922 ll
1042 3885 1118 3921 suam
1150 3886 1198 3920 om.
1225 3870 1248 3919 Γ

136 3936 197 3995 reba,
226 3950 347 4007 dominns
385 3955 410 4006 n*
464 3956 496 4008 15
532 3956 656 4023 expleuit
681 3956 730 4007 ΓΕ
782 3956 882 4023 quibus
900 3955 957 4020 (om.
979 3954 1057 4021 inllt
1112 3971 1141 4007 se
1167 3955 1245 4008 locu-

135 4030 240 4086 ’ΜΓ
287 4042 318 4093 18
339 4041 536 4110 conparatione
555 4044 580 4094 Il
632 4043 720 4096 anob
740 4042 938 4110 quodbentins
964 4040 1000 4094 sit
1026 4043 1068 4093 aa
1122 4044 1153 4094 21
1182 4059 1244 4094 oum

136 4106 318 4234 iIltuupient‘ia
346 4133 374 4182 et
402 4129 543 4197 apostolus
578 4130 602 4181 Γ
669 4132 704 4184 22
731 4134 794 4182 anto
822 4149 851 4181 aa·
879 4128 991 4182 intem.
1016 4128 1036 4180 ἱ)
1062 4129 1083 4180 Γ
1151 4130 1184 4179 25
1211 4129 1245 4180 ei-

136 4229 183 4282 ΤΗ
203 4239 218 4287 Γ
259 4264 287 4300 er
330 4252 351 4303 Γ
393 4255 458 4304 sunt
479 4252 528 4304 ΓΕ
537 4251 654 4321 (praeter
666 4251 765 4310 Bnaa'l.)
801 4252 835 4304 26
848 4251 1075 4318 conparationem
1093 4253 1191 4318 aegeae
1218 4250 1244 4302 Γ.
