2790 4844
150 207 212 273 180
489 205 604 259 sancti
629 204 763 258 Hilarii
788 204 950 272 episcopi

146 399 187 463 ad
210 417 334 479 poenam
354 397 458 460 anima
479 396 545 461 eius
564 395 734 460 secundum
751 395 877 460 diuitem
895 394 1108 478 euangelicum
1126 395 1293 474 punienda

147 521 219 587 quae
242 504 348 567 uinens
372 501 420 566 sit.
1066 484 1074 500 '

193 607 220 670 6.
244 607 305 672 Sed
329 607 409 670 inter
443 606 509 670 haec
544 605 614 670 iusti
649 605 807 687 cuiusque,
842 611 1000 687 tamquam
1027 603 1134 668 Lazari
1168 603 1200 666 in
1224 603 1294 667 sinu

146 710 288 775 Abrabae
310 710 541 793 requiescentis.
567 709 670 773 laetitia
692 716 889 774 monstratur.
936 709 1076 792 sequitur
1104 708 1204 773 enirn:
1236 706 1296 771 lae·

107 816 304 880 stabitur
326 816 567 890 instus‚cum
593 813 749 877 uiderit
770 813 1013 879 uindictam:
1039 831 1177 877 manus
1201 830 1296 875 suaa

147 920 303 984 lanabit
323 919 362 983 in
387 917 586 1003 sanguine
609 918 855 1000 peccatoris.
895 919 1060 983 etdicet
1082 917 1213 980 homa:
1238 915 1295 979 sic

147 1025 286 1108 utique
325 1023 404 1089 erit
449 1024 607 1088 fructus
651 1021 784 1087 iusto?
822 1024 882 1087 sic
920 1022 1061 1106 utique
1099 1027 1161 1085 ast
1199 1021 1296 1084 deus

147 1128 335 1193 iudicans
352 1147 418 1192 eos
443 1129 480 1191 in
497 1134 615 1192 terra.
640 1124 746 1190 latitia
757 1127 828 1191 iusti
841 1133 896 1203 est,
909 1146 978 1190 enm
993 1126 1104 1191 uiderit
1116 1124 1296 1215 uindictam,

149 1232 221 1316 quia
237 1231 447 1312 peccatoribus
465 1232 628 1311 puniendis
642 1230 808 1295 deductum
826 1250 860 1295 sc
876 1251 931 1310 per
942 1229 1072 1313 angelos
1087 1229 1119 1293 in
1142 1235 1294 1293 aetemem

97 1363 120 1399 ιο
148 1337 288 1420 requiam
313 1335 448 1401 laetatur:
472 1355 582 1400 manua
600 1354 673 1399 suas
696 1354 757 1398 non
775 1341 969 1415 peccatorum
989 1334 1142 1419 sanguine
1157 1332 1297 1425 abluens,

149 1441 214 1519 sed,
238 1461 306 1505 cnm
332 1446 511 1523 peccatores
535 1440 736 1522 insanguine
761 1440 831 1516 sint,
848 1440 918 1523 quia
942 1439 985 1503 rei
1010 1439 1199 1521 sanguinum
1216 1443 1296 1526 sunt⁵

150 1565 260 1611 inanes
295 1544 346 1608 ille
380 1545 419 1608 ab
453 1544 535 1608 omni
572 1551 657 1609 reatu
692 1544 852 1626 sanguinis
886 1543 1006 1607 ablutas
1041 1541 1220 1607 continebit.
1268 1547 1298 1604 et

149 1650 285 1730 idipsum
308 1648 429 1729 psalmo
454 1649 514 1713 alio
539 1654 669 1713 testatus
693 1657 747 1723 est,
771 1668 839 1712 aum
864 1648 954 1712 dicit:
990 1647 1098 1711 odini
1134 1664 1298 1729 congre·

150 1754 357 1837 gationem
383 1751 654 1835 rnalignorum
679 1761 822 1826 etcum
848 1752 986 1832 impiis
1021 1772 1094 1816 non
1129 1748 1298 1820 sedebo:

99 1856 297 1922 mlanabo
320 1857 427 1921 inter
461 1857 709 1921 innocentes
733 1875 870 1920 manus
894 1875 1009 1921 meae.
1056 1861 1086 1920 et
1108 1874 1299 1919 commemo·

151 1962 226 2026 ratis
247 1962 430 2026 innocentiae
465 1961 576 2026 ciliciis
610 1961 738 2040 adiecit:
774 1981 820 2024 ne
855 1961 1004 2043 perdas
1039 1980 1121 2025 cum
1157 1959 1302 2038 impiis

152 2067 323 2131 animam
363 2085 488 2129 ineam
528 2072 566 2130 et
607 2084 691 2129 cum
737 2065 840 2129 uiris
886 2067 1127 2149 sanguinum
1174 2064 1299 2127 uitam

154 2190 286 2235 meam.
331 2171 363 2234 in
398 2178 593 2252 peccatorum
629 2169 747 2234 scilicet
781 2170 934 2254 sangnine
969 2190 1079 2234 manus
1113 2168 1163 2233 ille
1193 2167 1304 2233 abluet

152 2276 233 2340 inter·
255 2274 445 2340 innocentes.
493 2275 571 2337 adeo
600 2279 704 2338 autern
730 2272 759 2336 ai
785 2273 841 2337 uiri
865 2273 1051 2358 sanguinum
1075 2279 1152 2350 sunt,
1176 2279 1208 2336 ut
1233 2292 1304 2336 orn-

100 2400 124 2437 a
154 2379 240 2442 nium
256 2377 295 2442 ab
310 2378 387 2442 Abel
405 2397 503 2461 usque
520 2379 558 2442 ed
575 2375 759 2442 Zachariam
775 2377 1008 2442 interfectorum
1033 2377 1071 2440 ab
1097 2377 1144 2441 bis
1168 2378 1304 2461 sangnis

153 2483 193 2547 sit
217 2483 426 2563 reposcendus
450 2489 480 2546 ct
503 2481 646 2546 abluente
670 2500 781 2545 manus
804 2500 877 2545 snas
900 2481 1001 2545 Pilato
1030 2501 1122 2561 super
1153 2500 1186 2545 se
1212 2500 1305 2544 suos·

155 2606 214 2670 que
238 2606 307 2651 esse
330 2587 400 2651 insti
425 2587 609 2669 sanguinem
636 2586 699 2649 sint
723 2586 863 2665 professi.

199 2691 225 2755 7.
250 2691 311 2755 Sed
357 2710 466 2755 manus
509 2710 580 2754 suas
622 2691 745 2754 lauerat-e
780 2690 857 2754 iusto
896 2700 989 2773 atque
1028 2689 1148 2754 laetante
1186 2691 1307 2754 dicet

156 2795 286 2860 borno:
311 2815 356 2858 an
381 2797 540 2858 fructus
567 2794 647 2859 erit
669 2793 800 2858 iusto?
846 2801 877 2858 et
899 2794 1003 2877 utique
1027 2813 1098 2858 eum
1122 2812 1193 2858 esse
1219 2794 1307 2862 dicit.

102 2921 127 2958 u
156 2900 226 2982 quia
264 2901 339 2963 dens
377 2900 417 2963 sit
454 2899 482 2962 in
522 2906 604 2962 terra
645 2918 696 2962 eos
739 2899 886 2962 iudicans.
936 2898 1043 2963 dicens
1080 2917 1155 2981 ergo
1192 2898 1306 2963 bomo:

201 3041 233 3093 13
253 3040 296 3092 Pa.
317 3039 399 3105 XXV,
419 3042 435 3092 5
454 3057 492 3106 sq.
531 3039 694 3092 talaiae.

365 3170 386 3198 m

193 3215 259 3267 lad
278 3231 365 3281 poena
410 3215 429 3265 l'
481 3212 691 3280 euuangelicum
711 3214 736 3264 ll
755 3212 946 3281 euangelicum
972 3232 1002 3265 er.
1019 3213 1211 3281 euangelicam
1232 3214 1307 3266 1112

166 3303 186 3353 l'
202 3302 231 3354 in
249 3301 395 3369 euangelio
414 3300 476 3354 PTe
529 3303 545 3354 3
564 3300 612 3354 sed
624 3299 698 3352 inter
715 3298 783 3352 haec
795 3299 902 3352 institia
914 3305 1087 3353 monstratur
1100 3302 1190 3352 anema
1204 3303 1307 3353 omissis

166 3441 188 3492 κ’
238 3440 370 3507 cuiusque
389 3459 437 3492 0121.
458 3441 482 3492 1¹
533 3397 734 3521 bpeccatorius
759 3441 783 3492 V
834 3446 862 3493 et
886 3440 955 3493 dicit
972 3439 1054 3492 homo
1082 3440 1104 3492 l'
1121 3446 1149 3492 et
1166 3439 1242 3493 dicet
1264 3440 1306 3493 Ru

158 3545 181 3598 si
200 3545 295 3612 utique
314 3544 367 3596 erit
387 3544 464 3596 WE
480 3544 502 3597 si
521 3545 617 3612 utique
636 3551 677 3597 est
697 3546 721 3597 11
783 3547 798 3598 7
818 3545 856 3597 sic
878 3563 925 3597 aare.
945 3544 1050 3596 RPTE
1108 3546 1125 3598 8
1143 3559 1192 3597 eos
1211 3560 1262 3596 cru.
1282 3544 1309 3596 Ρ

158 3632 342 3685 9dcdactum
362 3649 391 3682 aa·
409 3631 542 3684 deductus
561 3630 627 3683 1112
645 3632 669 3684 V
720 3633 752 3684 la
771 3636 863 3685 reatus
883 3630 1017 3699 sanguine
1036 3631 1061 3682 ll
1112 3637 1140 3683 et
1158 3629 1252 3699 ipsum
1267 3630 1306 3683 Pe

159 3718 279 3786 idipsum
298 3717 333 3768 l'b
387 3720 420 3769 13
438 3717 493 3770 alio
511 3737 559 3770 om.
580 3719 604 3770 ll
657 3723 699 3771 est
717 3737 788 3788 supr.
806 3736 855 3770 sm.
874 3736 906 3769 m.
929 3718 986 3770 lR
1038 3717 1102 3770 odio
1120 3716 1205 3770 habui
1224 3717 1307 3771 Fra

160 3804 419 3873 congraegationern
452 3805 473 3855 l'
526 3808 558 3859 15
576 3823 672 3858 manus
700 3821 774 3858 meas
802 3823 850 3857 om.
876 3805 898 3857 V
952 3807 983 3857 16
1001 3803 1176 3858 innocentiae
1204 3822 1256 3858 om.
1282 3805 1308 3857 ll

164 3930 194 3979 la
213 3927 377 3995 sanguinum
406 3945 436 3979 ex
463 3927 623 3994 sanguinem
652 3946 683 3980 m.
712 3926 732 3979 2
768 3927 791 3979 l'
849 3893 1019 3981 20habelll
1072 3925 1248 3980 zacchariam
1276 3924 1307 3979 1³¹

160 4016 193 4068 21
213 4013 397 4082 reposcendus
416 4032 446 4065 ex
464 4014 658 4081 reiposcendus
677 4031 744 4065 corr.
762 4032 795 4066 m.
816 4014 831 4066 l
847 4014 870 4066 V
920 4013 1078 4067 abluentem
1095 4013 1118 4065 l'
1168 4031 1198 4066 sa
1216 4031 1270 4067 om.
1288 4015 1312 4067 V

160 4103 195 4163 22
219 4101 275 4153 sint
299 4100 426 4168 promissi
455 4101 475 4151 l'
526 4102 560 4154 23
584 4102 673 4168 adque
698 4101 744 4152 Vll
798 4100 866 4153 dicit
884 4100 966 4153 homo
985 4100 1010 4152 lt
1063 4101 1097 4152 24
1121 4100 1158 4152 sit
1186 4099 1309 4154 instoll

162 4195 190 4241 et
207 4189 303 4255 utique
321 4215 355 4223 -
374 4204 407 4240 an
427 4186 533 4240 fructus
552 4188 588 4240 ait
606 4188 678 4241 iusto
697 4206 745 4240 oua
766 4189 796 4240 ll.
