2790 4844
151 249 216 314 824
499 253 770 349 sanctiHilerii
788 252 953 320 episcopi

198 439 246 504 18.
273 439 328 506 Est
350 448 381 506 et
402 442 623 525 nonagesimus
647 441 796 521 septimus
826 439 966 522 psalmus
996 440 1157 506 oantieum
1187 460 1283 504 nouum

152 551 296 610 cantans:
342 555 503 610 cantate
541 545 700 610 domino
746 545 950 609 canticum
995 564 1161 619 nouum,
1205 545 1284 629 quia

151 647 361 713 mirabilia
399 649 499 714 iecit
535 649 733 715 dominus.
785 651 841 714 sed
882 648 995 725 neseio,
1031 669 1069 712 an
1107 649 1220 714 ideireo
1253 649 1284 713 sit

153 752 271 817 cantico
294 772 374 818 nouo
397 754 592 829 cantandum,
616 753 690 836 quia
711 751 865 818 mirabilia
887 752 961 817 feeit
978 752 1065 824 deus.
1090 771 1160 836 qnae
1183 752 1284 818 feeerit.

112 882 125 920 s
152 854 223 919 olim
246 855 355 921 oaelum
385 856 628 937 pulcherrimum
663 864 755 940 atque
785 854 926 921 mirabile
956 865 1072 934 manet
1105 857 1178 921 olim
1207 859 1237 921 in
1257 877 1285 921 eo

153 968 238 1023 astra
259 959 426 1026 indefessis
459 961 631 1026 officiumm
664 981 790 1025 suorum
813 960 953 1025 cursibus
982 968 1196 1042 perseuerant,
1223 960 1284 1024 olim

154 1069 293 1144 tempora
315 1064 431 1129 alterno
455 1073 485 1130 et
506 1064 721 1130 indemutabili
736 1084 863 1130 reoursu
879 1072 1105 1144 temperantur,
1129 1064 1200 1130 olim
1215 1073 1284 1129 tarra

152 1168 263 1232 annuis
285 1168 435 1234 fructibus
458 1170 547 1234 diues
580 1177 636 1247 est,
669 1169 742 1233 olim
773 1168 864 1232 homo
897 1169 1031 1233 maxime
1056 1168 1200 1234 mirabile
1220 1189 1285 1249 opne

152 1270 202 1334 dei
217 1272 368 1337 nescitur:
392 1279 423 1337 et
437 1274 462 1338 si
487 1271 564 1337 nihil
588 1279 693 1354 postea
708 1273 785 1337 deus
812 1271 964 1349 mirabile,
986 1291 1057 1336 oum
1082 1271 1154 1338 haee
1175 1272 1284 1338 creauit

101 1397 125 1433 ιο
152 1376 272 1453 adiecit,
296 1396 407 1459 quaero,
431 1378 513 1460 quod
537 1398 650 1441 nonum
683 1377 836 1441 canticum
866 1377 905 1441 ob
929 1375 1085 1441 mirabilia
1116 1377 1197 1442 sucta
1224 1396 1283 1441 oan-

151 1480 278 1544 tandum
302 1480 364 1545 sit?
396 1488 426 1546 et
455 1501 517 1546 non
548 1481 600 1545 diu
627 1478 685 1546 rios
709 1479 846 1561 psalmus
868 1480 983 1560 petitur
1006 1500 1119 1545 errare.
1165 1481 1282 1563 obque

151 1583 234 1647 enim
272 1583 426 1649 mirabilia
462 1605 577 1650 nouum
614 1585 768 1650 canticum
809 1590 954 1660 cantaret,
992 1586 1131 1650 ostendit
1173 1586 1282 1650 dicens:

150 1675 349 1752 liberauit
372 1710 456 1754 eum
481 1690 648 1754 dextera
678 1690 764 1754 eius
795 1694 833 1752 et
863 1687 1078 1754 brachium
1111 1697 1280 1754 sanetum

152 1791 249 1856 eius.
302 1799 431 1857 notum
467 1794 568 1858 feeit
605 1794 789 1857 dominus
827 1792 1012 1858 salutare
1051 1814 1164 1858 enum
1201 1800 1280 1856 ante

101 1917 124 1951 1⁶
151 1903 412 1979 conspectum
451 1899 641 1981 gentium.
699 1897 755 1961 buo
793 1917 906 1961 nouum
944 1897 1101 1962 cauticum
1141 1908 1194 1963 est.
1230 1896 1279 1960 hoe

150 2000 291 2064 mirabile
325 2003 374 2067 dei
410 2008 471 2065 est:
506 2004 587 2085 quod
617 2000 761 2066 liberauit
783 2022 852 2065 eum
878 2002 1005 2066 dextera
1029 2003 1103 2066 eius.
1128 2003 1207 2085 quod
1229 2000 1277 2063 sibi

150 2103 208 2183 ipsi
232 2105 362 2169 satutem
391 2106 490 2170 uirtus
513 2126 570 2170 sue
600 2106 712 2170 tribuit.
758 2111 1008 2186 potestatem
1039 2106 1153 2181 enirn,
1181 2105 1276 2188 inquit

151 2208 280 2273 habeo
325 2209 493 2273 animam
542 2230 664 2274 meam
711 2209 885 2290 ponendi
956 2221 993 2273 et
1046 2216 1275 2290 potestatem

151 2311 279 2377 habeo
314 2313 483 2377 animam
518 2333 640 2378 meam
675 2312 918 2378 resumendi.
965 2333 1026 2376 non
1058 2311 1275 2396 externoeguit

99 2433 123 2469 eo
151 2417 326 2500 unigenitus
351 2418 399 2482 dei
423 2416 503 2481 filius
523 2419 562 2482 ad
579 2417 763 2482 saluandum
780 2416 948 2495 hominem,
964 2417 995 2481 in
1012 2438 1073 2500 quo
1089 2418 1173 2482 nesoi
1187 2414 1273 2480 noluit

150 2520 261 2584 auxilio
285 2521 369 2585 etin
392 2521 491 2605 gloria
513 2530 648 2601 patemae
672 2521 842 2586 maiestatis
867 2540 996 2586 manens
1019 2542 1078 2587 sua
1106 2522 1137 2585 in
1161 2537 1272 2586 seusus

151 2631 196 2688 est
226 2631 391 2707 potestate:
422 2645 477 2705 per
505 2645 600 2708 quam
630 2626 861 2689 resurrectionis
890 2624 1022 2707 gloriam
1047 2624 1175 2690 salutare
1196 2639 1269 2687 sunm

150 2736 254 2792 notum
277 2728 420 2810 gentibus
443 2728 523 2801 feeit,
539 2749 609 2793 oum
633 2730 663 2792 in
688 2750 723 2794 eu
739 2735 855 2793 naturae
879 2748 942 2793 suae
966 2748 1091 2793 carnem
1115 2729 1145 2794 in
1168 2734 1269 2792 autenm

150 2832 256 2897 salutis
279 2833 482 2897 substantiam
507 2832 755 2897 transformatam
780 2853 850 2897 esse
873 2846 1072 2916 cognoscunt

98 2953 122 2990 2⁶
195 2936 244 3002 19.
269 2935 378 3001 Cantut
408 2942 439 3002 et
466 2938 652 3001 centesimus
676 2937 934 3021 quadragesimus
964 2944 995 3002 et
1023 2956 1123 3001 nonus
1152 2933 1266 3017 psalmus

149 3041 303 3104 eandoem
327 3060 451 3105 nouum.
496 3049 602 3105 etcur
625 3040 745 3105 sithoc
769 3041 924 3105 oentieum
957 3060 1082 3117 nouum,
1116 3059 1183 3104 mor
1212 3055 1266 3117 pro

151 3143 245 3224 pheta
268 3145 398 3210 subiecit
413 3145 532 3211 dicens:
558 3143 760 3210 exaltabit
783 3151 1020 3209 mansuetos
1045 3145 1083 3208 in
1106 3142 1264 3209 salutem.

150 3248 393 3312 exultabunt
415 3249 549 3313 senati
574 3249 611 3312 in
634 3248 769 3332 gloria
793 3257 830 3313 et
852 3247 1109 3313 laetabuntur
1130 3241 1264 3312 incubi·

151 3353 257 3416 tibus
280 3353 372 3417 suis.
419 3359 456 3417 et
485 3352 764 3417 exultationes
795 3351 858 3415 dei
888 3351 928 3415 in
963 3357 1130 3435 gutture
1152 3362 1262 3415 eorum

195 3496 226 3547 re
245 3494 288 3546 rs.
307 3493 414 3560 xcvii,
435 3495 445 3545 t
468 3511 508 3561 sq.
545 3495 578 3547 rr
595 3493 653 3546 rou.
672 3493 706 3559 x,
725 3495 765 3546 re.
800 3493 834 3544 ar
854 3492 896 3545 rs.
916 3491 1034 3557 uxnrx,
1053 3495 1071 3545 4
1089 3509 1130 3560 sq.

192 3615 293 3683 iquia
320 3615 458 3669 mirabilia
484 3616 552 3668 fecit
579 3615 613 3668 ds
640 3631 710 3681 quae
737 3614 835 3668 feeerit
854 3615 880 3667 R
898 3623 921 3666 et
948 3615 984 3666 itu
1012 3617 1088 3666 etium
1115 3616 1140 3665 in
1159 3613 1182 3665 G
1194 3608 1262 3678 fuiss

150 3705 259 3769 uidetur,
278 3704 321 3755 udi
334 3712 394 3773 poet
410 3702 577 3755 cantandum
591 3704 698 3771 priorque
708 3702 772 3769 sere
790 3701 868 3753 uerbo
881 3711 1041 3753 manumet
1053 3711 1077 3753 et
1091 3710 1177 3770 postea
1187 3689 1262 3750 ieoen'i

149 3792 225 3842 etium
244 3809 312 3842 nunc
329 3791 379 3858 topi
394 3799 475 3858 puteat
495 3788 560 3855 quie
577 3787 716 3841 mirabilia
734 3787 802 3841 dene
820 3787 919 3841 feeerit
937 3805 950 3840 e
968 3787 1033 3854 quia
1060 3786 1193 3840 mirabilia
1212 3780 1261 3831 dtus

149 3877 248 3930 faciti
300 3875 497 3930 dmirebileG
516 3875 657 3929 immobile
668 3875 722 3926 RE
773 3873 871 3927 Tinde
889 3873 1012 3927 mirabili
1026 3872 1115 3940 (ΡΜ
1165 3863 1262 3926 Smexi·

149 3979 210 4015 mae
238 3964 263 4015 R
318 3966 346 4016 ll
367 3964 402 4017 ob
429 3964 451 4015 b.
479 3963 496 4014 l.
523 3980 571 4014 om.
600 3963 625 4014 R
679 3964 790 4014 leonte
817 3959 974 4014 resumendi
1003 3960 1075 4013 r-.5
1104 3963 1149 4013 litt.
1175 3949 1262 4011 censii

148 4051 180 4102 21
193 4048 241 4101 sed
254 4049 281 4101 in
291 4049 380 4117 gloria
389 4051 452 4101 coni.
464 4049 558 4101 lteued.
564 4049 634 4116 sort.
644 4058 709 4100 recte
761 4048 987 4101 aooentateetlt
1032 4046 1264 4101 &nonusltnonur

151 4135 220 4199 Euf.
233 4136 320 4206 praef.
373 4140 407 4189 26
425 4141 453 4188 et
468 4153 520 4202 qur
537 4136 560 4186 It
607 4138 641 4188 28
660 4133 1137 4188 &laetabunturitleetebnnturli
1185 4134 1214 4185 29
1228 4122 1264 4179 (iffi

150 4224 176 4276 R
192 4225 238 4274 sed
254 4224 288 4291 cs.
309 4224 372 4291 infr.
388 4243 415 4292 μ
434 4222 499 4289 868,
519 4221 553 4274 Id
572 4232 594 4272 et
614 4222 733 4273 Subotior
751 4221 789 4283 11,
820 4218 879 4274 282
932 4220 960 4272 in
979 4225 1110 4289 gutturae
1130 4221 1161 4274 R.
