2790 4844
181 189 244 255 418
527 191 646 245 sancti
664 191 800 244 Hilarii
818 192 979 260 episcopi

181 400 290 445 manus
325 380 365 444 ad
398 381 552 457 mandata,
586 400 654 463 quae
689 379 846 465 ditigebat,
878 381 990 458 erexit3
1025 401 1084 445 non
1115 382 1223 465 ntique
1257 402 1329 448 eon-

180 484 356 550 tumeliosas
380 491 431 549 aut
446 503 600 566 procaces,
624 485 679 549 sed
694 485 849 549 mandatis
865 483 1046 550 humilitatis
1062 485 1248 561 semieutes
1273 487 1329 552 sed

181 589 324 670 operibus
348 589 567 655 misericordiae
583 590 772 663 insistentes,
795 589 851 653 sed
871 587 945 654 fidei
959 596 1115 670 praeoepta
1130 597 1327 674 peragentes.

181 693 283 773 operis
313 713 386 758 uero
415 692 552 758 officium
582 713 706 774 semper
736 713 804 759 esse
839 700 959 773 oportet
991 694 1145 759 intentum
1180 706 1211 759 et
1244 693 1327 758 nulla

142 823 154 859 a
181 797 336 862 interdum
360 795 556 882 neglegentis
583 798 636 862 otii
665 796 909 863 dissimulatione
932 816 1063 863 cessare.
1110 797 1141 861 in
1166 796 1227 863 hoc
1252 818 1325 881 quo·

182 921 242 985 que
273 921 306 966 se
329 921 455 967 manere
478 901 628 982 propheta
653 909 782 966 testatur
805 901 923 967 diceus:
959 909 997 967 et
1031 902 1258 967 exercebar
1287 902 1323 964 in

182 1005 562 1072 iustificationibus
585 1006 673 1070 tuis.
719 1012 749 1071 et
771 1005 946 1071 exercitatio
969 1005 1190 1071 adsiduitatem
1214 1025 1321 1086 opera·

184 1109 275 1174 tionis
298 1109 444 1174 ostendit.
489 1111 668 1193 frequenter
690 1110 793 1193 itaque
816 1109 876 1174 sibi
892 1129 961 1175 esse
983 1129 1019 1174 ac
1035 1129 1159 1190 semper
1173 1110 1318 1175 intentam

181 1219 405 1294 praceptorum
437 1213 666 1278 obseruantiam
697 1214 787 1279 docet
809 1214 849 1278 ad
872 1212 949 1289 ilias,
979 1212 1018 1278 de
1048 1213 1160 1297 quibus
1183 1212 1316 1294 saperius

130 1339 155 1378 ro
182 1317 436 1395 memoranimus,
452 1315 623 1382 eaelestium
645 1317 898 1382 iustificationum
913 1315 1107 1395 efficientias,
1129 1337 1212 1382 nunc
1235 1336 1267 1382 se
1287 1315 1311 1377 in

181 1419 447 1486 iustificationibus
465 1422 627 1502 praesentis
643 1427 673 1486 et
688 1440 725 1485 ex
740 1420 848 1486 futuris
863 1420 1054 1485 adumbrata
1069 1420 1149 1506 legis
1166 1436 1308 1487 exercens.

692 1568 800 1650 Zdid.

225 1689 427 1755 Memento
449 1691 564 1755 uerbi
589 1691 645 1754 tui
669 1711 786 1756 seruo
809 1697 883 1767 tuo,
914 1692 951 1754 in
983 1711 1057 1774 quo
1092 1690 1192 1754 mihi
1212 1704 1301 1770 spem

182 1793 337 1858 dedisti
361 1805 392 1859 et
415 1793 543 1878 reliqua.

130 1926 155 1965 ra
227 1901 256 1962 1.
280 1897 389 1964 Omnis
423 1900 471 1965 dei
506 1920 620 1974 sermo,
655 1900 707 1984 qui
741 1898 902 1979 seripturis
938 1898 1050 1964 diuinis
1081 1899 1301 1964 continetiam

182 2021 269 2082 spem
307 2003 455 2068 bonorum
495 2003 664 2069 caelestium
696 2009 794 2069 uocat.
840 2010 932 2086 atque
967 2003 1005 2066 ob
1041 2002 1072 2067 id
1107 2001 1249 2085 prophete
1277 1993 1300 2054 iu

182 2106 325 2172 omuibus
356 2128 389 2171 se
417 2108 466 2172 dei
496 2110 658 2189 praeceptis
690 2108 840 2172 mansisse
871 2106 1030 2171 confidens
1061 2113 1231 2172 constanter
1257 2096 1299 2161 ait:

182 2230 404 2277 memorare
426 2213 593 2277 uerbum
617 2220 721 2276 tuum
746 2231 863 2277 seruo
888 2217 962 2275 tuo.
1007 2210 1160 2294 numquid
1180 2195 1299 2289 promissi

182 2315 230 2380 sui
252 2317 328 2381 deus
353 2317 506 2382 inmemor
535 2319 605 2381 est?
650 2317 732 2381 absit
764 2317 856 2393 istud,
891 2331 923 2379 ut
956 2313 1059 2397 aliqua
1094 2315 1251 2393 subrepere
1275 2301 1298 2362 il]

130 2444 155 2483 ro
182 2428 333 2485 aeternam
357 2426 449 2503 atque
472 2420 662 2485 indefessam
697 2421 841 2484 uirtutem
873 2418 1078 2484 humanarum
1109 2416 1297 2482 infirmitatum

183 2542 299 2607 genera
323 2525 494 2589 credantur.
540 2525 596 2589 sed
629 2522 786 2604 propheta,
821 2523 872 2606 qni
907 2522 1067 2603 promissis
1102 2522 1150 2586 dei
1184 2506 1298 2585 eredidit

184 2627 237 2710 qui
261 2626 414 2691 desiderio
437 2626 606 2692 caelestium
624 2627 766 2692 detentus
782 2634 838 2704 est,
862 2625 914 2709 qui
931 2631 1111 2705 contemptu
1126 2616 1303 2705 presentium

182 2729 453 2811 futrrasperauit‚
476 2752 538 2795 non
561 2731 809 2796 admemoriam
832 2730 918 2795 uerbi
953 2730 999 2795 sui
1034 2730 1126 2793 deum
1161 2718 1309 2792 admontii
1368 2728 1372 2736 '

183 2833 247 2911 sed,
272 2841 305 2899 ut
327 2834 414 2899 uerbi
438 2835 485 2899 sui
508 2835 539 2899 in
562 2855 596 2900 se
619 2854 707 2900 seruo
724 2855 778 2899 suo
794 2853 914 2899 memor
929 2833 976 2911 sit,
1001 2834 1190 2913 deprecetur,
1212 2829 1239 2894 id
1257 2818 1321 2888 05¹t

131 2962 157 3002 rs
183 2945 216 3003 ut
240 2940 282 3003 ita
307 2939 419 3023 dignus
443 2938 601 3014 habeatur,
626 2941 656 3004 in
680 2960 740 3023 quo
763 2941 825 3004 iam
849 2940 924 3004 deus
946 2937 1032 3004 uerbi
1051 2938 1098 3002 sui
1114 2956 1230 3002 memor
1247 2923 1329 2996 es5⁶

183 3043 339 3128 dignetur,
371 3065 431 3127 quo
462 3045 492 3109 in
516 3045 610 3109 uerbo
634 3065 720 3124 spem
744 3044 874 3109 dederit.
920 3051 951 3108 et
984 3062 1072 3123 spem
1106 3062 1168 3107 non
1200 3024 1339 3105 insted

183 3166 252 3212 esse
287 3155 408 3230 oportet
437 3167 538 3231 neque
573 3148 675 3212 uerbis
699 3148 911 3213 tantummodo
947 3146 1116 3226 predicari,
1146 3144 1201 3210 sed
1229 3123 1347 3207 rebljs

228 3325 293 3374 lea
313 3339 383 3390 quae
400 3324 450 3375 GE
500 3322 602 3376 direxit
620 3323 645 3374 1⁷
693 3322 777 3376 sssed
795 3321 940 3375 mundatas
958 3319 1149 3374 humilitatiC
1197 3312 1304 3373 totfiav
1319 3278 1359 3339 3⁸

752 3417 842 3456 mv
1312 3408 1364 3485 a

182 3480 212 3514 ex
237 3460 329 3514 officiu
354 3480 386 3514 m.
407 3460 426 3512 9
446 3462 470 3514 R
488 3459 623 3514 officioC
673 3477 734 3515 esse
768 3465 878 3530 oportet
902 3479 922 3530 p
949 3475 1058 3528 semper
1085 3462 1196 3527 oportet
1221 3469 1271 3509 este

181 3548 279 3601 tostii
334 3550 350 3602 7
371 3548 533 3602 exercitatio
552 3545 610 3613 (oni.
624 3547 662 3614 et)
675 3548 743 3618 CpE
792 3547 1000 3615 Sirequentem
1013 3546 1081 3615 CpE
1131 3544 1198 3599 haee
1216 3509 1369 3608 campar

181 3635 207 3687 R
225 3638 253 3687 et
271 3651 380 3702 semper
394 3636 444 3705 pE
460 3635 611 3703 semperC
662 3638 693 3688 11
713 3640 740 3688 et
765 3652 796 3688 ea
820 3633 921 3688 futuris
941 3633 964 3686 C
1013 3649 1094 3687 amen
1112 3631 1216 3685 addc
1259 3605 1356 3680 Es

180 3720 262 3789 plieit
287 3721 383 3775 littera
410 3726 486 3775 sexta
513 3721 612 3789 incipit
638 3721 733 3776 littera
751 3721 809 3774 VII.
835 3721 859 3774 1³
878 3720 954 3774 Finit
973 3720 998 3772 R
1016 3719 1094 3773 Finit
1119 3717 1181 3773 Van
1207 3718 1247 3772 lit.
1271 3674 1368 3766 Vj'

180 3823 236 3877 nu.
261 3823 355 3878 vno
379 3825 455 3878 rue
481 3825 542 3898 vta
569 3826 611 3879 ut.
638 3824 683 3879 tu.
711 3824 792 3893 incip.
821 3823 890 3877 zain
916 3803 967 3877 uti
993 3822 1089 3893 turp
1143 3825 1178 3878 ra
1201 3822 1249 3877 zu
1275 3777 1367 3873 pfl

182 3913 216 3964 la
233 3928 340 3964 memor
358 3918 416 3965 esto
434 3912 513 3966 uerbi
531 3913 573 3965 tui
579 3914 629 3982 pE
680 3912 713 3965 15
731 3912 849 3979 inopem
862 3911 1060 3965 nosbonorum
1076 3907 1153 3964 Vnt
1209 3913 1241 3965 1⁸
1257 3903 1348 3963 uer‘

180 3997 280 4050 borum
298 4003 409 4051 tuorum
429 4000 454 4051 R
508 4001 540 4052 19
558 4000 626 4052 istut
650 3999 674 4051 1⁷
724 3997 816 4066 aliqua
837 3997 868 4063 (a
884 3999 911 4050 in
928 4014 981 4050 raa.
1000 3994 1033 4062 3)
1053 3997 1079 4050 R
1133 3997 1276 4067 subripere
1297 3965 1348 4048 Vs

181 4085 212 4136 21
234 4077 264 4138 di
277 4085 421 4153 promissis
436 4086 461 4138 V
510 4087 544 4140 22
563 4086 767 4140 desideriumR
819 4087 854 4139 24
865 4087 932 4137 iuter
944 4100 1024 4138 seruo
1038 4094 1061 4137 et
1073 4099 1123 4138 suo
1136 4102 1205 4139 eras.
1215 4083 1235 4139 3
1246 4066 1338 4138 nost

181 4171 215 4222 25
227 4170 257 4222 in
267 4188 321 4238 qno
331 4171 369 4226 du
378 4172 413 4226 do
432 4173 511 4226 uerbi
532 4172 574 4226 sui
587 4173 645 4225 Cin
665 4190 718 4240 quo
738 4172 804 4226 dens
823 4170 903 4225 uerbi
920 4170 963 4225 sui
979 4171 1015 4240 pb
1034 4170 1064 4224 in
1083 4187 1139 4239 quo
1159 4174 1241 4229 uerbi
1259 4171 1324 4227 nuic
