2790 4844
159 237 219 303 172
498 236 613 290 sancti
636 235 768 289 Hilarii
792 234 955 303 episcopi

200 428 228 493 6.
251 429 313 494 Sed
336 429 415 492 inter
438 426 513 503 hac,
537 447 605 510 quae
629 425 688 490 scit
710 432 740 490 et
763 433 911 509 expectat,
939 422 1089 506 propheta
1112 444 1172 488 non
1196 424 1300 488 tacuit.

156 534 338 615 deprecatus
372 533 463 608 enim,
487 551 526 595 ne
561 535 815 611 corrumperetur,
853 529 1055 594 absorbenda
1093 528 1298 608 corruptionis

154 637 242 702 istius
265 644 386 716 tempus
406 642 528 716 exoptat
544 635 665 700 dicens:
689 632 872 699 exaltare
895 653 1015 713 super
1036 631 1162 708 caelos,
1186 632 1296 709 deus,

155 750 192 806 et
214 760 336 821 super
359 759 508 804 omnem
542 748 690 803 terram
714 736 849 821 gloria
872 743 944 801 tua.
990 755 1058 818 quae
1082 737 1112 801 in
1136 736 1230 800 altum
1256 739 1297 802 de

115 871 127 908 s
155 844 321 909 humilibus
344 842 521 913 efferuntur,
545 863 583 907 ea
606 842 728 906 exaltari
754 842 903 917 uidentur,
927 842 997 924 quia
1031 861 1086 923 per
1120 842 1295 921 profectum

155 948 309 1032 quendam
331 948 362 1012 in
385 948 425 1026 id,
441 948 522 1032 quod
540 945 701 1011 sublimius
717 959 772 1021 est,
796 948 936 1010 euadunt
986 947 1065 1027 quod
1082 951 1184 1009 autem
1201 965 1297 1026 super

153 1053 244 1118 caelos
267 1051 461 1118 exaltandum
485 1057 538 1119 est.
562 1069 687 1115 neeesse
711 1055 758 1115 est
781 1054 813 1114 ut
836 1051 920 1130 prius
955 1049 1150 1115 descenderit
1183 1051 1224 1113 ad
1249 1050 1296 1114 in-

155 1156 264 1222 feriora
287 1157 326 1222 de
348 1155 438 1232 oaelis,
462 1175 517 1236 per
540 1156 620 1239 quod
643 1173 766 1218 rursum
791 1153 987 1218 exaltandum
1013 1153 1054 1218 sit
1076 1173 1168 1234 super
1191 1153 1295 1218 caelos.

154 1262 235 1342 quod
268 1261 403 1341 idipsum
437 1258 591 1342 apostolus
625 1258 851 1324 absolutissime
884 1258 926 1322 ita
961 1258 1049 1322 dicit:
1096 1258 1162 1341 qui
1208 1278 1293 1322 cum

102 1392 126 1427 ιο
153 1366 413 1431 ascendisset
435 1364 472 1427 in
497 1362 766 1438 altitudinem,
790 1363 992 1441 captiuam
1016 1362 1102 1447 egit
1124 1362 1295 1442 captiui-

153 1475 285 1557 tatem,
310 1468 421 1534 dedit
443 1470 544 1532 dona
562 1466 801 1531 hominibus.
846 1466 1293 1549 ascenditautemqnid

153 1579 220 1649 est,
243 1573 321 1637 nisi
346 1573 439 1655 quia
462 1578 500 1636 et
523 1569 743 1636 deseendit
766 1571 804 1634 in
828 1569 1028 1635 inferiora
1051 1568 1193 1636 terrae?
1226 1571 1293 1654 qni

153 1677 377 1753 deseendit,
400 1677 487 1757 ipse
521 1682 583 1740 est
617 1675 742 1758 etqui
778 1674 967 1739 ascendit
1001 1694 1122 1755 super
1151 1662 1294 1738 'omnes

152 1778 280 1858 caelos,
311 1787 350 1844 ut
379 1778 602 1860 adimpleat
632 1779 771 1856 omnia,
805 1777 878 1843 hinc
912 1777 1063 1843 exaltandi
1087 1798 1179 1861 snper
1201 1777 1294 1844 caelos

101 1912 125 1948 ss
155 1904 277 1948 oausam
299 1883 479 1968 significans
495 1883 641 1958 extitisse,
665 1884 745 1966 quod
762 1881 969 1947 descendendi
986 1902 1083 1965 usqne
1099 1883 1129 1946 in
1145 1882 1294 1948 inferiora

153 1995 241 2052 terrae
266 1986 422 2052 humilitas
446 1998 528 2052 esset
550 1993 716 2067 assumpta.
761 2006 798 2050 er
821 1992 891 2050 uoto
927 2006 1001 2071 ergo
1035 1985 1185 2067 propheta
1215 2007 1294 2067 prae-

152 2092 269 2156 nuntiat
303 2090 426 2156 exaltari
460 2111 552 2172 super
585 2090 676 2155 caelos
700 2092 801 2156 deum.
847 2099 878 2155 et
911 2090 982 2173 quia
1017 2089 1165 2155 exaltatus
1200 2110 1294 2174 super

151 2194 242 2259 eaelos
265 2196 446 2276 impleturus
469 2200 552 2260 esset
575 2196 604 2258 in
630 2195 720 2260 terris
747 2195 851 2258 omnia
867 2195 966 2260 sancti
981 2195 1106 2275 spiritns
1122 2195 1168 2259 eui
1184 2194 1292 2279 gloria,

151 2299 295 2364 subiecit:
319 2308 358 2365 et
381 2319 500 2381 snper
523 2319 674 2364 omnem
698 2306 848 2364 terram
873 2297 1007 2383 gloria
1024 2311 1104 2363 tua:
1128 2318 1199 2389 cum
1217 2297 1292 2364 effu·

98 2429 124 2467 ss
151 2422 218 2467 sum
242 2423 335 2484 super
356 2423 478 2468 omnem
503 2423 627 2468 earnem
644 2403 768 2483 spiritus
784 2403 898 2466 donum
914 2401 1043 2486 gloriam
1061 2402 1183 2468 exaltati
1200 2423 1293 2484 super

151 2507 241 2571 caelos
265 2508 380 2571 domini
403 2514 629 2588 protestaretur.

195 2612 222 2674 7.
246 2610 354 2676 Omnis
377 2623 477 2676 autern
503 2610 553 2676 bic
576 2613 729 2692 proiectus
752 2632 811 2675 non
838 2618 952 2675 naturze
976 2612 1095 2688 diuinae,
1124 2612 1180 2675 sed
1204 2611 1291 2676 infir-

150 2716 247 2780 mitati
271 2714 406 2780 hominis
428 2722 564 2796 optatur:
600 2716 672 2799 quia
706 2735 740 2780 se
772 2735 827 2795 per
862 2716 1103 2796 assumptionem
1133 2715 1236 2780 carnis
1260 2716 1291 2780 in

150 2818 322 2884 caelestibus
346 2819 553 2884 collocandum
579 2819 728 2901 propheta
751 2839 811 2883 non
835 2819 942 2895 nescit,
972 2819 1085 2902 quippe
1115 2839 1186 2883 cunr
1217 2839 1292 2885 oon·

97 2950 122 2986 ss
151 2922 323 3003 corporales
346 2929 377 2988 ct
400 2923 560 3004 participes
584 2922 684 2988 effecti
700 2923 796 2987 simus
812 2923 842 2986 in
860 2921 982 2987 Christo
998 2922 1076 2988 lesu.
1122 2923 1292 2989 etidcirco

149 3027 215 3091 lraec
238 3026 279 3090 ad
302 3027 403 3092 carnis
426 3046 488 3091 suae
511 3026 731 3105 infirmitatem,
754 3046 822 3109 qum
847 3034 878 3092 et
899 3027 930 3090 in
953 3026 1148 3107 passionibus
1172 3027 1291 3092 domini

149 3132 287 3195 uerenda
311 3137 341 3195 et
363 3151 455 3212 super
487 3130 580 3196 caelos
614 3141 696 3195 esset
729 3130 899 3199 exaltanda,
933 3131 1088 3196 conexuit:
1119 3131 1292 3214 laqueos

148 3240 394 3317 parauerunt
416 3234 587 3314 pedibus
603 3235 702 3299 meis
720 3235 1097 3300 etincurnauerunt
1118 3235 1290 3301 animam

191 3396 207 3445 9
226 3391 325 3459 Ephes.
345 3392 389 3458 IV,
407 3396 424 3444 8
442 3410 482 3460 sq.

192 3548 334 3616 lprofeta
352 3549 378 3600 lt
430 3549 645 3617 ddeprueoatus
673 3551 699 3602 lt
726 3550 880 3618 deprecatis
902 3551 941 3601 l'c
994 3550 1082 3619 4snp
1106 3550 1186 3603 omne
1213 3551 1293 3605 terri

146 3654 176 3686 es
202 3635 231 3687 in
259 3636 333 3688 omni
359 3641 435 3688 terra
458 3653 524 3689 corr.
543 3637 569 3689 R
633 3639 650 3690 9
675 3637 749 3705 qnod
774 3637 864 3705 ipsum
893 3637 969 3688 VH)
1019 3636 1240 3692 absolutissimae
1264 3641 1293 3692 R

147 3724 177 3775 ll
199 3721 271 3774 dona
288 3721 444 3777 hominibus
463 3723 541 3774 ΡΙἘ
556 3724 591 3791 cs.
610 3726 728 3778 Sobotier
747 3724 801 3791 Ill,
821 3724 873 3777 799
891 3724 1052 3777 donationes
1076 3724 1105 3777 in
1131 3724 1245 3779 homine
1264 3727 1293 3779 Il

147 3809 180 3863 lb
197 3809 256 3876 ipse
274 3814 316 3862 est
334 3809 381 3876 qui
400 3809 464 3862 PTe
518 3812 550 3864 14
568 3810 720 3878 adimpleat
749 3811 824 3863 nPr
849 3810 1014 3878 adimpleret
1044 3811 1070 3863 Ε
1122 3812 1154 3864 16
1173 3811 1293 3866 deseen-

146 3895 230 3948 dendi
248 3913 276 3948 ea
295 3895 424 3949 descendi
442 3914 508 3950 corr.
527 3915 560 3951 m.
583 3897 635 3949 lP
688 3900 719 3952 16
737 3897 918 3967 praenunciat
937 3898 989 3950 BT
1041 3899 1074 3951 re
1092 3897 1181 3967 gloria
1200 3906 1293 3953 tusex

145 3980 263 4049 gloriam
290 3981 338 4036 tui
357 3983 382 4035 R
434 3983 466 4036 21
486 3988 689 4050 protestaretur
716 3981 757 4048 (re
784 4001 815 4037 ec
836 3994 913 4053 porte
939 3983 1016 4050 erus.)
1036 3984 1061 4036 R
1112 3985 1148 4038 22
1165 3984 1232 4039 aute
1260 4005 1294 4041 a

142 4069 330 4135 porteercffl
382 4070 417 4123 23
435 4069 481 4122 ini
501 4070 683 4136 caelestib3P
733 4071 768 4122 24
779 4071 990 4139 concorporales
1006 4071 1058 4123 ΒΤ
1081 4072 1242 4141 corporales
1251 4073 1294 4128 Pe

145 4155 179 4207 25
196 4155 345 4223 participes
373 4155 450 4207 JtPr'
475 4161 509 4209 cu
536 4157 685 4225 participes
712 4176 730 4207 α
758 4158 970 4225 comparticipes
994 4177 1007 4208 s
1060 4158 1121 4211 Iesu
1149 4176 1199 4212 om.
1227 4159 1280 4213 PT
1278 4181 1292 4214 e

145 4239 178 4290 26
197 4239 225 4292 in
244 4241 334 4295 carnis
352 4259 416 4295 suae
435 4242 625 4296 infirmitatem
645 4245 713 4296 PT«.
