2790 4844
148 228 210 319 882
621 227 814 296 Appendix.

148 438 238 482 cume
262 416 462 494 circumcisio,
486 418 541 481 sed
567 417 666 496 potius
689 415 808 481 illorum
835 414 1095 497 litterarumqui
1121 414 1152 475 in
1179 420 1295 476 secret·

149 522 254 596 Iudaei,
279 521 392 605 quibus
415 522 607 586 circumcisio
635 522 744 595 cordis,
769 540 900 604 quorum
923 518 1022 603 gloria
1043 538 1108 582 nou
1134 537 1174 581 ex
1201 516 1295 579 borni-

147 626 248 700 nibus‚
271 627 326 690 sed
350 647 386 690 ex
411 626 467 689 deo
490 631 545 689 est.
591 625 751 690 uideamus
775 625 907 707 denique
923 622 1033 705 psalmi
1050 628 1185 696 textum,
1210 621 1236 684 si
1259 620 1294 683 ad

149 730 224 808 nee,
248 750 316 813 quaa
340 729 480 805 diximus,
504 730 621 794 attinet.

110 868 121 902 a
191 838 221 898 4.
246 831 412 898 Custodi
439 834 635 918 me,inquit,
667 834 835 914 domine,
872 834 1060 916 quoniam
1085 833 1124 895 in
1150 838 1191 894 te
1215 850 1294 909 spe-

149 938 243 1001 raui.
289 939 341 1021 qui
365 938 502 1002 debitum
537 939 621 1018 petit,
655 959 715 1002 nou
740 943 857 1018 sperat;
892 957 963 1000 nam
998 937 1022 1000 si
1059 935 1197 999 debetur
1221 933 1294 997 mibi

149 1040 273 1125 aliquid,
298 1043 362 1106 iura
385 1043 417 1106 id
441 1062 577 1122 reposco.
624 1043 747 1125 quodsi
765 1041 924 1125 quismibi
943 1060 979 1105 ex
995 1040 1157 1104 uoluntate
1173 1039 1295 1103 tribuat.

150 1166 208 1209 non
233 1166 269 1210 ex
292 1146 453 1219 oblatione,
489 1147 526 1210 de
549 1145 607 1210 hac
630 1147 849 1211 consuetudine
872 1145 938 1209 eius
960 1143 1207 1209 beniuolentiam
1232 1144 1295 1205 eius

144 1250 287 1330 sperabo.
332 1250 437 1333 itaque
461 1249 519 1317 bic.
544 1251 671 1334 quinon
688 1271 725 1315 eu
741 1250 883 1330 operibus
899 1249 1042 1313 iustitiam
1060 1247 1294 1332 magnificabat.

98 1386 121 1420 ιο
149 1355 203 1418 sed
228 1355 391 1432 gratuitam
417 1354 465 1418 dei
490 1355 622 1439 gratiam
646 1354 874 1419 introducebat:
910 1351 1070 1417 custodi
1108 1372 1174 1428 me,
1212 1351 1294 1417 dixit.

149 1459 318 1534 domine,
349 1459 442 1541 quia
472 1459 509 1522 in
546 1464 582 1523 te
616 1460 791 1539 speraui.
837 1459 967 1522 dicam
991 1457 1172 1521 domino:
1199 1456 1294 1519 dens

149 1582 257 1627 meus
282 1582 322 1627 es
347 1568 394 1626 tu.
440 1568 575 1643 potestas
610 1564 693 1627 cuim
728 1563 844 1627 domini
879 1562 909 1625 in
941 1568 1054 1639 coest,
1086 1567 1120 1624 ut
1144 1560 1241 1625 faciat
1264 1560 1292 1622 in

149 1686 283 1741 seruum,
308 1667 390 1749 quod
413 1665 488 1741 uult,
512 1687 573 1730 non
589 1668 669 1750 quod
689 1687 815 1732 neeesse
832 1666 932 1730 habet.
979 1665 1006 1729 si
1028 1676 1132 1729 autem
1150 1664 1294 1746 operibus

150 1790 269 1835 merces
293 1770 430 1845 debetur,
461 1771 492 1834 id
516 1771 592 1835 mibi
617 1771 774 1846 retribuet,
799 1773 880 1854 quod
904 1790 1032 1836 necesse
1056 1768 1211 1839 babuerit
1234 1787 1292 1831 non

98 1904 122 1939 u
150 1876 232 1958 quod
256 1872 393 1938 uoluerit.
437 1876 463 1939 si
487 1876 567 1940 enirn
592 1885 734 1956 operatus
758 1875 851 1952 suero,
875 1873 950 1939 uelit
965 1873 1046 1952 nolit,
1071 1873 1204 1938 debatur
1219 1872 1291 1936 mibi

150 1997 267 2043 merces
292 1984 324 2043 et
347 1979 545 2043 euacuabitur
567 2000 621 2060 por
644 1979 710 2044 iaaac
732 1980 834 2063 gratia
857 1980 915 2055 dei,
949 1979 1030 2043 sicut
1052 1977 1214 2058 apostolus
1237 1977 1290 2039 ait:

46 2081 50 2090 '
151 2083 325 2164 namqui
351 2093 551 2162 operatur,
576 2081 1288 2163 mercesilliacceptafitperdebi-

150 2195 238 2263 tum,
270 2207 344 2250 non
375 2208 443 2267 per
472 2189 663 2270 gratiam3
695 2190 749 2253 sed
774 2189 824 2271 qui
849 2207 883 2252 se
906 2207 965 2251 non
990 2207 1027 2251 ex
1050 2187 1197 2266 operibus
1220 2187 1284 2250 suis.

150 2292 204 2355 scd
229 2311 265 2355 cx
290 2292 390 2375 gratia
413 2292 462 2355 dci
497 2290 615 2356 saluum
640 2292 706 2357 fieri
736 2292 809 2364 uult,
840 2293 918 2356 sicut
948 2298 1066 2371 oportet
1097 2312 1152 2354 nos
1184 2310 1283 2353 omnes

98 2420 122 2455 20
150 2396 285 2471 eredere,
321 2395 371 2459 bic
406 2415 535 2474 sperans
569 2397 600 2459 in
635 2397 724 2460 deum
761 2397 926 2461 constituet
959 2395 1018 2460 sibi
1053 2394 1178 2461 bonum.
1208 2395 1276 2476 quod

149 2498 280 2563 uoluerit
314 2499 397 2569 dous.
434 2521 493 2564 non
518 2501 599 2583 quod
623 2521 748 2565 necesse
783 2499 942 2572 habuerit:
977 2520 1012 2564 ao
1035 2519 1091 2579 per
1113 2498 1172 2563 boc
1193 2497 1273 2581 signi·

150 2603 350 2667 fleant-erait:
376 2604 456 2668 dixi
480 2604 655 2668 domino:
681 2607 777 2669 deus
801 2624 909 2669 meus
933 2624 973 2668 es
996 2610 1044 2667 tu.
1091 2600 1266 2686 nequeenim

149 2726 294 2790 umquam
321 2709 462 2772 dominus
486 2709 601 2792 gratias
625 2711 690 2792 agit
712 2729 810 2784 seruo,
845 2709 870 2772 si
894 2707 1010 2783 iecerit,
1045 2708 1130 2790 quod
1151 2704 1264 2771 iusserit:

149 2812 205 2874 sed
239 2831 293 2891 per
328 2811 393 2875 baec
427 2813 531 2875 omnia
565 2814 718 2893 expectari
752 2812 833 2877 uolet
868 2811 1109 2877 beniuolentiam
1142 2828 1219 2875 snam
1242 2812 1262 2868 ai

97 2940 121 2976 2⁵
150 2915 292 2997 gratiam,
309 2916 586 2982 sicutetdominus
601 2917 821 2982 docet-dicens:
847 2917 937 3000 quis
961 2936 1004 2980 ex
1028 2917 1145 2980 uobis
1167 2911 1265 2977 habet

149 3039 307 3084 seruum
343 3028 524 3085 arantem
559 3028 624 3084 aaut
661 3009 924 3102 pascentem?
971 3019 1170 3102 numquid.
1197 3028 1265 3078 cum

148 3123 311 3187 uenerit
340 3124 502 3201 domum,
534 3125 635 3190 dicit
670 3126 720 3190 ei:
747 3125 877 3190 transi
902 3134 939 3188 et
962 3122 1173 3187 recumbe?
1211 3110 1269 3181 sed

150 3228 265 3292 dicit:
291 3229 420 3292 transi
444 3242 481 3294 et
500 3231 691 3294 ministra
714 3229 877 3307 mihist
899 3236 992 3293 tunc
1015 3218 1270 3291 manducabis·

151 3332 343 3415 numquid
367 3334 453 3416 agit
476 3335 659 3398 dominus
683 3334 746 3398 ilii
770 3335 929 3416 gratias
961 3353 1085 3408 seruo,
1109 3331 1197 3414 quia
1222 3319 1272 3391 sit

97 3459 122 3496 ³0
150 3436 322 3500 fecerit?
368 3456 479 3501 amen
515 3439 603 3503 dico
638 3439 762 3508 uobis,
798 3437 890 3520 quia
924 3457 998 3500 non
1029 3437 1125 3520 agit.
1169 3433 1222 3497 sic
1242 3426 1272 3490 ei

150 3560 325 3604 noscam
350 3538 1270 3626 omniafeceritis,quaeiusserouobis‚dioita

150 3645 260 3708 serui
303 3644 475 3709 inutiles
516 3666 664 3711 sumus:
711 3647 814 3730 quod
861 3664 1030 3710 necesse
1069 3643 1273 3708 babuimus,

151 3748 331 3812 fecimus.
378 3750 470 3832 igitur
493 3750 543 3832 qui
568 3751 708 3833 agnoscit
726 3753 866 3815 sedeam
886 3749 1008 3819 habere,
1034 3746 1128 3811 talem
1146 3747 1275 3812 exbibete

151 3851 243 3916 debet
266 3852 421 3917 seruitutis
439 3853 647 3919 bumilitatem.
693 3856 748 3920 sod
764 3853 831 3919 bac
847 3854 999 3918 confessio
1015 3872 1074 3915 non
1092 3861 1141 3916 est
1156 3869 1280 3932 operum.

98 3978 123 4012 so
151 3955 204 4018 sed
229 3956 310 4021 fidei.
356 3957 458 4040 itaqua
481 3960 551 4023 noui
574 3960 751 4024 testamenti
775 3960 852 4023 bene
887 3957 1085 4022 annuntiator
1119 3957 1178 4020 ait:
1209 3955 1285 4020 dixi

151 4060 325 4123 domino:
351 4062 446 4126 deus
470 4084 576 4128 meus
602 4085 641 4129 cs
665 4070 712 4128 tu.
758 4075 788 4127 et
811 4062 884 4145 quid
907 4069 976 4142 post
999 4059 1066 4124 huc
1090 4059 1189 4125 dicit?

193 4202 226 4250 29
246 4200 304 4266 agit
322 4220 351 4251 ar
370 4202 408 4254 ait
427 4221 493 4255 ror-r.
513 4223 544 4256 rn.
568 4205 580 4255 I
599 4215 621 4256 et
639 4207 675 4257 sic
693 4203 754 4267 infr.
808 4203 841 4254 35
860 4201 1050 4254 annunciator.
