2790 4844
411 302 596 352 tractatus,
611 298 646 349 in
663 297 838 365 psalmum
857 295 928 349 LIV.
1184 295 1244 360 159

141 490 191 555 16.
215 489 299 555 Nam
322 489 481 554 interiecto
505 486 676 570 diapsalma
700 506 826 551 omnem
856 487 906 551 his
941 489 979 553 ob
1009 487 1244 572 inpaenitentem

94 595 267 680 impietatis
291 592 518 674 professionem
542 610 631 673 spem
654 591 764 655 recidit
786 591 909 657 dicens:
940 613 1014 656 non
1046 591 1151 656 enim
1185 597 1246 656 est

98 697 184 763 illis
208 697 476 764 commutatio
500 702 538 761 et
561 715 636 760 non
664 696 898 760 timuerunt.
944 716 1052 761 omnes
1075 696 1245 761 secundum

100 802 273 886 apostolum
297 807 471 885 resurgent,
495 801 634 864 sednon
658 819 767 864 omnes
791 799 1072 877 commutabuntur,
1097 800 1245 883 quianon

104 907 270 971 timuerunt
292 906 396 971 deum.
442 905 489 968 las
512 904 596 969 enim
619 904 719 969 fuerat
742 904 923 987 ignorantes
945 906 977 968 in
1000 903 1128 968 homine
1153 905 1246 968 deum

107 1017 318 1095 resurgentem
343 1019 448 1073 tsmen
472 1009 565 1072 deum
599 1028 637 1072 ex
667 1007 794 1071 mortuis
829 1007 1009 1083 credidisse,
1043 1015 1166 1087 patente
1196 1005 1247 1071 his

108 1115 195 1180 etiam
217 1120 292 1200 post
320 1113 475 1193 passionis
499 1111 654 1192 piaculum
685 1112 863 1195 paenitentio
886 1119 916 1176 et
938 1111 1140 1195 indulgentie.
1185 1130 1247 1175 non

113 1219 187 1282 onim
210 1216 312 1283 solnm
337 1236 398 1281 non
422 1217 589 1281 timuerunt
623 1216 727 1296 deum,
763 1216 818 1280 sed
853 1235 923 1280 cum
953 1216 992 1280 ad
1016 1215 1248 1281 retribuendum

112 1318 152 1385 his
173 1341 300 1386 manum
325 1320 524 1397 extendisset,
543 1320 590 1384 id
615 1325 663 1384 est
696 1318 843 1382 auxilium
866 1319 1032 1396 obtulisset
1063 1319 1249 1385 contamino·

116 1437 212 1490 uemnt
234 1430 454 1491 testamentum
488 1424 568 1489 eius:
603 1443 673 1488 cum
708 1424 863 1506 eum,'qni
899 1430 1084 1489 testamento
1108 1423 1186 1507 legis
1209 1425 1249 1487 ad

119 1526 234 1594 salutem
260 1527 551 1614 praenuntiotusest,
575 1525 784 1608 reppulerunt.
830 1528 969 1610 sequitur
985 1528 1082 1592 enim:
1114 1534 1248 1593 exton-

126 1630 171 1696 dit
192 1651 346 1697 manum
370 1630 826 1696 susminretribuendo.
865 1632 1250 1696 contaminsuerunt

124 1742 395 1802 testamentum
418 1735 522 1800 eius:
546 1735 673 1799 diuisi
697 1736 859 1799 suntab
891 1736 950 1799 ira
985 1735 1122 1800 uultus
1153 1735 1248 1801 eins.

127 1838 271 1906 etidcirco
296 1840 465 1906 demutatio
489 1839 537 1903 bis
562 1859 622 1904 non
646 1838 753 1903 relicta
768 1843 824 1917 est,
849 1841 922 1922 quis
937 1859 992 1922 pro
1008 1846 1137 1919 peccato
1152 1839 1249 1905 semel

129 1950 240 2008 nonnus
255 1951 287 2008 et
301 1962 469 2028 resurgens
486 1963 539 2008 eos
555 1949 673 2007 tantum
691 1943 900 2008 demutatione
916 1944 1050 2020 donauit,
1075 1944 1126 2027 qui
1143 1962 1248 2008 secum
1290 1975 1302 2012 t

134 2061 173 2124 per
192 2047 283 2113 fidem
305 2054 337 2113 et
360 2048 541 2113 commortui
572 2054 643 2112 sunt
666 2055 697 2111 et
719 2053 890 2131 resurgent.
937 2047 992 2112 hos
1016 2055 1118 2112 autem
1142 2048 1181 2112 ab
1204 2048 1250 2111 ira

135 2146 209 2216 unlus
230 2152 277 2217 soi
301 2171 410 2216 euersa
432 2151 557 2216 ciuitate
580 2151 683 2215 diuisit
706 2157 887 2235 partemque
911 2172 1015 2216 eorum
1033 2172 1104 2216 cum
1119 2151 1250 2217 infideli-

136 2247 176 2315 bus
193 2275 303 2335 ponens
327 2275 382 2321 sos
404 2255 453 2320 uel
476 2254 621 2336 dispersit
643 2255 675 2318 in
698 2255 812 2334 omnio,
835 2254 885 2320 uel
909 2255 1012 2320 diuisit
1035 2276 1052 2320 a
1076 2256 1199 2321 sanctis.

168 2357 207 2421 ll.
228 2359 351 2426 Dehinc
373 2359 412 2425 de
435 2357 575 2443 generali
599 2357 737 2441 querella
759 2361 800 2423 ad
824 2359 1084 2443 significationem
1100 2361 1175 2435 eius,
1199 2360 1250 2444 qni

139 2462 160 2517 tl
175 2460 223 2527 dur
245 2471 276 2529 et
298 2464 463 2528 unanimus
487 2469 518 2528 ot
540 2471 630 2527 notus
652 2463 761 2533 fuerat,
786 2483 888 2528 sermo
912 2483 946 2529 se
968 2463 1099 2529 rettulit:
1131 2472 1168 2529 et
1190 2464 1250 2528 sd·
1280 2495 1290 2529 2

141 2568 320 2645 lropiauit
363 2588 431 2632 cor
476 2567 574 2632 eius.
631 2566 871 2632 mollierunt
915 2588 1126 2634 sermones
1164 2568 1251 2632 eius

140 2671 391 2748 supersisam,
415 2671 555 2755 stipsi
580 2678 672 2735 sunt
694 2671 837 2735 iacula.
883 2673 1038 2737 admixtus
1058 2670 1206 2752 apostolis
1223 2683 1252 2736 et

139 2782 217 2836 tumn
232 2795 404 2861 pauperum
421 2794 528 2859 agens,
541 2775 711 2840 marimum
728 2774 846 2840 scilicet
862 2776 1025 2841 ministerii
1041 2796 1118 2856 opus
1133 2795 1252 2852 curans,

139 2872 302 2958 adpropians
318 2899 472 2945 corsuum
491 2916 531 2924 -
549 2880 588 2944 ab
604 2879 858 2963 adpropiantibus
874 2881 958 2945 enim
973 2879 1097 2944 libcrari
1114 2880 1252 2944 animam

137 2992 204 3044 tuan
223 2981 391 3067 gratulatus
416 2989 462 3047 est
486 3021 536 3059 -,
560 3002 621 3048 non
645 2983 749 3066 utique
772 2983 944 3048 ministerio
967 2981 1040 3048 fidei
1057 2983 1252 3064 adpropians,
1281 3018 1286 3030 ·

136 3080 245 3150 sotira
274 3087 323 3152 dei
347 3092 377 3152 ct
400 3086 651 3152 contaminationi
686 3088 860 3151 testamenti
895 3088 971 3152 eius.
1017 3093 1153 3153 ceterum
1187 3088 1253 3168 ipse

168 3238 281 3296 o1cer.
302 3245 344 3311 15,
362 3244 404 3298 er.

168 3395 336 3453 linteriecto
354 3399 561 3453 &interiectio
581 3417 613 3451 m.
634 3399 648 3450 l
674 3400 697 3450 l'
746 3400 763 3451 2
781 3400 881 3453 recidit
900 3400 921 3465 (i
935 3402 1019 3470 prior.
1039 3403 1084 3454 loc.
1103 3403 1130 3454 in
1149 3401 1213 3463 ros.)
1227 3402 1252 3454 R

131 3483 267 3538 court>
316 3485 507 3539 3timuerunt
534 3484 616 3538 deum
646 3485 723 3538 Pru
773 3489 923 3555 esurgent
952 3487 1027 3539 uPr
1079 3488 1254 3557 5ignorasse

130 3565 182 3621 Vre
228 3574 453 3640 drssnrgentem
472 3572 631 3627 tamensim
650 3575 675 3624 in
695 3591 777 3642 many.
796 3592 959 3643 snper.om.
980 3573 1039 3626 211
1072 3574 1254 3629 credidissent

127 3652 180 3708 Vre
196 3656 219 3722 (e
234 3669 294 3712 onte
311 3664 503 3727 resurgentem
521 3661 581 3711 cdd.
601 3657 636 3724 si)
690 3660 940 3727 patente-zbisll
992 3661 1062 3716 aad
1075 3662 1254 3716 tribuendum

127 3740 170 3793 Pr
216 3747 245 3799 11
264 3745 492 3814 repuleruntPE
545 3747 577 3800 12
595 3763 705 3799 manum
724 3765 754 3798 ex
772 3764 901 3800 manuam
920 3766 953 3800 m.
972 3747 1026 3800 1V
1078 3749 1110 3801 15
1129 3755 1255 3802 mortuus

503 3831 519 3870 rt

121 3892 159 3935 est
175 3888 203 3936 et
221 3883 298 3938 Vra
350 3887 383 3939 19
401 3901 504 3970 generp
522 3885 548 3937 R
601 3885 741 3952 quaerella
767 3887 813 3938 VR
865 3888 900 3941 20
918 3887 943 3940 ei
953 3887 1009 3940 dux
1021 3887 1070 3939 PT
1079 3887 1104 3940 ei
1122 3895 1150 3940 et
1163 3888 1258 3940 duxE

119 3986 269 4041 unianimes
288 3989 313 4041 Τ
330 3988 468 4041 unanimis
494 3988 546 4042 PE
596 4005 625 4042 se
651 4008 699 4042 cnr.
733 3991 756 4040 l'
815 3990 912 4043 retulit
938 3991 1044 4044 BPTE
1103 3993 1135 4045 21
1155 3991 1256 4045 molliti

115 4086 177 4128 suut
207 4075 231 4126 Τ
281 4076 318 4129 23
335 4075 467 4128 ministrii
501 4076 525 4129 V
549 4076 705 4131 ministerio
735 4078 759 4128 Ρ
809 4079 845 4130 24
862 4078 1052 4146 adpropriauit
1086 4078 1108 4129 l'
1157 4078 1256 4147 adpro·

113 4161 300 4250 priisuatssrus
319 4178 385 4214 corr.
405 4180 437 4214 m.
458 4162 517 4215 11³
565 4165 600 4217 25
621 4159 689 4231 Ἤρ.
707 4165 729 4214 l'
780 4164 934 4218 ministeris
953 4164 979 4216 P
1029 4165 1211 4233 adproprisns
1239 4165 1260 4216 l'

108 4288 144 4340 2¹5
162 4285 209 4337 ira
233 4283 257 4335 V
308 4283 491 4337 contaminati
517 4285 544 4340 Γ.
