2790 4844
132 226 194 292 472
479 231 597 283 sancti
616 229 751 283 Hilarii
770 231 935 298 episcopi

132 418 356 502 quoddirerat:
380 419 589 484 constitue
612 417 897 503 legislatorem
919 439 1131 503 supereos‚
1149 421 1277 486 adiecit:

132 522 268 589 sciant
291 529 444 608 gentes,
468 524 658 606 quoniam
682 522 866 590 homines
889 531 997 589 sunt:
1021 525 1121 591 idest
1143 534 1277 591 exterra
1388 535 1393 619 g

132 627 246 712 genitae
269 635 300 692 et
322 627 353 692 in
377 628 585 711 cognitionem
609 629 658 694 dei
681 649 718 693 er
742 627 814 691 limo
833 617 1041 694 conformatae.
1087 631 1171 713 quod
1196 630 1275 694 eninr
1390 618 1394 630 ⁴

132 739 223 796 antea
247 752 304 813 per
325 732 551 816 ignorationem
574 730 653 816 logie
677 731 780 814 Moysi
804 733 991 808 nesciebant,
1015 752 1097 799 nnnc
1120 753 1177 814 per
1200 754 1278 815 prae·

132 836 315 901 dicationem
339 836 456 901 domini
478 836 575 901 nostri
606 835 678 900 lesu
702 834 817 901 Christi
841 836 958 915 sciunt;
991 851 1021 902 et
1056 845 1088 903 ut
1122 838 1278 922 originem

132 959 231 1019 snam,
254 941 286 1005 id
310 947 358 1005 est
381 939 517 1022 corporis
541 946 681 1005 naturam
704 940 735 1004 in
759 960 838 1005 nouo
861 940 956 1006 latore
986 939 1065 1026 legis
1095 952 1315 1027 agnoscunt,

131 1045 173 1110 ita
196 1051 227 1111 et
250 1044 380 1129 gloriam
410 1043 482 1109 noui
513 1043 606 1109 huius
640 1043 746 1109 latoris
780 1044 859 1130 legis
890 1034 1059 1126 expectant
1090 1047 1122 1111 in
1154 1046 1336 1112 exordio

131 1148 180 1213 eui
203 1150 266 1213 iam
289 1150 328 1214 ad
352 1148 524 1233 imaginem
548 1158 578 1213 et
601 1147 837 1214 similitudinem
860 1150 908 1214 dei
932 1150 1114 1215 constitutae.

177 1270 227 1335 11.
252 1270 292 1334 ut
315 1270 542 1351 predicationis
566 1269 659 1336 huius
683 1270 869 1354 euangelica
894 1269 1090 1336 dulcedinem
1113 1272 1145 1335 in
1170 1290 1371 1338 eonsffl·

133 1374 296 1458 quentibus
319 1374 470 1458 propheta
485 1381 624 1441 testatur.
669 1376 712 1440 ait
728 1375 826 1440 enirn:
851 1395 967 1459 quarn
991 1375 1129 1441 dulcia
1153 1375 1290 1442 faucr’:
1350 1373 1383 1438 ,ὶ-

132 1479 204 1544 bus
234 1479 334 1544 meis
365 1479 529 1562 eloquia
559 1487 635 1552 tua.
666 1499 787 1560 super
818 1479 893 1545 mel
916 1480 954 1544 in
978 1500 1043 1544 ore
1068 1482 1169 1546 meo!
1217 1501 1311 1546 me·
1332 1476 1390 1546 ael

131 1582 162 1646 in
185 1603 246 1661 ore,
269 1603 329 1647 non
354 1583 445 1648 etiam
469 1585 499 1648 in
523 1583 664 1649 saucibus
689 1583 777 1649 dulce
801 1590 856 1648 est.
902 1596 988 1649 extra
1010 1584 1173 1668 regionem
1195 1586 1305 1651 enirn
1321 1588 1392 1652 im

131 1687 192 1752 oris
215 1685 418 1768 corporalium
443 1707 590 1769 sapomm
622 1687 725 1752 nullus
755 1694 803 1752 est
834 1707 954 1752 senene.
1000 1688 1056 1753 sed
1079 1688 1129 1753 dei
1155 1688 1273 1773 eloqui
1288 1691 1391 1760 tria

131 1790 162 1854 in
185 1789 323 1856 saucibus
347 1791 447 1856 dulcia
471 1797 549 1868 suut,
573 1791 604 1854 in
629 1791 766 1855 animam
789 1791 907 1856 scilicet
927 1791 1093 1857 defluentia
1109 1799 1141 1858 et
1155 1793 1318 1858 interm
1328 1816 1385 1866 ‘na

133 1895 340 1976 penetrantia:
374 1915 434 1960 non
459 1896 490 1959 in
514 1915 566 1959 ore
591 1897 684 1961 modo
706 1895 766 1960 cibi
790 1894 952 1976 placentia,
985 1897 1042 1961 sed
1074 1894 1138 1960 illio
1168 1895 1289 1962 dulci
1316 1899 1374 1980 :ia

131 1998 182 2062 ubi
205 1998 388 2082 cognitionis
422 2007 453 2063 et
487 1999 661 2080 prudentiae
696 2008 727 2064 et
759 1998 980 2082 intellegentiae
1011 2019 1123 2064 sensus
1145 2009 1204 2066 est.
1337 2020 1364 2072 at

130 2102 200 2167 ideo
232 2100 354 2186 eloquia
376 2102 408 2166 in
432 2102 574 2168 faucibus
599 2108 628 2167 et
651 2104 682 2167 in
705 2123 757 2168 ore
782 2103 842 2167 mel
866 2102 956 2168 dulce
980 2111 1034 2168 est.
1079 2104 1136 2169 sed
1159 2113 1194 2169 ut
1217 2109 1351 2171 n-el

130 2226 187 2287 per
219 2206 437 2290 egritudinem
460 2214 633 2292 aestumque
669 2206 801 2271 febrium
836 2227 881 2283 ea,
913 2227 982 2291 qnae
1012 2207 1185 2273 acciderint
1214 2204 1330 2273 ocus

131 2329 244 2387 amara,
262 2310 408 2388 mitificat,
429 2311 474 2377 ita
496 2311 607 2376 animae
630 2311 984 2396 nostraeamaritudines
1009 2319 1040 2378 et
1061 2312 1167 2377 tristes
1191 2306 1316 2393 cupi-

131 2414 263 2480 ditatum
297 2415 508 2481 insalutarium
543 2415 646 2481 febres
681 2415 783 2480 iniusa
816 2415 866 2480 dei
900 2415 1020 2498 eloquia
1054 2415 1227 2484 mitificant.
1267 2410 1305 2474 εἰ

130 2518 222 2582 modo
243 2539 305 2582 non
329 2539 381 2584 ore
404 2520 626 2598 contineantur,
651 2520 706 2584 sed
729 2519 868 2584 faucibus
892 2520 1086 2585 donarentur.

175 2622 225 2686 12.
249 2622 395 2706 Sequitur
411 2623 538 2688 deinde:
563 2624 800 2688 amandatis
824 2624 906 2688 tuis
929 2622 1138 2702 intellexi3
1162 2642 1271 2705 prop·

131 2732 242 2791 terea
276 2727 386 2791 odiui
426 2748 581 2793 omnem
618 2728 722 2793 uiam
757 2727 1010 2822 iniquitatis.
1055 2727 1267 2813 intellegentes

130 2849 186 2895 noe
209 2830 327 2896 faciunt
351 2839 515 2913 precepta,
538 2833 593 2896 sed
617 2839 771 2912 praecepta
793 2851 827 2896 re
850 2839 941 2916 atque
964 2852 1056 2913 opere
1080 2831 1222 2914 expleta:
1242 2834 1269 2898 id

130 2940 184 3013 est,
219 2942 254 2999 ut
277 2955 322 3012 ea,
357 2954 424 3019 quaa
459 2934 508 2999 his
543 2937 744 3012 continentur,
779 2937 810 3000 in
841 2944 993 3020 quantum
1023 2933 1202 3019 possumus,
1225 2958 1272 3003 er·

130 3035 279 3121 pleamne.
324 3058 398 3123 ergo
423 3039 586 3104 efficienda
609 3048 762 3121 precepta
783 3047 863 3115 sunt,
886 3047 920 3105 nt
935 3041 1032 3105 simne
1048 3039 1271 3126 intellegentes.

129 3148 160 3205 et
182 3141 252 3207 licet
276 3163 294 3207 a
318 3143 373 3207 deo
397 3142 606 3227 intellegentia
629 3144 765 3224 perlecta
789 3145 835 3220 sit,
859 3159 962 3209 tamen
979 3165 996 3208 a
1013 3144 1102 3210 nobis
1122 3145 1273 3229 incipien-

129 3245 203 3310 dum
226 3253 281 3324 est,
304 3253 339 3311 ut
361 3248 514 3328 possimus
537 3248 708 3328 perlectam
732 3247 976 3332 intellegentiam
995 3250 1177 3329 promereri.
1224 3249 1274 3317 his

174 3465 310 3519 ldixerit
334 3464 367 3519 V¹
422 3468 559 3521 constitue
588 3486 617 3519 aa
644 3467 812 3521 constitutae
830 3486 862 3520 m.
891 3464 911 3518 2
938 3467 961 3519 V
1011 3465 1075 3521 uin
1094 3485 1143 3520 om.
1169 3470 1195 3521 V
1247 3465 1279 3527 di

128 3553 188 3604 cdd.
202 3550 267 3605 aa?
283 3553 307 3605 V
356 3552 784 3623 dperpocnuncodd.m.21f
834 3549 983 3622 drhmxp'i
1035 3555 1216 3611 8oonetituti
1234 3557 1283 3614 VC

129 3692 241 3743 9etorn.
257 3690 281 3741 V
332 3689 813 3759 lleloquiatuaeneloquitnrm.2
830 3691 1080 3760 VaeloqniatuaR
1132 3651 1198 3749 inam
1211 3713 1281 3753 corr.

129 3794 161 3827 m.
181 3772 201 3826 2
224 3776 306 3829 Vori
325 3777 353 3828 Ε
405 3781 438 3830 14
456 3784 484 3831 et
511 3778 540 3830 iu
568 3778 676 3831 iuterna
700 3778 747 3831 VC
768 3785 796 3832 et
815 3778 944 3832 intimae
1000 3780 1032 3834 15
1050 3783 1232 3847 penetrantia
1251 3804 1283 3840 err

129 3862 281 3930 penitentia
309 3882 341 3915 m.
370 3863 389 3914 2
414 3865 436 3916 V
460 3865 664 3934 penitrantiap
718 3866 750 3917 17
769 3870 797 3918 et
825 3865 854 3918 in
881 3881 928 3918 ore
955 3865 1038 3919 melle
1065 3864 1195 3922 dulciora
1214 3879 1282 3927 eunt

131 3946 239 4019 uptam
293 3951 326 4003 18
344 3950 517 4003 accideritV
566 3953 601 4005 90
619 3949 762 4005 uiuificaut
777 3952 851 4004 VRC
900 3953 934 4004 22
952 3956 1100 4020 propterea
1116 3963 1285 4026 eapropter

130 4054 161 4087 m.
182 4032 201 4086 2
224 4035 249 4088 V
297 4037 332 4088 24
352 4052 399 4089 uos
427 4038 532 4090 faciunt
558 4039 580 4089 1'
601 4043 618 4089 d
638 4037 743 4089 iaciunt
759 4036 833 4107 pet)
886 4042 1034 4107 praecepta
1053 4039 1112 4092 sola
1129 4041 1182 4096 sed
1202 4062 1286 4113 prae·

129 4127 209 4190 cepta
224 4119 298 4191 p(A)
354 4141 391 4200 re*
408 4142 456 4176 om.
481 4125 505 4175 l'
556 4124 664 4192 popleta
684 4122 775 4194 (ΝΑ)
830 4123 859 4177 id
877 4127 937 4177 odd.
965 4143 997 4177 ur.
1017 4123 1037 4177 2
1060 4125 1086 4177 V
1134 4128 1174 4183 25
1194 4138 1286 4202 pom.

465 4212 473 4221 ν

462 4228 465 4235 ι

472 4253 477 4263 ι

128 4227 188 4262 mus
206 4227 225 4278 p
278 4211 313 4263 26
331 4227 424 4262 sumus
449 4212 462 4263 l
