2790 4844
159 274 223 338 836
499 277 616 330 sancti
640 277 774 330 Hilarii
798 278 962 346 episcopi

158 465 404 531 dissimulantem
439 486 517 543 esse,
540 467 591 550 qui
627 468 702 531 deus
737 475 792 531 est.
838 468 931 532 adid
955 469 1051 546 euim,
1075 472 1161 553 quod
1195 472 1297 536 dictum

159 577 220 635 est:
267 570 431 635 iustitia
476 577 542 635 tua
586 571 842 646 exultabunt,
887 579 1048 655 tamquam
1092 577 1294 640 necessarium

158 675 312 758 sequitur:
366 675 588 740 miserator
633 682 671 740 et
715 676 956 740 misericors
1001 678 1193 742 dominus
1236 693 1293 744 est

157 779 320 859 patiens
355 786 392 844 θῖ
425 779 559 844 multae
595 780 899 858 misericordiae.
945 783 1086 846 suauis
1119 784 1291 847 domiuus

118 906 130 941 ε
160 883 374 960 uniuersis,
398 893 435 947 θῖ
458 884 747 948 miserationes
771 885 857 949 eius
880 905 1001 966 super
1024 888 1163 951 omnia
1180 908 1288 968 opera

157 989 254 1052 eius.
300 989 382 1070 quod
417 988 499 1052 enim
534 994 644 1068 potens
678 994 731 1065 θεῖ,
765 995 882 1053 naturae
917 1009 980 1054 suae
1003 991 1101 1055 uirtus
1127 999 1189 1055 est:
1218 993 1287 1074 quod

156 1100 260 1156 antem
284 1092 459 1156 misericors
483 1099 538 1168 est,
561 1092 669 1156 salutis
693 1100 807 1157 nostras
830 1094 985 1172 profectus
1008 1105 1065 1159 est.
1112 1103 1143 1160 θῖ
1168 1095 1232 1178 plus
1249 1112 1288 1159 θεῖ

157 1217 216 1260 non
240 1196 303 1260 suis
326 1196 378 1272 uti,
402 1198 457 1260 sed
481 1195 549 1260 aliis
571 1196 762 1277 prestitisse,
798 1217 866 1280 quae
901 1218 956 1260 sua
990 1206 1077 1276 sunt;
1110 1213 1201 1282 atque
1228 1200 1285 1263 ide.¹

157 1307 284 1380 praestat
306 1300 417 1364 ceteris
440 1300 489 1364 dei
513 1300 657 1380 operibus
680 1301 900 1375 misericordia,
932 1302 1005 1384 quia
1036 1301 1203 1386 magnifica
1231 1305 1285 1367 eius

103 1425 129 1460 ιο
158 1404 294 1484 operatio
330 1404 450 1468 uirtutis
488 1423 551 1468 suae
588 1425 637 1468 res
672 1411 727 1478 θεῖ,
765 1405 978 1470 misericordia
1012 1427 1084 1471 nero
1123 1408 1188 1471 eius
1222 1426 1284 1470 usus

155 1508 273 1573 alienus
297 1521 350 1573 est.

203 1613 248 1677 16.
273 1611 320 1677 Ob
343 1616 425 1696 qnod
450 1619 609 1696 tamquam
640 1614 669 1676 in
701 1615 786 1694 apice
816 1615 882 1695 ipso
917 1615 1092 1679 diuinarum
1116 1615 1155 1679 ob
1177 1614 1282 1678 miseri·

155 1718 289 1782 cordiam
325 1717 459 1781 laudium
495 1716 645 1798 propheta
679 1718 851 1782 consistens
886 1718 1027 1783 debitum
1063 1719 1120 1783 deo
1151 1719 1280 1782 haurirem

157 1821 249 1886 ueluti
283 1820 412 1901 publicae
447 1821 647 1886 eoidessionis
681 1822 814 1886 ostendit
848 1821 971 1886 dicens:
1014 1823 1281 1887 confiteantur

104 1959 129 1995 rs
155 1925 239 1999 tibi,
264 1925 431 2000 domine,
463 1927 593 1990 omnia
616 1946 738 2005 opera
761 1933 836 2002 tua,
871 1933 910 1990 θῖ
932 1928 1064 1991 sancti
1088 1927 1146 1991 tui
1168 1925 1278 1991 conli-

154 2029 417 2093 teanturtibi.
455 2028 1046 2112 gloriamregnituidicentet
1069 2031 1276 2111 potentiam

155 2141 257 2197 tuam
283 2133 513 2215 loquentur:
546 2141 587 2197 ut
617 2147 748 2197 notam
781 2134 935 2197 faciant
960 2133 1067 2198 liliis
1092 2134 1273 2198 hominum

154 2238 375 2317 potentium
412 2244 515 2301 tuam
551 2252 586 2302 θῐ
621 2237 793 2320 gloriam
829 2236 1273 2320 magnificentiaeregui

155 2344 219 2405 tui.
266 2362 430 2424 regnum
462 2349 569 2406 tuum
600 2363 766 2425 regnum
791 2343 964 2405 «emnium
989 2342 1272 2415 saeculorumet

104 2480 128 2514 20
156 2446 378 2510 dominatio
414 2454 478 2510 tua
514 2448 549 2510 iu
585 2447 688 2510 ouini
712 2446 985 2528 generatione
1020 2456 1057 2511 θῖ
1088 2445 1271 2530 progenie

154 2551 267 2632 dignus
302 2549 481 2630 prophetica
516 2550 779 2633 magniloquentia
812 2552 886 2615 ordo
918 2550 1070 2615 dictorum
1102 2558 1156 2615 est.
1198 2565 1269 2627 open

153 2654 245 2717 deum
262 2656 458 2718 cantitentur:
475 2674 566 2736 quam
584 2655 769 2738 magnificus
786 2655 867 2718 enirn
884 2654 931 2730 sit,
956 2675 1085 2734 operum
1103 2663 1132 2719 et
1146 2662 1268 2718 creatura

152 2757 385 2841 magnificentia
408 2759 575 2823 confitetur.
621 2760 675 2822 sed
700 2757 884 2822 confitentur
908 2766 937 2823 θῖ
960 2761 1069 2833 sancti,
1101 2759 1204 2842 quibus
1228 2772 1266 2816 rer

153 2882 222 2926 esse
246 2862 398 2945 dignatur.
444 2863 573 2946 gloriam
598 2863 686 2942 regni
709 2862 876 2936 elocuntur,
899 2882 937 2926 ne
962 2863 1104 2946 ignorata
1130 2882 1187 2926 non
1207 2856 1266 2921 desi·
1316 2904 1318 2909 .

100 2998 126 3035 aa
153 2967 278 3030 deretur
300 2967 410 3030 usuris.
455 2966 721 3049 magnificentiam
757 2987 877 3049 quoque
899 2965 1006 3048 gloriae
1029 2967 1119 3049 regni
1144 2965 1188 3029 dei
1208 2978 1263 3024 nun·

152 3071 234 3143 tiaut,
259 3090 296 3134 ne
320 3071 501 3151 desperetur
524 3078 647 3134 aeterna.
695 3071 868 3134 dominatus
892 3069 985 3134 etiam
1007 3069 1261 3153 ingenerationem

152 3186 182 3239 θῖ
196 3177 427 3258 generationem
446 3175 624 3249 ostenditur,
637 3181 671 3238 ut
686 3195 720 3238 se
736 3175 905 3238 dominatui
920 3173 1082 3259 intellegat
1097 3181 1259 3238 coeternum.

151 3287 242 3362 atque
265 3280 307 3342 ita
329 3279 462 3362 cognitio
486 3280 534 3343 dei
558 3280 589 3342 in
614 3279 760 3358 operibus
794 3284 848 3353 θεῖ,
883 3288 1060 3341 sauctorum
1095 3276 1216 3341 officium
1238 3269 1258 3329 1'11

150 3385 288 3448 doctrina
312 3393 366 3458 θεῖ,
389 3383 558 3463 prophetiae
581 3402 654 3446 usus
678 3383 708 3445 in
740 3381 958 3462 praedicatione
988 3387 1044 3457 est,
1074 3381 1161 3464 regui
1186 3370 1257 3458 gloria

97 3518 123 3554 ao
150 3490 181 3552 in
205 3488 372 3552 eternitate
403 3487 576 3551 dominatus
607 3498 661 3563 θεῖ,
693 3486 866 3550 dominatus
896 3487 1052 3550 aeternitas
1083 3505 1135 3550 eos
1163 3489 1256 3546 necess

150 3599 196 3656 θεῖ
219 3590 342 3667 habeat,
367 3593 398 3653 iu
423 3611 499 3673 quos
523 3596 633 3673 agutur
655 3596 797 3654 aeternus.
895 3613 897 3617 ¹

195 3699 243 3760 li.
270 3698 372 3778 Atque
406 3696 445 3759 ad
479 3696 511 3759 id
546 3695 660 3774 spebus
698 3692 843 3758 fidelibus
877 3694 1084 3773 expetendum
1120 3677 1253 3755 adrorati

192 3907 207 3956 2
236 3905 370 3957 iustitiam
397 3911 473 3957 tuam
501 3905 526 3956 R
553 3906 598 3956 sed
623 3904 658 3972 cf.
682 3922 711 3973 p.
738 3900 804 3966 833,
831 3901 872 3954 32
925 3905 941 3956 8
969 3902 1115 3956 miserator
1141 3903 1166 3952 θῖ
1187 3880 1251 3944 ⁰1¹¹·ss

150 3994 181 4042 1⁴2
200 3993 259 4058 ipso
279 3993 317 4044 Re
335 3992 426 4060 ipseb
481 3993 513 4045 13
534 3990 657 4043 laudium
677 3991 702 4042 R
720 3989 754 4058 os.
774 3989 849 4042 Nece
867 3990 997 4042 Formenl.
1016 3990 1039 4053 Ι,
1059 3965 1252 4041 27212uuuul
1312 4010 1318 4041 ;

150 4081 181 4130 19
200 4095 315 4145 regnum
334 4078 455 4131 omnium
475 4079 500 4130 R
518 4078 552 4146 cf.
572 4079 691 4129 Submier
711 4074 819 4141 11,280
836 4075 961 4128 omnium
973 4076 1002 4127 E
1052 4077 1087 4129 20
1104 4053 1249 4144 progemes?
1314 4121 1318 4126 .

147 4166 181 4216 24
208 4164 399 4231 eloquntnrR
468 4166 501 4217 27
528 4163 682 4216 dominatui
709 4163 848 4232 intelligat
875 4169 1046 4216 coaeternam
1072 4162 1111 4214 Rd
1133 4149 1248 4210 dominatu
1308 4165 1318 4210 ζ·

148 4251 295 4304 subiiciunt
313 4256 490 4304 coaeternoe
542 4253 577 4304 32
595 4251 694 4318 spebus
713 4250 742 4303 E
757 4267 833 4318 spem
852 4250 885 4302 R.
1311 4250 1315 4255 ’
