2790 4844
152 269 194 335 86
492 274 614 328 saneti
638 274 773 328 Hilarii
800 273 961 343 episcopi

152 468 246 526 sunt
269 460 540 526 tabernacula
571 466 645 539 tua,
669 462 830 527 domine
864 462 1079 527 uirtutum!
1110 465 1298 545 concupi·

152 565 232 631 scit
254 573 292 631 et
315 565 467 631 deficit
489 566 622 630 anima
644 586 731 630 mea
753 566 793 630 in
816 567 1119 631 atriisdomini.
1142 587 1298 653 nonergo

151 689 247 735 unum
271 669 512 749 tabernaculum,
535 669 584 734 uel
607 689 664 750 per
688 669 817 753 Moysen
842 670 1015 748 frondeum,
1038 671 1089 736 uel
1115 692 1172 752 per
1196 671 1297 738 Dauid

151 779 337 855 exoptatum,
375 773 424 839 uel
462 795 519 855 per
556 773 754 840 Salomonem
791 775 935 840 omnibus
973 774 1118 840 humanis
1152 776 1297 856 operibus

110 906 124 945 ε
150 883 292 943 ornatum
322 878 474 958 propheta
498 877 663 954 desiderat
687 878 743 943 sed
765 877 863 942 multa
886 885 918 943 et
940 879 1192 945 innumerabilia:
1216 881 1296 964 quia

151 982 210 1047 etsi
232 982 265 1047 in
287 983 364 1047 orbe
387 981 519 1048 ecelesia
541 1002 602 1046 una
624 983 673 1060 sit,
697 987 802 1047 tamen
825 1002 1018 1066 unaquaque
1033 984 1107 1048 urbs
1130 984 1296 1050 eeclesiam

151 1106 239 1151 suam
261 1087 398 1166 obtinet;
422 1092 454 1151 θῖ
475 1108 537 1152 una
559 1087 591 1150 in
613 1087 757 1152 omnibus
781 1093 836 1162 θεῖ,
868 1107 937 1152 eum
970 1094 1073 1152 tamen
1098 1086 1203 1168 plures
1226 1089 1296 1165 siut

149 1191 222 1274 quia
243 1210 305 1255 una
326 1189 458 1256 habetur
480 1191 512 1255 iu
536 1190 682 1271 pluribus.

192 1296 223 1361 4.
248 1294 371 1360 Primus
394 1295 499 1378 itaque
523 1301 555 1361 st
577 1295 732 1360 maximus
755 1296 871 1379 gradus
895 1297 1005 1360 estad
1028 1295 1164 1361 calestia
1186 1316 1295 1362 aseen-

98 1425 123 1462 1⁰
150 1389 301 1465 dentibus
330 1398 471 1464 habitare
502 1399 535 1462 in
565 1397 625 1464 hoe
648 1399 844 1464 tabemaento
868 1405 900 1464 et
923 1397 984 1464 iltie
1007 1398 1148 1463 noctibus
1171 1399 1297 1464 diebus·

149 1524 210 1588 qus
233 1504 329 1568 uitam
351 1504 410 1568 aeui
434 1503 526 1568 totius
549 1522 654 1587 agere,
678 1508 817 1567 amotum
839 1523 857 1567 a
880 1501 984 1568 saculi
1012 1503 1093 1568 euris
1116 1509 1148 1567 et
1170 1503 1298 1587 negot-ia

150 1607 257 1672 mundi
280 1605 374 1672 huius
397 1605 638 1690 relinquentem,
662 1607 742 1671 sieut
764 1605 868 1687 plures
891 1612 1068 1672 sanatorum
1091 1625 1298 1690 numquama

150 1709 347 1775 tabernaculo
379 1715 590 1781 recesserunt:
628 1715 663 1773 ut
692 1709 731 1775 de
764 1709 833 1774 Iesu
869 1708 956 1774 Naue
988 1710 1137 1791 seriptum
1169 1715 1234 1775 est:
1266 1717 1298 1775 et

150 1813 267 1879 Iesus
308 1814 474 1879 iuuenis
511 1834 587 1878 nou
629 1814 927 1897 egrediebatur
968 1814 1297 1896 tabernaculum

97 1945 123 1984 ιε
150 1925 181 1982 et
203 1919 295 1983 Anna
317 1916 479 1999 prophetis
509 1938 583 1982 non
615 1918 863 1983 discedebat
891 1937 910 1982 a
940 1917 1099 1999 templo,
1134 1918 1297 1984 ieiuniis

150 2027 189 2086 st
211 2021 577 2087 obsecrationibus
601 2023 791 2087 seruiens
815 2022 878 2087 die
908 2041 951 2087 ac
973 2028 1101 2087 nocte.
1133 2028 1298 2106 postque

149 2125 180 2190 in
210 2133 316 2191 monte
346 2127 464 2192 domini
488 2126 711 2210 quiescendum
736 2133 799 2192 est:
823 2125 896 2191 hine
919 2127 1002 2191 enim
1028 2126 1298 2208 proficiscentibus

149 2249 185 2295 eo
208 2230 268 2295 iter
298 2236 353 2308 est,
376 2236 408 2295 θῖ
438 2251 498 2295 non
527 2231 585 2295 nisi
610 2251 665 2312 per
689 2229 769 2294 bane
792 2229 1014 2295 habitationem
1038 2231 1097 2295 iter
1117 2229 1216 2295 ullum
1239 2239 1297 2296 θεῖ

149 2352 225 2417 ergo
247 2334 449 2417 quaerendum
473 2335 557 2415 prius
580 2336 620 2399 de
643 2333 832 2398 habitatione
856 2333 1044 2399 tabernaculi
1068 2334 1139 2411 fnit;
1163 2334 1237 2416 quia
1261 2356 1300 2401 ex

96 2465 122 2503 se
150 2457 187 2502 eo
209 2437 241 2502 in
265 2444 404 2504 montem
428 2446 511 2503 esset
533 2459 690 2515 aseensus,
714 2437 827 2503 deinde
851 2437 998 2503 habitatio
1021 2444 1070 2503 est
1093 2439 1244 2519 temporis
1269 2448 1300 2506 θῖ

149 2540 271 2607 laboris.
295 2543 384 2625 quies
407 2563 480 2607 uero
503 2563 564 2607 non
589 2540 801 2622 interpellatur
823 2542 1023 2618 extrinsecus,
1046 2542 1102 2609 sed
1125 2543 1224 2608 otium
1250 2551 1301 2610 est

150 2645 232 2729 iuge,
262 2653 455 2727 perpetuum,
487 2645 629 2711 molestia
659 2664 776 2722 carens,
807 2646 890 2727 quod
918 2646 949 2710 in
973 2652 1053 2710 statu
1077 2666 1132 2710 auo
1154 2658 1299 2730 maneate

151 2755 291 2814 ceterum
304 2751 330 2815 si
348 2750 528 2833 inquietudo
541 2770 575 2815 εθ
588 2750 726 2826 misceat,
738 2749 791 2813 otii
807 2755 837 2814 et
848 2755 989 2814 naturam
1006 2757 1038 2814 et
1051 2771 1164 2816 nomen
1181 2754 1300 2819 amisit.

196 2851 224 2917 5.
249 2852 313 2918 Sed
336 2873 425 2919 mons
449 2854 565 2918 domini
589 2852 690 2918 nullus
712 2854 744 2918 in
769 2859 852 2918 terra
873 2860 936 2919 est:
966 2855 1067 2919 omnis
1097 2855 1184 2920 enim
1214 2863 1300 2924 terra

99 2987 125 3026 ee
151 2955 213 3020 iam
244 2956 366 3036 pridem
398 2977 454 3036 por·
483 2957 557 3021 uitia
590 2956 751 3021 hominum
783 2958 957 3023 maledictis
980 2959 1110 3023 obnoxia
1132 2966 1199 3041 θεῖς
1222 2982 1298 3027 nam

150 3066 183 3125 et
203 3059 235 3124 in
260 3060 339 3125 Adae
369 3060 513 3140 operibns
544 3066 576 3125 θῖ
598 3061 628 3124 in
653 3060 735 3126 Abel
765 3061 916 3144 sangnine
939 3063 1052 3127 meruit
1084 3061 1238 3129 offensam
1268 3073 1312 3131 et.

149 3164 206 3229 sub
229 3163 297 3229 Noe
320 3162 525 3228 habitantium
550 3165 686 3244 peccatis
709 3165 767 3229 fuit
789 3163 880 3244 piena
914 3171 946 3229 et
969 3186 1050 3231 nune
1073 3187 1197 3251 quoque
1213 3169 1301 3234 edita

194 3306 226 3358 13
244 3303 331 3357 Exod.
350 3303 476 3371 XXXIII,
496 3306 536 3357 ll.
576 3304 607 3357 14
625 3304 691 3357 Luc.
711 3304 745 3369 11,
765 3305 807 3359 37.

193 3445 206 3495 l
229 3441 298 3496 deus
322 3441 460 3496 uirtutum
480 3443 521 3496 Rb
573 3443 590 3496 2
611 3453 671 3512 poet
688 3459 750 3496 mea
774 3442 802 3496 in
825 3443 839 3495 l
863 3445 908 3498 lin.
933 3462 1017 3497 nocuo
1041 3446 1066 3499 V
1121 3446 1151 3500 in
1170 3447 1250 3502 atriis
1274 3449 1293 3500 V

148 3526 197 3596 (cs.
215 3530 335 3583 Sobotier
353 3529 392 3598 11,
411 3527 480 3595 169)
499 3529 528 3583 in
549 3529 621 3583 atria
640 3530 680 3582 Rb
732 3529 864 3584 3Moscu
885 3530 911 3583 R
963 3531 1008 3584 uel
1027 3548 1078 3601 per
1092 3531 1134 3585 dd
1152 3535 1180 3587 R
1232 3536 1290 3590 dot

146 3631 197 3683 per
221 3613 397 3672 Solomonem
426 3615 505 3684 Vcs.
532 3617 612 3669 deod.
635 3636 662 3686 p.
688 3615 724 3669 15
783 3616 971 3671 humanisss
995 3616 1037 3682 (in
1060 3636 1114 3672 ros.
1130 3620 1192 3689 fuit
1215 3620 1244 3687 b)
1271 3623 1291 3674 V

146 3700 345 3755 dordinatum
369 3703 395 3754 R
447 3703 589 3756 deciesia
619 3703 644 3756 V
694 3708 787 3756 tamen
805 3721 835 3756 es
853 3708 910 3757 tam
930 3703 1001 3757 na?
1027 3704 1053 3757 V
1102 3706 1250 3775 9itaquae
1271 3710 1290 3761 V

147 3825 180 3877 12
189 3790 373 3891 relihuenhsm
383 3841 449 3878 cors.
458 3823 554 3879 m.2V
595 3824 668 3879 sicut
677 3844 707 3877 ax
716 3825 739 3877 si
752 3824 851 3880 new
892 3843 967 3880 aorrr.
981 3828 1005 3880 V
1051 3827 1235 3883 ldutdsihu
1246 3830 1289 3885 VR

147 3919 304 4043 misina
358 3963 390 4015 15
401 3920 754 4032 pmfessssvprosemsrr
808 3968 840 4019 16
851 3965 1016 4020 acsrhaclt
1069 3969 1102 4021 17
1114 3967 1294 4025 inmdtemV

145 4082 257 4137 luz->ino
280 4083 305 4138 V
374 4086 406 4138 18
433 4053 502 4139 ullut
514 4092 555 4139 θεῖ
625 4088 658 4138 21
683 4079 903 4154 iterpezantur
928 4087 951 4139 V
1018 4087 1052 4140 28
1079 4092 1293 4146 οθῖθΞειιωΙί

144 4171 179 4224 24
197 4170 226 4223 di
251 4171 275 4224 V
325 4171 359 4225 2⁶
376 4182 427 4239 por
444 4171 514 4225 uitia
532 4171 674 4225 hominum
692 4170 719 4239 (a
737 4171 832 4225 homin
848 4170 951 4240 inrue.)
968 4174 994 4226 R
1047 4173 1191 4229 maledicti
1209 4176 1293 4233 obno-

144 4256 192 4311 xia
209 4261 252 4310 est
276 4257 557 4312 Vmsledietionibus
575 4259 657 4311 noxia
675 4262 719 4312 θεῖ
738 4260 761 4312 R
813 4261 847 4314 27
866 4259 941 4313 edita
959 4265 988 4312 et
1004 4259 1119 4314 exclusa
1142 4260 1172 4315 V.
