2790 4844
144 244 206 308 766
491 241 608 294 sancti
626 240 762 294 Hilarii
782 242 945 309 episcopi

144 437 175 499 in
199 432 330 499 Christo.
377 432 531 498 occultum
553 433 647 496 etiam
668 431 852 514 mysterium
867 437 923 507 est,
948 431 1066 514 quibus
1084 430 1181 495 uoluit
1196 441 1273 495 osten

146 543 220 604 dere
255 539 377 604 diuitias
411 536 517 622 glorier
551 536 738 601 sacramenti
775 535 824 600 dei
858 535 938 599 iuter
973 541 1100 619 gentes,
1136 535 1217 619 quod
1241 546 1273 598 est

146 642 288 707 Christus
312 644 342 706 in
365 642 453 705 uobis
477 660 547 721 spes
570 639 686 725 gloriae.

189 747 238 811 31.
263 746 424 811 Occultum
448 746 543 828 igitur
565 745 624 808 hoc
648 743 829 828 mysterium
846 743 912 817 fuir,
937 747 1019 827 quod
1047 748 1136 809 esset
1156 742 1274 808 Christus

106 880 118 915 s
145 852 177 914 in
200 850 307 916 uobis:
339 851 398 914 hoc
421 857 507 930 pater
530 847 687 914 reuelauit.
734 848 825 912 Petro
857 849 940 912 enirn
972 848 1095 912 dictum
1128 855 1191 913 cst:
1218 868 1274 911 non

146 976 249 1031 carc,
272 976 348 1019 nou
383 954 555 1036 sanguis
589 952 798 1018 reuelauit
826 952 912 1027 tibi,
937 953 1007 1016 sed
1032 964 1156 1033 pater
1178 970 1275 1016 meus

137 1059 213 1146 'qui
244 1060 282 1122 in
316 1057 428 1123 caelis
460 1063 530 1123 est.
576 1057 746 1122 reuelatum
777 1064 877 1121 autem
913 1068 960 1119 est
983 1055 1148 1120 Christum
1173 1055 1275 1121 esseiu

146 1164 246 1239 nobis,
270 1164 301 1226 in
324 1163 512 1243 pauperibus
542 1162 659 1241 spiritu.
682 1162 714 1225 in
738 1160 890 1226 tribulatis
921 1162 1025 1231 corde,
1061 1161 1095 1224 in
1126 1158 1276 1225 humilibus

147 1276 245 1345 terrae,
276 1268 307 1330 iu
337 1267 551 1349 purgamentis
586 1268 703 1336 mundi.
736 1266 769 1329 in
802 1264 942 1330 ecclesias
977 1264 1107 1329 infimis.
1153 1265 1276 1328 inliruuu

97 1397 121 1433 ιο
149 1372 230 1436 enirn
255 1369 396 1436 ecclesia
426 1371 529 1434 idest
562 1371 646 1434 omni
677 1368 851 1434 humilitate
882 1359 1084 1433 submissum.
1130 1368 1190 1433 hoc
1219 1386 1277 1450 ergo

148 1475 303 1540 occultum
327 1475 510 1559 mysterium
534 1473 706 1539 reuelatum
729 1479 785 1551 est,
809 1475 891 1557 quod
916 1483 963 1537 est
987 1471 1133 1538 Christus
1149 1474 1180 1536 iu
1195 1472 1277 1537 uobis.
1313 1528 1315 1537 .

148 1599 210 1643 nou
240 1600 296 1659 per
325 1578 496 1659 apostolum
526 1578 594 1642 hac
628 1585 747 1642 tantum
781 1579 935 1657 dominor,
969 1578 1027 1642 sed
1062 1577 1158 1642 etiarn
1181 1578 1211 1642 in
1232 1575 1278 1639 hor

150 1684 259 1747 eodem
285 1682 404 1763 psalmo
425 1684 466 1747 ita
482 1682 615 1766 loquitur
638 1683 758 1747 dicens:
795 1703 869 1746 non
894 1689 956 1746 est
979 1680 1226 1746 occultatum
1246 1700 1277 1743 os

149 1806 273 1850 meum
297 1807 315 1850 a
338 1795 384 1862 te,
410 1808 491 1870 quse
527 1787 667 1852 fecisti
701 1787 739 1851 in
775 1785 951 1851 occulto:
984 1792 1025 1851 et
1056 1784 1276 1851 substantia

100 1915 123 1949 rs
151 1912 236 1955 mea
259 1892 297 1954 in
320 1891 596 1956 inferioribus
619 1897 746 1956 terra.
782 1892 891 1955 nonin
908 1889 1276 1970 infernusicutsuperius.

152 2016 221 2059 curn
256 1997 295 2060 de
326 1996 470 2075 passione
502 1995 660 2071 tractabat,
694 1996 750 2059 sed
785 1995 824 2058 in
858 1994 1134 2059 inferioribus
1166 2004 1275 2058 terra.

152 2119 223 2163 cum
247 2102 286 2163 de
310 2098 455 2164 reuelatis
478 2121 496 2163 a
519 2106 615 2180 patre,
639 2119 708 2182 quse
731 2098 904 2163 inocculto
940 2099 1071 2175 suerent,
1095 2098 1273 2179 predicata

152 2202 307 2268 occultum
341 2212 445 2268 autern
479 2205 586 2274 fuerat,
623 2205 705 2286 quod
740 2210 788 2269 est
822 2201 963 2267 Christus
998 2204 1031 2266 iu
1062 2204 1158 2278 uobis
1190 2203 1272 2265 idest

152 2308 390 2373 substantia
420 2328 505 2372 mea
529 2309 567 2372 iu
592 2308 866 2373 inferioribus
891 2314 1018 2384 terrae,
1043 2309 1074 2372 in
1099 2305 1271 2372 inferioribus

101 2432 125 2469 20
154 2410 272 2476 scilicet
294 2413 430 2476 omnium
454 2412 637 2477 humilitatis
661 2413 781 2477 officiis.

198 2516 247 2579 32.
271 2515 416 2580 Procedit
439 2517 553 2580 deiude
576 2519 746 2581 secundum
769 2516 942 2596 proiectum
958 2515 1172 2599 euangelicum
1187 2530 1266 2578 sermo

155 2619 274 2699 psalmi,
308 2639 380 2683 cum
415 2621 471 2684 ait:
507 2620 782 2701 inperfectum
816 2628 924 2684 tuum
956 2621 1151 2686 uiderunt
1183 2611 1264 2681 oculi

54 2781 56 2784 .
155 2725 240 2802 mei,
264 2726 362 2788 etin
386 2724 494 2788 libro
530 2731 595 2789 tuo
630 2745 763 2789 omnes
794 2726 1049 2790 scribentur:
1081 2718 1264 2800 diereple

155 2829 310 2899 buntur.
350 2835 387 2893 et
424 2849 537 2892 nemo
578 2830 617 2892 in
656 2829 723 2894 eis.
784 2827 877 2913 atque
915 2836 948 2892 ut
985 2830 1090 2892 omnia
1127 2825 1264 2892 secundun

103 2952 128 2988 a
155 2933 324 2997 doctrinam
348 2931 505 2997 calestem
529 2933 712 3016 intellegere
735 2934 896 3014 possimus,
916 2933 957 3009 id,
982 2934 1065 3016 quod
1081 2930 1274 2997 difficultatem

155 3037 265 3113 adfert,
281 3036 507 3102 absolueudum
531 3044 586 3102 est.
632 3040 714 3121 quod
738 3039 819 3102 enim
840 3037 926 3102 latini
942 3036 1143 3103 translatores
1163 3037 1281 3111 inper-

155 3143 306 3206 sectum
336 3142 527 3222 interpretati
551 3148 630 3215 suut,
664 3142 696 3205 id
725 3142 756 3205 in
787 3142 898 3224 grecis
932 3140 1020 3206 libris
1051 3135 1289 3223 ἀκατέργαστσῖ

157 3246 313 3310 scribitur:
337 3266 396 3309 uec
419 3245 580 3329 querimur
596 3247 634 3310 de
657 3245 903 3316 translatoribus:
928 3265 1040 3311 uereor
1059 3246 1149 3320 enirn,
1170 3263 1204 3307 ne
1221 3242 1297 3301 11⁰¹l

199 3437 483 3504 mmmm

199 3608 558 3676 SintribulaticnislllG
613 3613 645 3664 12
663 3611 796 3663 incauli
850 3613 882 3664 13
897 3609 1039 3663 occultum
1057 3573 1315 3678 Caedes-raml

157 3696 193 3750 27
248 3700 281 3752 14
299 3715 314 3750 a
332 3703 360 3751 te
379 3715 448 3765 quae
472 3698 564 3750 iecisti
583 3699 608 3749 R
626 3715 642 3750 a
661 3703 753 3750 ressa*
778 3715 847 3765 quae
875 3697 966 3750 fecisti
995 3698 1014 3750 ,ἶ
1042 3697 1092 3762 (cn
1110 3707 1165 3750 erut
1183 3701 1235 3749 ete
1285 3747 1315 3765 Α

157 3802 190 3837 ea
208 3802 277 3852 quae
295 3785 406 3837 fecisti?
424 3786 459 3853 cf.
471 3787 589 3838 Subotier
604 3786 642 3842 ΙΙ,
660 3783 728 3848 270)
744 3789 800 3837 ate
810 3784 882 3851 quod
896 3783 986 3837 fecisti
998 3785 1025 3834 E
1071 3785 1111 3837 'l'l
1129 3778 1306 3836 fueruutll(

157 3872 569 3939 praedicabat—fueramus}
614 3871 1000 3925 reinuobisGltinnobisE
1043 3873 1076 3924 19
1086 3873 1114 3924 iu
1124 3867 1284 3924 interioribus

160 3958 214 4009 GE
231 3958 444 4012 irrferioribusR
497 3962 528 4011 21
550 3959 700 4012 secundum
719 3958 855 4026 profetam
874 3957 1106 4026 euangelicumG
1159 3961 1192 4011 22
1210 3958 1286 4025 inper-

158 4045 261 4097 sectum
280 4062 372 4097 meum
392 4046 417 4097 R
469 4045 543 4098 oculi
561 4045 615 4098 rnei
636 4046 675 4098 Ge
693 4045 767 4098 oculi
785 4048 826 4098 tui
845 4042 1288 4112 arcs.p.7c·7.12errrcr.11276

158 4133 193 4184 23
211 4131 370 4184 scribuntur
388 4132 413 4184 G
430 4135 477 4185 sed
493 4133 527 4200 rs.
544 4152 571 4202 p.
592 4131 652 4196 767,
671 4132 706 4184 1-:5
760 4133 795 4184 24
813 4131 841 4183 iu
861 4131 899 4183 eis
919 4133 963 4180 (ia
979 4131 1008 4183 in
1024 4131 1067 4183 his
1081 4133 1119 4184 Re
1172 4135 1207 4186 27
1223 4131 1293 4186 libris

159 4237 229 4289 supr.
247 4235 296 4270 scr.
316 4219 340 4270 lt
376 4223 566 4287 aratepsacton
588 4220 611 4270 lt
630 4217 679 4280 (sic
697 4221 773 4271 eriam
791 4220 817 4270 in
835 4217 899 4287 seq.)
952 4220 987 4271 28
1006 4235 1174 4285 quaeremur
1194 4222 1226 4274 R.
