2790 4844
147 246 209 311 792
485 244 602 297 sancti
627 244 762 298 Hilarii
786 244 948 313 episcopi

147 436 268 502 scilicet
290 434 382 499 huius
405 432 578 518 euangelici
595 453 728 498 memor:
753 454 798 498 ex
819 433 960 499 uerbis
984 435 1069 501 tuis
1094 436 1288 501 iustifica-

147 540 270 617 beris,
306 544 373 603 aut
407 558 451 602 ex
484 538 625 602 uerbis
656 538 736 602 tuis
767 538 1128 617 condemnaberis,
1159 540 1288 606 recolens

150 663 273 729 quoque
297 641 440 707 exomni
464 661 497 706 sa
520 643 614 706 uerbo
638 642 735 706 otioso
761 641 910 706 rationem
933 643 965 705 in
989 642 1039 708 dia
1064 643 1172 709 iudicii
1197 644 1288 708 reddi·

149 757 253 814 turum
291 746 466 811 necessario
500 748 683 827 deprecatus
720 752 768 811 est
805 746 927 811 dicens:
973 766 1088 827 pone,
1128 748 1288 828 domine,

109 880 122 916 s
150 851 382 917 custodiam
406 850 466 915 ori
488 871 571 914 meo
595 856 633 915 et
656 850 803 915 ostium
826 850 1157 916 circumstantiae
1174 851 1288 917 labiis

151 956 261 1020 meis.
307 973 368 1019 aon
402 953 501 1019 leuem
536 954 707 1019 custodiam
743 953 787 1018 ori
824 974 878 1018 suo
916 959 983 1018 crat
1020 955 1146 1035 adponi,
1186 957 1288 1021 ostium

150 1059 269 1124 scilicet
293 1058 541 1135 circumstantia,
565 1066 596 1122 nt
612 1058 751 1123 custodia
773 1055 824 1121 illa
843 1077 902 1123 non
923 1058 1101 1123 obseruatio
1125 1060 1166 1124 sit
1187 1060 1287 1144 aliqua,

149 1165 206 1228 sed
232 1161 407 1228 claustrum.
453 1162 642 1242 periculosus
659 1162 739 1226 enim
756 1160 847 1226 ualde
870 1161 983 1246 linguae
1000 1173 1030 1227 et
1045 1163 1287 1245 promptissimus

149 1266 255 1347 lapsus
290 1273 352 1331 est:
388 1272 418 1330 et
441 1287 478 1330 ex
501 1286 539 1331 aa
561 1265 768 1344 maledictum,
803 1266 1007 1344 mendacium,
1039 1267 1221 1348 periurium,
1241 1269 1285 1331 ob

96 1396 121 1433 ιο
152 1371 292 1436 tractatio
315 1375 400 1434 motu
422 1370 503 1435 sacili
526 1376 556 1435 et
579 1370 662 1434 aditu
693 1370 807 1451 patenti
836 1368 1013 1435 efferuntur.
1058 1392 1187 1436 oremus
1220 1391 1285 1455 ergo

153 1475 241 1539 nobis
265 1474 501 1539 circumstantia
523 1474 644 1538 ostium.
689 1474 719 1538 in
750 1494 786 1539 eo
816 1473 897 1538 enim
928 1472 1017 1550 libro,
1049 1475 1104 1557 qui
1134 1475 1284 1540 nobiscmn

155 1576 329 1643 Salomonis
370 1577 556 1653 inscribitur,
594 1579 674 1658 apud
712 1577 836 1642 Gracos
874 1584 975 1642 autem
1013 1584 1107 1662 atque
1144 1579 1283 1645 Hebraeos

150 1681 312 1765 Sapientia
335 1681 444 1747 Sirach
467 1681 607 1762 habetur,
629 1682 673 1747 ita
695 1702 869 1747 monemur:
903 1674 999 1747 eece
1025 1681 1282 1748 circumualla

148 1786 457 1867 possessionem
496 1791 599 1850 tuam
638 1786 784 1867 spinis,
830 1795 1040 1870 argentum
1080 1794 1120 1852 et
1156 1806 1279 1851 aarum

97 1912 122 1952 1⁵
149 1896 261 1954 tuum
286 1891 501 1965 constitue,
524 1897 563 1954 et
585 1890 643 1954 ori
667 1899 731 1954 tuo
754 1891 816 1955 lac
846 1890 993 1954 ostium
1024 1897 1062 1955 et
1092 1910 1229 1965 seram,
1249 1895 1279 1952 et

149 1993 290 2059 uerbis
326 1993 406 2058 tuis
440 1993 504 2058 fac
538 1994 673 2078 iugum
708 1998 745 2058 et
778 2013 1015 2059 mensuram.
1062 1999 1094 2059 et
1127 1995 1277 2058 ostiumst

150 2117 253 2162 seram
276 2097 322 2161 cri
345 2097 434 2162 iussit
456 2098 576 2178 adponi,
600 2118 640 2162 ne
663 2098 766 2163 uerbis
789 2103 871 2163 esset
894 2097 992 2162 facilis
1008 2117 1163 2182 egressus.
1205 2098 1274 2162 iden

155 2208 256 2266 auteur
281 2200 385 2266 uerbis
407 2201 511 2286 iugum
546 2221 786 2285 mensuramque
815 2201 979 2280 constituit,
1009 2208 1043 2266 ut
1071 2203 1196 2267 rationis
1215 2201 1273 2283 ingo

152 2305 283 2383 subdita,
305 2304 417 2369 librata
438 2327 494 2387 per
516 2326 694 2371 mensuram
717 2306 925 2371 moderatione
947 2305 1129 2385 penderent.

97 2430 122 2468 so
196 2414 224 2474 6.
248 2409 361 2473 Tendit
383 2409 485 2474 adhuc
507 2409 657 2491 propbeta
680 2412 720 2474 ad
743 2409 865 2475 iustitiae
881 2408 1113 2489 perfectionem.
1158 2426 1267 2491 namque

153 2521 223 2592 post
246 2512 318 2578 fidei
342 2512 517 2591 clamorem,
540 2526 609 2594 post
631 2514 809 2591 oraticnem,
843 2519 912 2595 post
944 2534 1048 2594 opera,
1082 2522 1152 2595 post
1178 2512 1265 2577 ostiun

151 2617 212 2680 oris
235 2617 440 2681 consummari
469 2636 503 2681 se
537 2637 658 2701 quoque
688 2617 788 2682 officio
822 2616 923 2681 cordis
956 2623 1023 2680 orat
1057 2618 1177 2683 dicens:
1208 2631 1262 2679 non
1317 2594 1319 2687 Ξ

152 2720 338 2786 declines
362 2741 574 2786 cormeum
599 2722 636 2785 in
671 2720 928 2796 uerbamala,
960 2721 1006 2785 ad
1037 2721 1262 2788 excusandas
1300 2718 1319 2803 ⁴l

153 2825 442 2889 excusationes
466 2826 503 2888 iu
527 2825 712 2908 peccatis
736 2845 818 2890 cum
841 2819 1261 2907 hominibusoperanti·
1317 2819 1319 2905 ξ

98 2946 124 2985 ss
152 2929 224 2993 bus
247 2928 520 3012 iniquitatem.
567 2948 637 2994 cum
658 2949 696 2993 ex
718 2929 900 2994 innocentia
922 2949 957 2994 ac
980 2930 1105 2994 iustitiae
1128 2928 1223 2995 studiis
1240 2925 1260 2985 ir
1317 2910 1319 2925 ¹

153 3033 292 3098 uitiosam
314 3033 500 3099 uoluntatem
525 3033 706 3119 decidimus,
729 3040 793 3098 tum
817 3054 869 3098 cor
892 3039 1026 3098 uostmm
1044 3035 1076 3098 in
1092 3033 1173 3099 mala
1192 3027 1260 3096 uerba
1316 3054 1319 3094 r

154 3136 302 3203 declinat:
327 3158 386 3201 non
410 3148 442 3202 ut-
464 3145 626 3218 peccatum
649 3156 831 3202 excusemus
854 3174 889 3182 —
918 3157 1011 3203 omne
1027 3139 1110 3202 enim
1131 3140 1258 3218 peccatum

196 3315 208 3364 r
229 3311 328 3365 Matth.
346 3312 405 3378 xn,
424 3314 466 3365 aa.
502 3314 519 3366 a
539 3312 607 3365 ruis.
625 3314 667 3365 aa.
705 3312 737 3366 rs
755 3310 861 3364 aceres.
879 3311 1004 3380 xxvru,
1022 3288 1065 3367 as‘
1076 3330 1115 3381 sq.

196 3472 265 3522 lex
275 3469 366 3524 uerbis
376 3468 569 3524 iustificaberis
579 3471 605 3523 R
656 3469 964 3538 2condempnaberisR
1016 3455 1257 3523 bexomniGllade

150 3556 247 3608 omnis
285 3573 329 3608 se
347 3557 431 3609 oauG
484 3558 698 3625 ldepraecatus
718 3557 796 3610 estG
849 3554 924 3608 dori
939 3572 988 3607 suo
1003 3559 1066 3608 orat
1077 3555 1129 3608 GR
1142 3538 1259 3608 orienti

150 3642 251 3711 adponi
263 3643 282 3705 (i
289 3644 374 3696 iuras.
382 3643 400 3693 3
407 3641 462 3709 liu.)
470 3645 495 3695 ll
530 3643 630 3696 ostium
638 3660 685 3696 oua.
693 3644 718 3695 R
726 3643 740 3707 (
740 3645 766 3695 in
776 3643 800 3695 G
802 3643 889 3710 j'aisse
896 3640 1009 3707 uidetur)
1047 3645 1128 3696 'lucu
1137 3629 1258 3695 obsecratio

153 3729 177 3781 G
230 3731 247 3782 8
265 3730 337 3782 enim
356 3730 436 3783 ualde
455 3730 565 3798 linguae
583 3732 712 3800 temptaui,
730 3729 762 3793 cf.
782 3731 845 3782 Aba.
864 3731 880 3780 1
887 3729 914 3792 V,
935 3729 969 3781 70
988 3728 1063 3781 enim
1081 3729 1160 3783 iudae
1178 3727 1259 3790 lingll0

151 3816 175 3867 R
194 3816 268 3867 enim
291 3816 471 3884 ssssliug'uae
483 3816 508 3868 G
517 3816 591 3868 enim
601 3817 713 3885 linguae
723 3817 750 3867 E
801 3815 1005 3883 promtissimus
1020 3816 1046 3868 R
1064 3799 1261 3884 *soptissimusi

229 3911 242 3939 u

152 3956 185 4006 12
203 3955 257 4021 apd
278 3955 303 4006 G
357 3955 446 4022 adque
473 3955 589 4009 hebreos
610 3958 634 4007 G
690 3958 721 4009 15
739 3972 828 4008 seram
857 3973 887 4007 ex
913 3971 1018 4007 serram
1037 3955 1064 4007 R
1119 3958 1151 4009 16
1168 3953 1216 4007 tuis
1235 3946 1265 3999 [²0

152 4039 247 4107 iugum
267 4042 292 4093 R
314 4040 425 4104 (deGlr.
444 4043 460 4094 l.
481 4061 531 4095 aon
550 4053 655 4109 constat,
673 4045 719 4095 sed
735 4043 770 4111 cs.
783 4041 874 4107 LXX)
894 4042 950 4095 tuis
962 4041 1057 4108 iugum
1072 4043 1100 4094 E
1153 4044 1182 4093 17
1200 4049 1269 4094 serant

150 4144 180 4179 ex
207 4143 311 4181 serram
339 4128 364 4180 R
416 4129 489 4181 idem
517 4129 543 4181 R
572 4129 669 4182 iisdem
697 4130 725 4181 E
784 4131 817 4181 22
837 4129 860 4181 si
888 4145 997 4196 quoque
1026 4128 1052 4180 G
1115 4131 1149 4183 23
1167 4120 1272 4182 malsll

46 4255 49 4262 .
150 4213 272 4265 malitiae
291 4215 320 4266 E
369 4217 402 4267 24
421 4215 603 4269 hominibsG
657 4217 690 4269 25
709 4233 741 4268 ac
760 4234 789 4268 ea
806 4215 858 4269 hac
877 4216 909 4268 R.
