2790 4844
333 271 513 322 tractatus
533 269 566 321 in
585 269 754 335 psalmum
774 268 890 322 CXLIV.
1122 263 1180 329 83]

85 456 115 518 3.
139 453 179 519 Et
213 456 244 518 in
281 455 339 522 boc
374 459 501 542 quidem
537 459 649 523 saeculo
680 459 845 541 quisquam
876 458 1062 522 benedicens
1093 459 1185 522 deum

80 566 142 623 test
164 580 225 624 non
249 581 374 641 semper
395 564 427 626 iu
452 562 674 629 benedictionis
698 563 800 627 officio
823 582 1014 644 permanere,
1038 563 1110 626 dum
1135 570 1187 625 aut

78 672 125 727 atu
163 664 329 748 impeditur
364 675 417 731 aut
452 674 537 732 metu
572 675 738 746 occupatur
771 673 823 731 ant
857 666 1039 750 aegritudine
1073 665 1185 729 anxius

80 767 197 832 tinetur
227 777 257 833 et
291 777 343 835 aut
378 777 571 852 torpescente
605 773 708 835 animo
743 777 796 835 eut
828 770 950 853 ingrato
980 770 1010 834 in
1042 769 1185 834 benedie-

78 871 176 936 ›uibus
200 874 247 937 dei
274 880 376 939 mutus
401 882 456 939 est.
504 876 559 940 sed
583 875 729 954 perfectio
746 874 934 955 prophetalis
950 874 1022 938 fidei
1039 874 1077 937 ab
1093 872 1182 938 istius
1222 901 1234 934 e

78 974 125 1038 odi
162 976 376 1043 infirmitatum
418 979 679 1044 demutationibus
714 978 811 1042 libera
856 984 901 1042 est
947 977 1069 1042 dicens:
1116 998 1185 1069 per

81 1080 230 1163 ngulos
267 1082 356 1147 dies
395 1083 634 1148 benedicam
673 1089 718 1147 te.
764 1081 883 1147 nullum
918 1103 1052 1146 uacuum
1090 1080 1185 1146 habet

79 1203 161 1262 upns
185 1195 215 1248 et
238 1186 303 1250 dies
327 1187 354 1250 ei
380 1185 464 1250 nulla
497 1195 545 1252 est
578 1187 684 1261 otiosa,
718 1188 792 1269 quin
828 1206 951 1268 semper
984 1186 1013 1249 in
1038 1186 1183 1251 benedic-

81 1307 154 1351 num
178 1289 371 1354 consessione
396 1298 544 1356 uersetur.
590 1291 703 1356 accidit
732 1299 834 1355 autem
866 1290 1050 1373 frequenter,
1080 1297 1115 1354 ut
1144 1290 1182 1355 de

81 1392 153 1456 ibus
184 1390 265 1476 loqui
300 1395 377 1459 bene
402 1394 565 1475 possimus,
595 1394 722 1459 laudare
744 1414 797 1460 eos
819 1414 879 1458 nou
904 1394 1064 1476 possimus.
1110 1394 1180 1458 abs·
1209 1419 1232 1453 10

82 1516 137 1561 ere
168 1518 186 1560 a
220 1497 300 1562 malo
335 1499 547 1564 benedictione
581 1500 710 1583 dignum
742 1506 795 1563 est
841 1500 896 1564 sed
932 1497 1029 1563 solum
1065 1498 1181 1562 rnatum

79 1619 98 1662 u
123 1600 283 1666 admittere
307 1622 369 1666 non
392 1603 489 1668 habet
512 1604 644 1677 laudem,
669 1603 728 1667 nisi
751 1603 825 1667 mali
848 1603 1066 1668 abstinentiam
1086 1603 1180 1666 etiam

78 1704 138 1768 iria
161 1705 233 1770 boui
256 1707 359 1785 operis
384 1715 598 1790 consequatur.
644 1716 675 1771 et
708 1707 882 1771 beneficum
912 1706 1038 1790 quidem
1067 1706 1099 1770 in
1124 1726 1181 1769 nos

78 1808 219 1873 nedieere
242 1830 417 1889 possumus,
452 1811 525 1894 quia
558 1817 668 1875 natura
698 1811 802 1895 exigit,
837 1832 897 1874 nou
928 1811 1101 1875 obtrectare
1124 1830 1181 1874 nos

78 1932 103 1988 s,
128 1932 261 1994 quorum
291 1914 499 1980 beniuolentia
530 1916 748 1993 consonemur3
783 1915 837 1980 sed
872 1915 896 1980 si
933 1922 963 1979 et
996 1914 1063 1978 aliis
1096 1914 1179 1979 uitiis
1209 1936 1231 1971 1⁶

78 2017 153 2096 tersi
189 2024 268 2094 sunt,
303 2027 408 2083 nostro
433 2019 558 2102 quidem
583 2021 748 2085 commodo
778 2020 1011 2091 benedicuntur,
1035 2018 1091 2083 sed
1113 2018 1180 2083 ueri

78 2119 145 2184 ticio
170 2141 230 2185 non
254 2123 469 2202 praedicantur.
515 2122 661 2204 perfectio
685 2134 788 2187 autem
812 2123 861 2187 dei
883 2122 959 2186 nibil
991 2122 1020 2185 in
1053 2143 1086 2187 se
1110 2143 1178 2187 esse

78 2224 151 2288 titur
187 2246 240 2304 pro
275 2238 370 2307 parte.
416 2248 487 2290 narn
521 2235 555 2291 ut
588 2227 775 2302 benedictae,
809 2227 850 2290 ita
879 2233 910 2291 et
941 2225 1104 2290 laudabilis
1133 2235 1181 2290 est

78 2329 153 2392 bens
178 2337 208 2393 et
231 2351 267 2395 ex
290 2329 349 2403 his,
375 2331 488 2414 quibus
513 2331 769 2396 beneficentiam
793 2351 849 2394 uos
865 2350 921 2395 sua
937 2330 1060 2406 utimur,
1086 2330 1178 2394 bene·

78 2432 176 2496 :donis
201 2440 312 2498 nostrae
336 2436 565 2499 consessionem
589 2443 678 2500 etex
701 2435 907 2515 perfectarum
930 2435 960 2497 in
979 2454 1013 2498 se
1028 2434 1177 2498 uirtutum
1205 2464 1230 2499 ro

78 2535 236 2602 miratione
252 2539 450 2617 praecouinm.
498 2539 535 2602 ob
552 2541 635 2621 quod
652 2539 869 2604 benedicturus
885 2559 939 2618 per
954 2539 1022 2603 dies
1037 2536 1176 2622 singulos

78 2638 185 2720 >pheta
208 2642 301 2705 etiam
324 2642 355 2706 id
380 2643 505 2708 adiecit:
541 2651 578 2708 et
612 2643 788 2707 laudabo
823 2662 964 2707 nomen
999 2650 1107 2706 tuum
1138 2642 1176 2706 in

88 2744 221 2808 culum
257 2753 295 2811 et
328 2747 366 2809 in
403 2746 593 2811 saeculum
629 2747 779 2812 saecuii.
826 2766 895 2811 cum
920 2746 1083 2823 benedicit,
1107 2766 1175 2810 cum

80 2849 189 2912 datin
213 2849 359 2914 saeculum
385 2850 498 2927 saeculi,
520 2851 553 2914 in
575 2850 659 2915 nulio
682 2849 839 2932 propbeta
863 2849 998 2916 officium
1016 2851 1175 2914 infirmum

98 2971 158 3017 nec
182 2954 396 3019 benedictione
420 2974 478 3020 nec
502 2953 594 3020 laude
616 2975 674 3020 uec
697 2961 845 3036 tempore.
1202 2983 1227 3019 n

78 3055 101 3119 i.
130 3056 250 3122 Dehinc
273 3059 427 3140 sequitur:
463 3078 634 3143 magnus
665 3061 851 3124 dominus
882 3066 919 3124 et
948 3059 1174 3124 laudabilis

81 3160 157 3237 lde,
179 3168 226 3236 ¹et
256 3162 564 3245 magnitudinis
588 3164 673 3227 eius
696 3185 769 3227 nou
795 3170 855 3228 est
878 3163 987 3228 sinis.
1035 3162 1101 3227 baec
1124 3161 1174 3226 dei

78 3285 128 3328 ma
153 3274 183 3329 et
213 3267 370 3346 praeeipua
401 3266 538 3331 laudatio
572 3275 627 3343 est,
663 3270 745 3351 quod
776 3266 853 3331 nibil
885 3268 914 3331 in
946 3288 980 3331 se
1011 3267 1173 3344 mediocre,

83 3368 102 3434 ii
120 3369 394 3450 circumscriptum„
421 3369 499 3434 nihii
516 3391 678 3436 emensum
695 3378 724 3436 et
739 3372 964 3455 magnitudinis
980 3391 1044 3435 suae
1059 3369 1174 3436 babeat

78 3474 183 3537 audis.
223 3473 318 3538 uirtus
335 3474 401 3538 eius
418 3474 560 3554 opinione
575 3495 636 3538 non
653 3475 809 3552 clauditur,
826 3475 899 3540 iocis
915 3496 974 3539 non
991 3475 1172 3553 continetur,
1199 3501 1225 3536 ao

78 3577 205 3642 niuibus
230 3597 289 3641 non
313 3579 495 3655 enuntiatur,
519 3580 710 3659 temporibus
740 3600 800 3643 noo
833 3579 987 3644 subditur:
1018 3586 1102 3643 artus
1132 3579 1171 3643 ad

79 3701 191 3746 seusus
215 3690 319 3746 noster
343 3687 397 3755 est,
433 3682 594 3766 ingenium
630 3682 726 3748 hebes
756 3690 812 3759 est,
843 3702 945 3748 sermo
977 3692 1080 3748 mutus
1113 3689 1170 3747 est.

78 3891 286 3957 .quisquam1d
299 3890 424 3958 quisquis
443 3911 462 3940 α
482 3892 628 3959 quisquee
681 3890 997 3945 blocoeclucunr.3R
1052 3892 1170 3944 lobene

78 3977 99 4029 ri
122 3978 149 4028 E
202 3977 336 4030 raetiam
355 3996 403 4030 om.
424 3979 448 4030 n
503 3981 535 4032 13
558 3978 648 4046 gloria
667 3979 692 4030 R
745 3976 898 4031 beneficum
917 3979 943 4030 R
960 3977 1125 4030 beneficium
1144 3978 1173 4029 Ε

78 4064 266 4117 beniuolentia
286 4065 331 4117 Ra
348 4066 383 4133 es.
403 4067 484 4118 Aaou.
500 4084 528 4135 p.
550 4066 581 4116 17
601 4065 824 4119 beneuolentiae
885 4067 919 4118 ‘28
944 4081 1006 4117 eum
1030 4063 1171 4118 benedicit

78 4169 86 4203 ι
105 4150 202 4203 laudat
219 4152 242 4202 a
255 4168 318 4203 curn
335 4152 511 4205 benedictum
528 4152 623 4205 laudat
638 4157 666 4205 et
682 4152 775 4206 laudat
789 4153 814 4203 E
865 4154 899 4203 27
918 4151 998 4204 ualde
1014 4152 1038 4203 i?
1053 4150 1168 4219 (σφόδρα

78 4238 108 4303 Χ)
127 4239 162 4306 cs.
183 4239 302 4290 Sedotier
320 4239 359 4306 ΙΙ,
377 4238 433 4292 278
452 4242 512 4291 urin.
532 4239 613 4291 nimis
633 4240 664 4290 E.
