2790 4844
381 256 561 305 tractatus
579 252 616 304 in
633 253 803 321 psalmum
823 251 967 306 cxxxlx.
1182 251 1244 316 785

94 452 181 519 sunt,
197 462 412 508 consummare
428 448 512 523 optat
534 455 564 506 et
583 442 735 513 uniuersa,
755 462 959 525 quecumque
975 443 1032 507 sibi
1054 443 1084 506 in
1101 443 1246 523 passione

95 545 319 612 desiderabilia
345 552 423 623 suut,
446 545 573 629 exsequi
600 552 752 627 properat,
774 566 813 611 ne
840 546 915 629 quid
942 567 978 612 ex
1005 546 1055 611 his
1083 547 1131 623 sit,
1163 549 1246 630 quod

95 652 293 733 praeueniens
316 657 458 732 peccator
480 651 637 731 impediat.
678 650 830 714 desiderio
853 651 1041 715 desiderauit
1064 670 1134 716 oum
1151 651 1244 716 disci·

96 755 184 837 pulis
216 753 364 835 pascham
397 755 596 826 manducare,
631 753 772 819 festinato
807 753 932 834 paschae
966 774 1084 819 caenam
1115 756 1245 839 peregit.

98 860 259 924 desiderat
281 858 406 924 calicem
440 859 592 939 passionis
616 858 721 924 hibere
755 858 877 923 dicens:
913 858 1095 933 calicem,
1131 879 1246 944 quem
1285 884 1299 920 s

97 971 220 1045 pater
241 962 465 1026 meusmihi
483 962 604 1038 dedit,
628 956 1008 1027 nonbibamillum?
1032 964 1246 1046 quaerentibus

97 1087 135 1132 se
159 1066 238 1131 ultro
262 1065 318 1142 his,
343 1066 395 1149 qui
418 1067 458 1130 ad
481 1065 797 1146 conprehendendum
821 1086 892 1130 eum
914 1074 1072 1143 uenerant,
1098 1074 1129 1132 et
1152 1068 1246 1133 inter·

95 1171 291 1255 rogantibus,
327 1171 395 1253 quis
418 1168 506 1234 Iesus
530 1178 620 1248 esset,
650 1171 789 1254 ingessit.
834 1170 893 1235 scit
915 1170 972 1234 sibi
996 1171 1075 1236 acati
1100 1170 1245 1252 poculum
1327 1246 1328 1253 χ

97 1295 174 1341 esse
196 1275 380 1355 potandum:
404 1273 464 1338 hoc
487 1280 519 1338 ut
541 1274 628 1338 bibat
650 1274 791 1354 postulat.
836 1279 868 1339 et
882 1294 1031 1358 magnum
1048 1275 1078 1338 in
1104 1296 1150 1352 eo,
1174 1295 1246 1339 oum

96 1380 241 1455 bibisset,
263 1378 429 1442 uoluntatis
451 1397 515 1442 suae
530 1377 666 1442 fructum
681 1380 807 1459 capiens
830 1379 886 1443 ait:
920 1386 1241 1463 consummatum
1269 1402 1294 1438 lc

98 1489 174 1558 est,
208 1503 268 1566 quo
305 1483 336 1547 in
374 1482 468 1546 uerbo
507 1481 721 1548 desiderabilis
755 1483 817 1547 uoti
851 1482 1015 1566 gratulatio
1060 1484 1244 1548 continetur.

97 1587 228 1652 liberari
251 1587 387 1650 animam
410 1605 498 1650 suam
521 1607 539 1650 a
562 1586 680 1650 framea
702 1586 733 1649 in
755 1586 884 1666 psalmis
899 1586 1081 1670 frequenter
1097 1594 1246 1666 creuerat,

97 1711 136 1756 os
170 1711 231 1754 non
268 1691 539 1755 comminuendum
577 1690 817 1774 significauerat,
856 1692 962 1755 sortitu
999 1699 1121 1756 uestem
1158 1710 1247 1756 suam

97 1795 302 1860 obtinendam
326 1794 569 1859 denuntiauerat.
614 1793 816 1872 haecomnia,
841 1814 909 1878 qum
933 1795 1079 1860 desiderii
1105 1796 1150 1860 eui
1167 1801 1245 1874 sunt,

97 1902 140 1965 ad
164 1898 333 1980 prophetiae
357 1898 452 1963 fidem
473 1904 507 1962 ut
528 1897 710 1979 inpleantur,
726 1905 806 1963 orat:
830 1919 870 1963 ne
886 1899 960 1983 quid
976 1921 1013 1964 ex
1030 1900 1079 1964 his
1096 1899 1247 1980 peccatori
1275 1920 1300 1958 1⁶

97 2005 140 2068 sit
164 2002 335 2083 potestatis,
357 2022 397 2067 ne
419 2001 567 2082 pascham
584 2003 758 2082 praeueniat.
782 2021 851 2087 quae
867 2004 1018 2067 desiderio
1040 2005 1245 2080 desideratur,

96 2127 139 2173 ne
162 2106 289 2172 calicem
313 2106 464 2187 passionis
488 2107 630 2190 ingerere
654 2126 715 2170 non
738 2109 851 2172 audeat
875 2143 915 2153 -
938 2126 1012 2171 nam
1042 2109 1084 2172 ad
1115 2108 1247 2188 primam

98 2211 220 2276 domini
242 2211 475 2290 responsionem
497 2218 641 2290 peccator
663 2210 772 2287 omnis,
796 2211 848 2294 qui
870 2212 910 2275 ad
930 2211 1247 2292 conprehendendum

100 2335 173 2381 eum
189 2321 327 2390 uenerat,
351 2314 480 2397 procidit
503 2351 554 2391 —‚
577 2335 616 2379 ne
639 2319 767 2391 acetum,
791 2317 872 2398 quod
888 2313 1079 2380 offerendum
1104 2322 1162 2392 est,
1186 2335 1247 2379 non

99 2423 215 2501 praesto
238 2419 286 2495 sit,
309 2438 349 2484 ne
372 2424 454 2498 ante,
477 2438 572 2502 quam
595 2418 737 2501 spiritum
760 2419 878 2495 emittit,
908 2419 1015 2484 lancea
1048 2419 1130 2484 latus
1157 2419 1247 2484 miles
1273 2436 1299 2476 ω

101 2524 207 2599 fodiat,
230 2541 271 2586 ne
293 2521 456 2606 frangendi
479 2523 559 2587 ossis
583 2527 726 2587 manente
748 2522 850 2586 adhuc
869 2523 977 2603 spiritu
992 2529 1100 2604 pateat
1118 2524 1245 2602 occasio,

101 2647 140 2692 ne
164 2626 240 2710 qnid
263 2646 300 2690 ex
322 2620 484 2707 prophetia
505 2626 606 2690 minus
629 2626 690 2703 liat,
714 2646 752 2689 ne
769 2627 843 2710 quid
858 2628 1012 2708 peccatori
1029 2648 1066 2692 er
1081 2627 1247 2693 desideriis

101 2732 164 2796 suis
189 2730 333 2805 tradatur,
364 2732 420 2794 sed
443 2730 474 2793 in
497 2750 531 2794 se
554 2731 665 2807 omnia,
689 2750 757 2814 quae
781 2738 812 2796 ot
835 2732 1008 2796 desiderata
1034 2732 1094 2796 sibi
1122 2741 1153 2797 et
1175 2752 1246 2813 pro-

102 2836 229 2916 phetata
252 2839 330 2911 sunt,
353 2832 535 2916 inpleantur.
582 2840 648 2898 orat
666 2840 766 2899 autem
784 2836 823 2900 dc
841 2834 898 2909 hie,
921 2855 983 2899 non
999 2837 1081 2919 quod
1100 2835 1248 2916 inplenda

104 2960 162 3004 non
186 2947 300 3011 essent.
325 2942 380 3006 sed
402 2946 436 3005 ut
458 2944 497 3007 de
520 2961 553 3006 ee
576 2941 759 3021 prophetata
780 2961 850 3006 csse
873 2941 1010 3026 intellegi
1035 2943 1163 3024 possint.
1275 2956 1302 2996 ’ὁ

147 3045 195 3109 13.
220 3042 524 3129 cogitauerunt,
554 3045 662 3128 inquit,
694 3045 892 3110 aduersus
927 3066 999 3110 me:
1035 3055 1110 3111 non
1135 3049 1248 3113 dere·

107 3146 267 3231 linquas
303 3168 367 3227 me,
401 3169 447 3213 ne
482 3150 640 3233 quando
674 3148 918 3215 exaltentur.
966 3149 1061 3214 multa
1090 3152 1248 3216 aduersus

108 3271 174 3316 eum
208 3251 343 3336 cogitata
375 3259 460 3331 eunt;
494 3253 550 3317 sed
583 3253 718 3318 maxime
752 3253 835 3331 illud,
869 3259 903 3318 nt
934 3255 1062 3335 pecunia
1099 3254 1249 3320 militibus

145 3375 246 3428 diano.
266 3375 352 3441 XXII,
372 3376 413 3429 15.
449 3376 465 3428 5
484 3375 540 3428 Ioh.
559 3374 657 3441 XVIII,
678 3378 718 3429 ll.
756 3376 967 3442 loltid.x1x‚
986 3379 1026 3431 30.

148 3480 162 3531 l
181 3477 366 3532 consummari
387 3478 412 3531 G
465 3480 482 3531 2
500 3479 612 3546 exsequi
634 3478 659 3531 G
678 3480 777 3547 exequi
798 3481 822 3532 R
875 3481 1056 3534 basueniene
1074 3484 1205 3548 peccator
1223 3483 1249 3533 G

108 3565 237 3631 praebens
255 3569 385 3633 peccator
395 3565 420 3617 R
472 3568 490 3618 4
507 3566 637 3633 pascham
650 3565 701 3618 GR
713 3565 814 3634 pascha
825 3567 852 3618 E
903 3583 1015 3620 caenam
1030 3567 1082 3620 GR
1094 3583 1209 3620 coenam
1224 3568 1251 3619 E

680 3662 694 3690 u

107 3704 277 3757 5desiderat
305 3703 357 3756 GR
386 3703 556 3757 desiderauit
586 3705 612 3756 Ε
664 3704 743 3773 qeG
796 3707 859 3758 9et
882 3722 1014 3774 magnum
1039 3703 1080 3771 let
1107 3724 1138 3759 cr
1167 3705 1203 3770 eil
1223 3707 1249 3760 R

106 3807 233 3857 magnum
252 3790 281 3842 E
332 3792 365 3844 10
382 3790 423 3843 ait
449 3809 479 3843 es
505 3796 546 3843 att
572 3810 605 3844 m.
626 3791 642 3843 1
661 3792 686 3844 R
741 3793 773 3844 14
791 3791 970 3859 optinendam
988 3792 1032 3844 Rc
1088 3793 1130 3846 sni
1149 3810 1198 3846 om.
1224 3792 1249 3846 G

104 3883 166 3931 sunt
187 3877 212 3930 G
231 3877 287 3930 sint
305 3878 360 3930 RE
411 3880 443 3930 16
462 3876 647 3944 desideratlll
663 3878 688 3930 G
743 3881 774 3930 17
793 3878 949 3931 audeantR
1004 3881 1037 3931 18
1055 3879 1249 3947 conpraehen-

104 3964 224 4018 dendum
245 3964 296 4017 GR
350 3967 382 4018 19
400 3963 571 4017 offerendum
591 3965 616 4018 G
639 3965 791 4033 potandum
812 3966 865 4017 RE
915 3967 949 4018 20
968 3967 1072 4019 emittit
1095 3966 1148 4019 GR
1167 3966 1249 4019 amit·

102 4057 143 4107 tat
163 4070 177 4105 e
195 4050 306 4104 emittat
330 4051 344 4102 b
397 4050 469 4103 latus
495 4051 575 4104 miles
604 4052 629 4104 G
655 4051 736 4105 miles
763 4051 835 4104 latus
863 4053 918 4104 RE
968 4055 1000 4105 21
1028 4053 1176 4121 frangendi
1198 4053 1253 4106 GE

99 4137 303 4208 frangendisR
355 4139 389 4190 22
405 4153 439 4190 ne
455 4137 521 4204 quid
534 4138 754 4206 peccatoriGnc
772 4139 878 4206 aliquid
896 4139 1035 4207 peccatori
1047 4141 1100 4192 RE
1152 4142 1186 4194 26
1203 4140 1250 4192 ad·

100 4224 434 4283 uersusRednersumE
484 4224 518 4276 28
536 4235 596 4278 onte
614 4236 711 4294 etpost
729 4229 760 4279 ut
778 4245 821 4279 uu.
840 4227 886 4279 tur.
905 4227 1007 4279 eruaR
1058 4227 1204 4295 pecuniam
1216 4226 1250 4280 G.

159 4343 235 4386 xxn.
249 4343 323 4384 Eller.
338 4343 395 4385 Plct.
411 4355 462 4394 paro
476 4344 495 4384 1.
1061 4332 1096 4386 50
