2790 4844
356 279 540 328 tractatus
559 276 594 327 in
611 276 783 343 psalmum
802 275 920 329 CXLIV.
1147 274 1209 338 837

59 465 223 546 prophetae
236 464 380 530 continuo
393 465 532 529 subiecta
547 469 608 528 est:
632 463 777 529 fidelis
801 464 985 529 dominus
1008 465 1047 527 in
1069 464 1211 528 uerbis

60 571 150 634 suis
174 577 213 635 et
234 575 401 633 sanctus
424 570 463 633 in
485 568 669 633 omuibus
693 569 885 649 operibus
907 569 999 633 suis.
1043 570 1210 633 uerborum

60 674 146 739 fides
170 673 248 739 torto
271 680 402 750 nutaret,
426 674 486 738 uisi
509 673 657 738 sanctitas
673 673 816 754 operibus
832 678 914 737 esset
929 673 1074 737 admixta.
1119 678 1211 756 atque

61 778 107 842 ita
132 779 278 842 sanctitas
300 777 332 840 iu
356 776 501 858 operibus
525 776 620 843 fidem
637 777 800 841 confirmat
814 776 847 839 in
861 775 977 854 uerbis
1001 783 1034 840 ut
1057 778 1096 842 de
1112 777 1210 841 sancti

62 882 128 946 fide
151 882 183 946 in
207 881 369 962 promissis
393 901 452 944 uon
476 881 628 964 ambigas,
652 882 737 946 cuius
760 881 923 946 sanctitate
944 880 1042 945 utaris
1062 880 1093 944 iu
1109 880 1210 945 rebus.
1251 912 1263 948 a

63 987 90 1051 si
116 985 201 1050 enim
224 992 364 1050 sanctum
390 1005 459 1050 esse
485 985 575 1050 deum
592 983 798 1068 intellegimus
814 1005 870 1065 per
884 984 924 1061 id,
948 984 1029 1068 quod
1045 983 1211 1061 nascimur,

62 1089 208 1161 uiuimus,
239 1088 350 1152 alimur
380 1095 411 1153 et
442 1088 537 1168 copiis
567 1088 710 1152 omnibus
741 1087 885 1152 humanae
921 1095 1037 1152 naturas
1067 1088 1211 1170 congruis

61 1193 269 1270 abundamus,
293 1193 440 1257 sanctitas
464 1193 523 1257 ista
545 1212 614 1258 esse
638 1213 697 1256 non
721 1198 823 1273 potest
845 1191 979 1257 infidelis
1002 1192 1034 1256 in
1058 1192 1157 1257 dictis.

112 1297 161 1362 18.
185 1297 251 1361 Scit
272 1302 376 1361 autem
400 1295 550 1377 propheta
579 1316 649 1361 esso
679 1302 710 1361 et
739 1295 823 1360 aliud
856 1296 1027 1361 sanctitatis
1050 1296 1101 1361 dei
1134 1316 1211 1376 opus

60 1403 93 1465 iu
131 1422 177 1479 eo,
212 1402 294 1484 qnod
329 1401 482 1484 sequitur:
518 1399 712 1465 suffulcit
745 1401 930 1465 dominus
964 1419 1109 1478 omnes,
1144 1400 1209 1484 qui
1239 1397 1268 1466 10⁴

61 1512 192 1583 ruunt,
224 1513 263 1570 et
294 1505 469 1588 corrigit
503 1524 640 1569 ornnes
675 1503 812 1569 elisos.
857 1506 948 1569 adest
981 1505 1123 1569 omnibus
1161 1489 1212 1569 dei

62 1610 213 1674 sanctitas
248 1615 278 1674 et
312 1629 346 1674 se
381 1609 527 1673 humanis
562 1608 680 1673 auxiliis
714 1629 774 1672 non
810 1608 971 1673 subtrahit.
1018 1608 1074 1674 sed
1108 1616 1212 1673 seruat

63 1715 160 1779 etiam
184 1733 265 1778 nune
279 1713 405 1777 institiae
421 1722 451 1777 et
466 1713 687 1777 misericordiae
703 1712 854 1792 propheta
869 1713 1030 1778 rationem.
1077 1711 1212 1777 suffulcit

62 1820 149 1883 enim
174 1817 316 1881 dominus
341 1838 400 1881 non
425 1816 596 1901 conlapsos,
628 1817 684 1882 sed
715 1818 870 1894 cadentes,
903 1838 988 1901 quos,
1018 1818 1073 1882 etsi
1109 1816 1212 1881 trahat

63 1942 179 2002 pronus
203 1928 319 1985 naturae
342 1921 447 2000 lapsus
471 1922 501 1985 in
526 1941 640 1998 casum,
675 1921 852 2004 paenitentia
876 1929 989 1998 tamen,
1013 1942 1082 2005 quae
1106 1927 1212 1986 auctor
1238 1953 1263 1989 η

64 2035 113 2090 est
137 2026 311 2100 desinendi,
336 2046 375 2090 ne
399 2025 520 2105 penitus
544 2026 605 2089 iam
621 2026 798 2101 ceciderint,
822 2027 910 2090 sistet
933 2026 963 2089 in
988 2024 1084 2105 lapsu.
1122 2045 1211 2090 ruere

62 2130 157 2197 enim.
181 2150 244 2193 non
269 2129 368 2194 ruisse
392 2136 494 2209 potest
516 2129 546 2192 in
572 2129 604 2193 id
627 2129 843 2193 confirmatum
868 2149 947 2204 esse,
973 2150 1011 2194 ne
1036 2130 1138 2193 ruerit

109 2233 158 2298 19.
185 2233 247 2297 Sed
271 2239 302 2297 et
325 2234 486 2317 eriguntur
519 2232 606 2297 allisi.
652 2231 755 2328 differt
777 2239 881 2298 autern
913 2234 943 2297 ui
967 2234 1116 2298 exteriore
1139 2252 1210 2297 con·

63 2337 118 2402 lidi
141 2345 173 2402 et
196 2338 295 2402 ruisse
319 2357 373 2401 suo
397 2358 479 2402 casu.
524 2337 658 2402 alliditur
681 2357 815 2420 namque
831 2336 890 2413 illc,
915 2357 1006 2419 quem
1025 2357 1080 2420 per
1096 2336 1210 2400 diaboli

64 2442 245 2506 instinctum
280 2440 384 2506 calens
414 2448 490 2506 aetus
520 2442 724 2522 praccipitauit
746 2441 777 2505 in
801 2461 917 2516 casum,
941 2461 1034 2525 quem
1057 2440 1210 2524 ignoratio
1238 2469 1263 2505 ao

64 2545 201 2626 conpulit
222 2546 254 2608 in
279 2565 423 2619 errorum,
459 2566 553 2629 quem
587 2545 789 2611 fraudulentis
822 2566 877 2610 usa
913 2545 1070 2610 blanditiis
1093 2552 1210 2609 naturae

64 2649 232 2714 iufirmitas
256 2650 321 2733 egit
344 2651 374 2714 in
398 2651 525 2714 crimen.
572 2650 621 2714 trio
656 2651 755 2729 potius
789 2649 920 2717 eliditur.
952 2670 1044 2733 quam
1068 2649 1127 2723 illc,
1158 2649 1210 2732 qui

62 2754 223 2818 uoluntate
247 2755 463 2834 permanserit,
499 2775 590 2838 quem
615 2753 667 2818 hio
690 2754 832 2818 uitiorum
856 2773 931 2818 usus
954 2754 1094 2831 oblectet,
1118 2773 1211 2836 quem

63 2879 124 2923 non
148 2857 296 2938 paeniteat
318 2858 456 2922 admissi.
503 2857 598 2923 habet
613 2858 696 2922 enim
719 2858 819 2921 nenia.¹
842 2858 924 2938 apud
948 2858 1039 2922 deum
1063 2857 1210 2921 solacium

61 2962 242 3043 paenituisse
266 2963 433 3046 degestio,
469 2983 525 3027 nec
559 2968 803 3041 temperamento
838 2962 1011 3026 seueritatis
1047 2961 1210 3045 indiguum
1238 2949 1270 3025 2⁶³

59 3065 228 3148 estquod
258 3086 314 3148 per
345 3067 472 3130 admissi
505 3065 641 3130 dolorem
672 3066 828 3130 adlectum
858 3067 901 3129 ita
931 3064 1090 3146 profitetur
1113 3065 1210 3129 inuiti.

107 3170 158 3233 ⁶20.
184 3169 225 3233 Et
247 3189 301 3233 our
324 3171 470 3234 cadentes
493 3168 647 3235 suffulciat
670 3178 700 3234 et
722 3169 827 3234 allisos
851 3170 996 3252 corrigat,
1020 3189 1210 3252 consequen·

61 3275 147 3338 tibus
172 3275 263 3338 docet
286 3273 407 3339 dicens:
441 3273 549 3339 oculi
573 3275 745 3337 omnium
770 3273 808 3337 in
832 3281 869 3338 te
901 3278 1076 3353 sperant,
1112 3279 1149 3337 ct
1172 3279 1210 3337 tu

57 3381 134 3444 das
165 3397 299 3441 escam
335 3376 498 3441 illorum
532 3378 570 3441 in
605 3385 788 3457 tompore
819 3382 1025 3456 oportuno.
1071 3377 1209 3456 aperis

57 3490 284 3546 temanum
310 3488 415 3544 tuom
441 3480 1209 3561 etinplesomnernanimambeuedic·
1237 3510 1263 3547 so

56 3587 184 3649 tione.
232 3585 301 3648 totis
336 3586 441 3667 itaque
472 3586 501 3648 in
535 3585 627 3650 deum
658 3583 736 3649 allisi
761 3598 793 3648 et
814 3585 962 3648 cadentes
985 3583 1079 3648 oculis
1103 3604 1209 3664 aspec-

56 3698 144 3766 tant3
170 3709 271 3771 neque
295 3689 463 3772 quisquam
487 3691 529 3754 ita
552 3690 590 3753 de
607 3709 641 3753 se
657 3688 800 3765 confidat,
823 3696 857 3752 nt.
874 3709 933 3752 uon
950 3708 1075 3769 semper
1091 3688 1210 3765 cadere,

104 3828 194 3882 Siste
214 3829 239 3881 R
257 3828 298 3881 ita
318 3829 345 3880 E
398 3832 428 3883 ll
450 3829 611 3898 corrigitR
637 3829 671 3897 cs.
700 3829 820 3881 Soboticr
839 3830 855 3880 l.
874 3846 894 3880 c.
914 3827 997 3896 erigit
1017 3828 1044 3879 E
1097 3831 1128 3882 la
1146 3845 1211 3897 pae-

58 3917 139 3970 nitus
158 3916 184 3967 R
238 3915 390 3968 ceciderint
404 3916 444 3968 uu
464 3915 626 3969 ceciderite
679 3915 759 3968 sistet
777 3914 805 3967 in
824 3915 903 3983 lapsu
923 3915 948 3966 R
967 3915 989 3966 si
1008 3919 1065 3967 etet
1083 3913 1210 3978 (eisteti)

59 4002 90 4055 in
120 4003 200 4070 lapsu
228 4001 351 4055 suffulcit
380 4003 407 4053 E
457 4005 489 4055 21
510 3999 713 4058 fraudulefi-'tis
744 4001 794 4063 (sio
820 4019 887 4054 corr.
916 4020 949 4054 m.
972 4000 998 4065 l)
1019 4003 1043 4053 ll
1095 4003 1129 4054 23
1148 4019 1210 4070 per·

59 4087 493 4155 man-'izeeritlerasenml
539 4091 571 4141 27
592 4090 681 4156 qurlt
733 4091 768 4142 28
786 4088 1213 4156 sperantRsperantdomineE

61 4178 98 4230 29
117 4192 209 4229 escam
228 4195 258 4228 ex
276 4192 369 4230 assam
388 4195 419 4229 m.
440 4177 456 4228 I
475 4177 501 4229 R
554 4179 690 4244 oportuno
711 4177 755 4228 Ra
773 4180 961 4243 opportunoae
1014 4177 1045 4229 31
1067 4181 1211 4244 aspectant

66 4264 110 4315 Ra
129 4268 274 4331 aspectent
292 4283 304 4313 ε
314 4265 384 4331 sort.
404 4273 469 4317 recte
487 4261 532 4328 (un
551 4261 715 4330 aspiciant?)
