2790 4844
148 269 212 337 488
488 270 603 324 sancti
628 269 763 323 Hilarii
788 269 950 338 episcopi

149 462 207 526 sibi
232 482 302 527 esse
325 461 489 539 contraria,
511 467 553 538 ut,
578 461 662 525 cuius
687 480 723 525 ex
746 468 900 541 praecepto
923 479 984 524 non
1008 460 1108 525 solum
1132 463 1246 527 odium
1261 465 1288 527 in

149 572 301 647 parentes,
325 567 380 630 sed
404 565 580 631 maledictio
604 571 723 629 tantum
748 571 846 629 morte
877 564 914 629 sit
938 564 1043 649 digna,
1074 565 1140 646 ipse
1172 587 1286 631 rursum

149 671 240 747 dicat,
270 670 429 735 neminem
460 668 645 749 discipulum
675 688 765 733 suurn
796 688 865 734 esse
888 688 987 751 posse,
1010 669 1070 734 nisi
1095 670 1149 753 qui
1172 676 1286 754 patrem

149 780 180 840 et
203 781 333 839 matrem
356 782 386 839 et
407 793 534 838 uxorem
558 780 588 838 et
611 771 690 837 filios
713 780 743 838 et
765 773 878 837 fratres
901 779 931 838 et
953 792 1073 838 sorores
1103 779 1135 838 et
1158 775 1285 839 animaru

110 906 122 940 s
149 898 237 943 suam
260 879 368 943 oderit
416 878 509 943 durus
539 876 590 942 hic
620 896 722 942 sermo
753 883 783 941 et
812 884 1000 957 praeceptum
1031 895 1128 960 graue
1160 887 1216 957 est,
1245 879 1285 942 iu·

149 983 272 1064 pietatis
296 982 513 1048 necessitatem
536 982 575 1046 ad
605 982 906 1046 consummationem
940 980 1101 1066 religionis
1134 981 1285 1064 inponere.

194 1087 222 1151 3.
246 1086 362 1152 Verum
386 1085 464 1151 nihil
486 1109 504 1150 a
528 1086 584 1151 deo
607 1087 727 1162 durum,
750 1084 827 1150 nihil
851 1085 988 1166 impium,
1011 1083 1090 1150 nihil
1105 1087 1283 1151 eontrarium

150 1190 352 1256 anterioribus
387 1190 551 1273 praeceptis
585 1190 714 1254 iubetur.
761 1190 849 1255 irasci
884 1197 986 1254 autem
1025 1189 1093 1254 haec
1129 1191 1284 1256 carissima

149 1294 241 1360 nobis
275 1296 411 1368 nomina,
446 1303 532 1375 pater
566 1293 684 1360 scilicet
717 1314 753 1359 ac
787 1301 886 1359 mater
919 1301 949 1359 et
982 1314 1055 1359 uxor
1086 1303 1117 1360 et
1146 1294 1202 1359 filii
1231 1314 1281 1358 non

99 1424 123 1460 ιο
149 1405 288 1481 possunt,
324 1399 404 1483 quod
443 1419 494 1464 eos
531 1400 726 1480 praecipimur
762 1399 873 1475 odisse,
908 1418 977 1464 eum
1015 1398 1155 1463 animam
1193 1398 1280 1484 ipsam

149 1509 287 1568 nostram
311 1504 413 1568 odisse
436 1503 607 1568 iubeamur.
653 1502 710 1567 scit
732 1503 814 1566 enim
839 1522 908 1567 esso
932 1503 1077 1567 dominus
1100 1501 1205 1584 plures
1226 1513 1278 1567 tarn

149 1607 312 1672 inconsulti
346 1607 469 1683 amoris,
504 1615 545 1682 ut,
570 1627 641 1672 curn
665 1607 831 1688 persistere
854 1605 885 1669 in
909 1606 1046 1689 martyrii
1081 1606 1180 1689 gloria
1211 1605 1276 1670 filios

150 1731 220 1776 suos
243 1711 375 1789 uideant,
397 1718 431 1775 ut
453 1710 585 1791 tempori
609 1714 730 1789 cedant,
753 1716 879 1794 rogent;
902 1716 936 1774 ut
958 1711 1144 1775 sententiam
1163 1716 1274 1779 mutent

150 1822 315 1895 precentur
338 1821 369 1880 et
391 1815 494 1895 impiae
517 1815 638 1896 pietatis
662 1835 738 1898 erga
761 1834 812 1879 eos
831 1819 957 1879 utantur
972 1814 1103 1891 adfectu,
1127 1829 1272 1880 cumanus

99 1942 123 1978 1⁶
151 1925 249 1983 mater
271 1925 302 1984 et
324 1926 410 1999 pater
439 1939 534 1985 senex
556 1918 749 1984 miserabiles
780 1938 874 1982 canos
904 1917 966 1982 filio
995 1918 1026 1982 iu
1056 1917 1125 2002 ipso
1153 1913 1270 1999 martyrii

150 2024 318 2088 certamine
342 2043 411 2087 cum
433 2023 550 2087 inuidia
573 2024 722 2104 praedurae
744 2021 909 2087 uoluntatis
939 2022 1005 2089 eius
1035 2024 1187 2100 ostendat,
1217 2020 1269 2085 ltine

151 2135 181 2192 et
202 2147 279 2191 uxor
301 2127 382 2192 adsit
404 2126 536 2191 filiorum
560 2127 724 2192 ambitiosa
753 2126 906 2202 comitatu,
937 2135 1011 2203 oret,
1036 2133 1069 2191 ut
1098 2127 1199 2208 potius
1225 2119 1268 2187 sibi

150 2229 270 2314 illisque
294 2233 385 2308 uiuat,
410 2230 482 2296 hinc
505 2230 616 2296 fratres
639 2239 670 2296 et
693 2251 812 2297 sorores
834 2230 957 2295 blandis
980 2231 1141 2295 nominum
1167 2242 1268 2296 suorum

150 2334 410 2400 familiaritatibus
434 2335 645 2416 deprecentur,
668 2336 736 2416 ipsa
759 2355 881 2418 quoque
905 2335 1008 2398 anima
1030 2334 1193 2401 inlecebris
1222 2331 1275 2395 iam

98 2459 122 2496 20
150 2438 271 2519 pridem
295 2445 384 2519 capta
406 2439 530 2503 uiuendi
554 2439 654 2504 tacitis
678 2440 863 2523 quibusdam
879 2438 1013 2504 consiliis
1029 2439 1068 2503 ad
1085 2435 1278 2504 coniuentium

150 2542 352 2608 deflectendae
382 2543 545 2608 uoluntatis
576 2544 704 2624 inrepat.
750 2543 809 2609 lroe
839 2543 933 2628 igitur
962 2543 993 2607 in
1029 2551 1166 2624 ternpore
1189 2539 1317 2607 odisse

150 2667 206 2711 nos
229 2655 356 2727 patrem,
381 2657 524 2723 matrem,
549 2668 683 2725 uxorein,
706 2647 797 2724 lilios,
821 2647 939 2724 iratres
975 2667 1097 2713 sorores
1127 2654 1158 2713 et
1189 2642 1317 2726 ipsunt

151 2770 274 2834 quoque
296 2752 432 2816 animam
464 2753 607 2817 dominus
635 2752 790 2833 pracepit.
835 2772 908 2815 narn
942 2751 1024 2816 hunc
1060 2752 1191 2817 eundem
1221 2745 1317 2811 se(

152 2875 274 2920 monern
297 2856 340 2920 ita
362 2856 479 2934 clausit,
503 2864 572 2938 post
588 2857 694 2921 odium
711 2856 922 2921 uniuersorum
938 2855 1060 2920 dicens:
1085 2862 1123 2920 et
1145 2855 1177 2919 si
1200 2847 1317 2937 quia

99 2979 124 3016 2⁶
151 2979 225 3022 non
259 2966 395 3040 portat
429 2981 588 3026 crucem
626 2979 732 3025 suern
767 2966 803 3024 et
836 2959 948 3023 uenit
981 2966 1071 3039 post
1106 2979 1172 3035 me,
1211 2949 1317 3021 Ποῦ)

193 3119 227 3170 24
245 3118 311 3170 Luc.
331 3116 402 3185 XIV,
421 3120 462 3170 27.

193 3239 286 3307 dipsa
304 3258 334 3292 ec
352 3258 379 3293 se
399 3241 457 3308 ipse
476 3239 547 3291 oa?
573 3240 596 3293 V
646 3242 708 3293 let
728 3255 836 3292 sorores
855 3256 903 3291 om.
927 3237 975 3290 VR
1027 3239 1276 3306 opraeceptumer
1295 3236 1317 3248 ‘

150 3331 297 3394 praecepto
307 3344 372 3380 corr.
383 3326 487 3379 oa2V
519 3325 889 3394 breligioniseareligionis
899 3323 1043 3391 religionis
1055 3324 1117 3376 aa?
1130 3325 1156 3377 V
1189 3319 1280 3378 'lnihil
1309 3302 1317 3354 ¹

150 3430 180 3465 ex
197 3413 236 3466 nil
256 3432 287 3466 m.
308 3412 370 3466 2V
419 3416 533 3481 9paler
552 3432 581 3465 ex
599 3417 678 3482 parte
697 3431 762 3466 corr.
782 3431 814 3464 m.
831 3413 850 3464 2
867 3411 893 3465 V
942 3411 987 3464 aui
1006 3416 1096 3463 mater
1114 3412 1140 3464 R
1195 3414 1226 3463 10
1241 3423 1281 3462 eos

150 3500 283 3553 addat?
297 3501 324 3554 V
372 3500 769 3554 cumanimcm—odisseorn.
788 3500 811 3551 V
863 3497 1077 3553 reinecciano·
1127 3493 1284 3552 resisterell

151 3589 184 3640 14
202 3592 368 3655 praebentur
383 3587 431 3640 VR
484 3592 512 3640 et
531 3587 605 3655 inpie
623 3586 736 3655 pietatis
755 3605 784 3640 ec
803 3591 830 3639 et-
848 3585 923 3654 inpie
942 3584 1083 3653 tinpieatis
1102 3584 1128 3637 V
1143 3589 1173 3637 et
1191 3583 1284 3653 impiae

150 3672 317 3735 ssistros.
337 3672 356 3725 2
374 3672 434 3740 litt.)
462 3673 573 3742 pietatis
592 3674 618 3726 a
670 3674 815 3727 inutantur
838 3674 863 3725 V
912 3689 980 3724 anus
1007 3678 1088 3741 pater
1112 3676 1141 3725 et
1160 3668 1288 3725 materV

153 3762 184 3813 15
202 3760 373 3814 miserabiles
392 3779 423 3813 ec
445 3759 610 3814 miserabilis
639 3780 670 3812 ro.
696 3759 760 3813 2R
778 3759 962 3813 mirabilcsO
1012 3759 1043 3811 in
1061 3777 1111 3811 orn.
1134 3759 1161 3811 V
1213 3761 1245 3812 17
1261 3761 1288 3811 ut

150 3848 247 3916 consp
303 3850 335 3901 18
353 3846 465 3915 illisque
481 3866 511 3901 ec
526 3847 629 3914 illeque
647 3846 710 3899 rer-2
725 3847 751 3900 V
802 3849 834 3900 19
852 3846 1055 3914 depraecentnr
1069 3845 1119 3898 VR
1166 3848 1202 3899 20
1220 3845 1289 3899 coni·

673 3942 703 3971 on

149 3983 243 4038 nentia
267 3986 292 4038 V
307 3984 356 4053 (cs.
369 3986 515 4039 Brcordccb
530 4004 558 4056 p.
570 3984 642 4051 303)
660 3985 810 4055 ciuentidp
822 3984 1008 4038 conibentiam
1021 3983 1071 4037 Rc
1121 3985 1158 4037 22
1176 3994 1290 4039 matrem

150 4075 209 4124 cdd.
227 4072 299 4124 na?
324 4073 347 4124 V
397 4073 484 4141 ipsam
503 4092 532 4126 ac
550 4072 610 4141 ipsa
629 4091 660 4127 m.
680 4072 700 4124 2
723 4072 749 4124 V
798 4074 832 4124 23
849 4071 1008 4139 praeoacpit
1023 4070 1050 4123 R
1084 4068 1161 4124 hunc
1180 4091 1212 4125 ex
1228 4073 1293 4124 haec

150 4178 182 4212 m.
195 4158 215 4211 2
233 4160 257 4211 V
306 4162 341 4212 ‘24
353 4161 431 4212 uerbo
444 4163 472 4213 et
484 4160 508 4213 si
520 4160 581 4228 quis
594 4178 648 4212 non
662 4163 800 4227 portat-
813 4158 925 4211 uidetur
938 4157 1032 4211 dicens
1042 4175 1070 4226 p.
1084 4156 1148 4224 489,
1164 4158 1179 4211 7
1193 4177 1243 4213 om.
1256 4159 1293 4229 sp

149 4248 182 4300 25
201 4264 250 4314 pos
269 4263 312 4299 me
337 4247 361 4299 V
367 4247 437 4315 sort.
456 4256 530 4313 recte,
548 4247 582 4314 cf.
598 4266 625 4316 p.
643 4245 707 4311 391,
727 4244 763 4299 16
781 4256 804 4298 et
823 4246 892 4298 Stolz
910 4245 941 4298 L.
958 4262 985 4315 p.
1004 4242 1070 4298 316.
