2790 4844
148 248 211 312 728
486 246 603 300 sancti
629 245 765 299 Hilarii
789 238 951 314 episcopi

61 453 63 456 ·
136 445 347 520 tamquam
377 437 414 501 in
439 437 569 501 medio
600 456 709 520 equa
734 437 875 502 faeuum
899 446 937 504 et
959 447 1170 525 tamquam
1196 442 1296 508 salix

148 563 268 623 super
298 541 549 606 defluentem
576 561 740 625 aquam.¹
768 543 865 607 oritur
887 544 969 608 enim
994 566 1030 609 er
1057 554 1194 621 mortuo,
1219 547 1295 630 quis·

148 647 217 731 quis
240 653 330 711 antea
351 646 487 728 peccetis
510 647 613 711 aridus
637 653 668 710 et
690 647 729 711 ab
752 646 912 712 anterioris
935 649 1005 712 uitae
1035 651 1147 716 radice
1178 653 1293 716 decism

148 770 230 815 nunc
252 750 372 833 eloquio
396 750 444 813 dei
469 756 499 813 et
521 756 716 814 sacramento
746 749 891 831 baptismi
921 752 1011 834 aquis
1046 753 1200 821 uitalibus
1223 755 1292 820 reui-

108 881 121 916 ο
147 855 254 919 uesclt.
299 856 355 918 sed
378 862 408 918 et
431 872 502 918 eum
519 853 670 918 festiuitas
687 855 944 938 scenopegiorum
960 854 1075 921 ludaeis
1095 858 1293 940 corporaliter

149 961 328 1033 traderetur,
352 959 435 1042 quod
459 956 691 1022 tabernaculum
716 958 877 1023 frondeum
902 979 972 1023 cum
989 960 1028 1023 ad
1045 959 1160 1026 futurae
1184 961 1291 1028 laetitia·

149 1069 179 1128 et
201 1060 390 1127 tabernaculi
409 1060 583 1141 exemplum
601 1082 639 1126 ex
655 1061 821 1126 electarum
839 1063 982 1127 arborum
1005 1065 1105 1130 ramis
1129 1074 1291 1146 pararetur.

150 1167 239 1233 etiam
266 1187 301 1231 er
325 1166 419 1230 ramis
442 1165 572 1231 lluuialis
596 1165 698 1232 salicis
722 1166 803 1231 effici
828 1168 943 1233 iussum
974 1176 1029 1245 est,
1065 1170 1142 1253 quia
1165 1191 1204 1238 ex
1225 1190 1291 1236 con·

148 1278 240 1336 uentu
279 1278 452 1335 sanctorum
492 1272 627 1334 uirorum
665 1270 798 1337 caelestis
843 1273 1030 1337 tabernaculi
1071 1275 1177 1339 futura
1214 1284 1291 1340 esset

97 1400 122 1435 ιο
148 1376 253 1440 laetitia
289 1374 436 1454 perfecta.
497 1394 613 1457 organa
649 1379 751 1439 autem
791 1378 942 1457 scriptura
979 1376 1118 1441 humana
1158 1399 1289 1459 corpora

149 1500 276 1563 quorum
309 1478 448 1543 honestis
476 1479 611 1542 motibus
641 1485 673 1544 et
701 1480 933 1544 concinentibus
963 1482 1204 1559 operationibus,
1226 1485 1288 1565 quir

149 1585 208 1649 deo
242 1581 354 1662 placita
387 1588 467 1658 sunt,
491 1581 661 1661 psallimus,
695 1601 763 1647 esse
794 1582 955 1666 significat.
1000 1585 1031 1648 in
1065 1586 1171 1650 media
1201 1587 1288 1671 igitur

149 1687 256 1751 herum
283 1685 474 1750 saccularium
490 1686 706 1751 confusionum
723 1687 898 1767 captiuitate
916 1686 956 1759 hi,
981 1689 1034 1771 qui
1050 1690 1204 1755 amissam
1220 1691 1287 1755 Sion

149 1791 357 1863 recordantur,
392 1791 445 1873 qui
481 1790 510 1853 in
546 1790 649 1854 Adam
689 1797 824 1855 extorres
858 1811 892 1856 se
926 1790 1021 1857 factos
1057 1813 1127 1858 esse
1163 1793 1285 1859 calestia

99 1917 124 1954 ιε
150 1893 330 1959 Hierusalee
365 1895 581 1968 meminerunt,
616 1895 668 1978 qui
703 1901 735 1959 et
767 1903 873 1976 captos
907 1915 940 1960 se
975 1916 1043 1961 esse
1066 1898 1099 1962 in
1123 1897 1284 1982 Babylonia

149 1999 293 2073 sentiunt
317 1997 348 2061 hi
373 1999 518 2064 sedentes
534 2006 564 2064 et
579 1998 689 2063 flentes
705 2019 833 2081 corpora
848 2020 903 2064 sua
919 2000 949 2063 in
966 1999 1100 2065 formam
1117 2011 1280 2067 sanctorum

149 2103 283 2166 uirorum
330 2101 532 2186 habitumque
578 2103 770 2183 suspendunt
810 2104 850 2168 ab
888 2105 1019 2169 terrenis
1056 2124 1091 2170 se
1129 2104 1279 2171 desideriis

150 2207 314 2291 erigentes.

193 2364 222 2427 8.
247 2363 309 2429 Sed
332 2363 402 2428 lieet
426 2384 481 2445 per
504 2365 699 2430 continentiae
724 2365 858 2429 studium
875 2366 904 2429 in
922 2365 1032 2430 salices
1051 2365 1119 2431 illas
1142 2382 1272 2447 suspensa
1322 2342 1325 2377 ⁸

96 2488 123 2526 ro
150 2474 255 2533 nostra
278 2467 339 2532 sint
362 2488 498 2548 corpora,
533 2475 634 2532 tamen
659 2489 702 2545 ea,
727 2488 795 2552 quae
819 2470 958 2549 captiuos
982 2490 1037 2535 nos
1061 2469 1204 2543 efficiunt,
1224 2484 1270 2532 nnn

151 2572 320 2656 quiescunt.
367 2572 508 2655 sequitur
536 2573 635 2636 enim:
674 2573 767 2656 quia
797 2572 887 2637 illic
924 2573 1267 2658 interrogauerunt

150 2697 229 2752 nos,
253 2677 318 2760 qui
343 2677 528 2757 captiuos
552 2678 753 2741 duxerunt
783 2697 862 2754 nos,
893 2677 1015 2742 uerba
1043 2678 1265 2744 cantionum:

150 2785 188 2845 et
210 2782 277 2863 qui
300 2777 558 2846 abduxerunt
580 2802 667 2845 nos:
699 2781 883 2866 hymnum
914 2788 1076 2846 cantate
1106 2778 1263 2846 nohisde

150 2885 330 2950 canticis
368 2885 472 2950 Sion.
529 2885 554 2950 si
589 2886 659 2969 quis
698 2884 841 2950 humanae
878 2893 997 2951 naturae
1037 2886 1262 2951 consuetudinem

96 3005 123 3044 π
150 2987 264 3060 recolit,
282 3009 405 3054 sensum
422 3010 546 3055 omnem
566 2989 738 3054 absolutum
753 2988 891 3055 habebit.
937 3009 1071 3074 namque
1088 2992 1139 3074 qui
1154 2989 1263 3055 laborent

150 3114 168 3156 a
190 3093 271 3157 uitiis
296 3094 437 3158 desinere
453 3100 485 3158 et
500 3114 614 3170 eorum,
631 3113 699 3177 qum
722 3094 814 3173 impie
838 3094 1000 3178 gesserint,
1017 3093 1157 3159 obliuisci
1178 3090 1263 3156 uolunt

195 3341 206 3389 l
228 3355 314 3405 aquae
333 3356 382 3391 nm.
403 3340 426 3391 R
478 3341 495 3391 2
513 3337 638 3407 quisquis
659 3337 710 3391 GR
729 3338 846 3405 quisque
865 3337 943 3390 I’TE
992 3339 1105 3392 daune
1123 3328 1268 3406 aeloquioss

147 3426 262 3480 eoncelo
271 3425 336 3493 quia
348 3425 373 3475 (ι’
416 3425 565 3479 reuiuescit
575 3422 637 3478 RP¹
647 3422 791 3477 reuiuisoit
801 3420 891 3476 1¹¹Tn‘
898 3423 945 3486 (cs.
955 3423 1030 3477 Neue
1037 3425 1168 3479 Formenl.
1178 3415 1270 3490 ltili.

150 3513 233 3565 Orelli
251 3515 287 3564 ad
300 3513 350 3565 Cic.
360 3513 436 3564 Fam.
451 3512 497 3575 VI,
509 3513 551 3579 10,
561 3509 594 3578 5)
632 3514 648 3563 5
668 3510 931 3579 scaenophegiorum
941 3511 994 3563 nl)
1009 3504 1274 3581 scenophegiorumT

149 3598 238 3652 iudeis
258 3599 283 3651 G
336 3599 511 3653 hfrondium
538 3617 568 3652 ex
593 3598 738 3652 frondeum
763 3597 790 3650 P
813 3597 953 3651 frondium
978 3598 1003 3649 Τ
1057 3600 1092 3651 10
1110 3592 1276 3654 scriblunG

149 3703 197 3739 om.
218 3687 243 3737 T
296 3683 1118 3740 11concinentibusReontinentibus(1¹csentientibuspr
1172 3689 1203 3740 12
1220 3681 1281 3755 pecl-

148 3789 210 3826 mus
227 3773 276 3824 ΡΤ
276 3791 289 3825 e
343 3774 376 3825 1³
396 3772 587 3860 captiuitatem
600 3773 625 3825 R
642 3772 669 3836 (e
682 3771 785 3836 iares.)
841 3773 874 3825 14
892 3770 1018 3825 caelestis
1031 3798 1066 3807 -
1080 3777 1178 3842 captos
1191 3791 1219 3828 sc
1236 3787 1286 3826 esse

149 3894 197 3929 om.
218 3877 242 3928 R
298 3879 329 3929 lb
347 3875 499 3931 hierusales
514 3879 538 3928 (ι’
557 3876 722 3930 hierusalem
741 3875 792 3928 PT
808 3875 842 3938 cf.
855 3876 936 3928 Acud.
952 3892 981 3945 p.
1000 3873 1039 3928 28
1095 3875 1289 3946 babyllouisG

150 3963 182 4017 16
201 3967 229 4016 et
242 3962 339 4016 flentes
353 3965 437 4016 omli
492 3966 523 4017 17
542 3964 576 4017 ab
594 3965 687 4033 scripsi
704 3966 736 4015 ut
753 3959 788 4028 (il
809 3962 834 4014 G
852 3979 868 4014 a
884 3962 989 4015 RPTE
1041 3965 1076 4017 19
1087 3964 1116 4017 in
1128 3966 1227 4021 salices
1238 3967 1293 4020 illas

151 4050 203 4102 GR
221 4049 249 4102 in
278 4051 377 4103 salices
398 4050 422 4102 T
447 4050 476 4104 in
503 4050 634 4104 salicibus
654 4050 706 4102 PE
755 4050 790 4103 28
808 4065 921 4116 ymnum
942 4048 994 4101 GT
1046 4051 1296 4108 ascentionum

152 4135 228 4188 GPT
245 4135 408 4190 cantieieion
428 4137 453 4189 R
504 4139 539 4190 25
556 4136 694 4190 recolitG
711 4135 853 4188 recolatll
871 4131 910 4200 (et
921 4137 938 4187 i.
952 4153 1003 4187 rae.
1018 4135 1067 4202 df)
1088 4139 1142 4191 PT
1196 4144 1231 4196 26
1249 4144 1296 4197 im.

148 4222 210 4291 piae
230 4223 255 4275 R
307 4227 453 4291 gesserunt
472 4242 502 4276 ee
518 4223 656 4288 gesserint
673 4240 706 4274 m.
725 4220 745 4274 3
763 4221 796 4275 R.
