2790 4844
155 236 217 302 306
494 238 612 290 sancti
630 237 766 290 Hilarii
785 238 948 306 episcopi

198 426 248 493 30.
273 426 312 491 Et
336 427 408 510 quid
432 425 506 491 illud
529 427 579 509 sit,
604 448 675 491 mox
699 428 857 492 continuat
879 428 954 492 ordo
971 428 1137 492 dictomm:
1162 448 1182 491 a
1205 435 1283 493 tem

154 531 218 615 plo
235 532 353 596 tnoin
370 530 631 596 Hierusalem
655 532 732 596 tibi
755 531 949 598 adferent
971 551 1092 615 reges
1115 551 1283 597 munera

153 635 299 717 templum
322 636 352 699 in
377 635 573 701 Hierusalem
597 643 651 714 est,
675 637 706 699 in
730 656 789 720 quo
814 634 983 701 hostiarum
1014 635 1155 719 legitima
1187 633 1283 701 offere

154 742 279 818 bantur;
309 760 392 805 nunc
422 745 524 804 autem
548 760 566 803 a
589 740 704 824 templo
739 742 768 804 in
803 739 997 805 Hierusalem
1021 760 1038 804 a
1060 740 1190 823 regibus
1227 759 1283 804 sun

112 869 126 907 s
152 865 279 909 munera
300 844 477 910 adferenda.
524 846 605 928 qnod
628 845 736 928 utique
755 851 863 909 contra
879 844 1015 909 locorum
1030 844 1283 928 significationen

153 949 366 1032 rationemque
380 958 538 1032 gestorum
550 956 605 1024 est,
617 956 651 1013 ut
666 948 759 1026 illino,
772 969 832 1032 quo
849 949 955 1013 inferri
969 949 1069 1032 magis
1081 953 1249 1031 oporteret
1264 948 1283 1012 ir

153 1063 200 1117 est
212 1053 250 1116 ds
262 1052 384 1136 templo,
397 1052 555 1118 offerenda
566 1053 628 1118 sint
639 1072 778 1118 munera.
817 1053 872 1117 sed
889 1053 961 1136 qnia
973 1059 1021 1117 est
1039 1051 1223 1117 caelestis
1245 1051 1283 1116 ill

152 1156 242 1221 nobis
264 1164 364 1223 mater
386 1157 645 1222 Hierusalem
680 1164 718 1222 et
751 1157 1053 1237 primitiuornm
1086 1157 1283 1236 conscrip-

152 1268 280 1325 torum
304 1269 334 1326 et
349 1261 612 1344 frequentantium
635 1268 771 1339 coetus,
794 1262 955 1345 omnisque
970 1261 1000 1325 in
1021 1258 1145 1325 Olmisto
1168 1270 1283 1327 renatus

100 1391 125 1426 ro
152 1365 201 1430 dei
219 1364 367 1446 templum
391 1373 445 1441 est,
465 1366 601 1431 maxime
624 1365 655 1429 in
680 1386 739 1449 quo
761 1385 821 1430 non
838 1385 922 1429 mors
938 1365 1040 1449 magis
1056 1365 1097 1429 sit
1115 1369 1283 1449 regnatura

152 1470 206 1534 sed
239 1470 311 1546 nitra
346 1470 452 1552 etqui
476 1470 542 1551 ipse
566 1490 618 1534 rer
642 1470 682 1534 sit
706 1468 781 1547 eius,
815 1469 901 1535 euius
935 1488 1043 1534 seruus
1077 1467 1178 1533 fuerat
1212 1475 1281 1533 ante

151 1575 276 1654 peccati,
311 1573 442 1638 hostiam
467 1575 625 1653 seipsum
649 1574 753 1637 uiuam
776 1580 805 1639 et
829 1573 1043 1638 rationabilem
1067 1583 1097 1637 et
1120 1573 1283 1654 placentem

152 1678 210 1743 deo
233 1677 379 1743 offerens:
405 1685 469 1742 tum
494 1699 568 1762 ergo
591 1679 630 1742 ab
654 1677 714 1743 hoc
738 1678 861 1758 templo,
892 1678 924 1742 id
954 1687 1000 1742 est
1031 1677 1070 1741 ab
1101 1676 1162 1742 hae
1185 1683 1283 1741 sancta

152 1782 289 1863 corperis
313 1783 360 1846 sui
383 1781 582 1859 habitatione,
606 1783 636 1845 in
660 1782 712 1847 illo
729 1796 882 1847 conuentu
898 1781 1077 1865 angelorum
1095 1781 1283 1864 frequentem

100 1905 125 1944 aa
154 1886 237 1964 tium,
260 1887 290 1950 id
314 1893 361 1952 est
383 1887 413 1950 in
437 1885 491 1950 illa
523 1885 639 1951 caelesti
664 1885 867 1960 Hierusalem,
901 1887 928 1950 si
951 1886 1003 1968 qui
1026 1905 1119 1968 reges
1153 1885 1234 1966 sint,'
1262 1870 1283 1948 it

152 1998 200 2055 est
222 1990 274 2074 qni
298 1998 422 2070 peccato
445 1989 524 2055 ultra
546 2011 607 2054 non
631 1991 775 2065 seminet,
799 1988 928 2055 offerent
945 2010 978 2054 se
994 1991 1078 2071 ipsos
1094 1990 1152 2053 deo
1169 2008 1283 2053 munus

196 2093 245 2158 31.
270 2093 357 2174 Quod
381 2096 454 2177 quia
476 2094 607 2158 carnalis
631 2093 760 2170 Israhel,
784 2095 857 2159 dum
882 2094 941 2158 sibi
965 2101 1081 2157 tantum
1102 2092 1283 2177 peculiarem

153 2199 202 2264 dei
226 2199 471 2263 misericordiam
504 2206 637 2282 usurpat.
671 2200 794 2263 uidetur
828 2209 988 2281 tamquam
1018 2197 1075 2262 soli
1107 2198 1135 2261 ei
1160 2198 1202 2262 sit
1225 2217 1283 2278 pro

152 2303 252 2387 prium
291 2302 468 2380 defendere,
503 2322 572 2367 mox
606 2301 755 2384 propheta
793 2303 938 2368 subiecit:
977 2303 1146 2382 increpa
1181 2302 1283 2366 seras

99 2425 125 2463 tt
152 2405 1277 2486 silnae‚coneiliun1tauroruminterunccespopnlorum

151 2522 286 2575 utnon
311 2510 581 2576 excludantur
607 2509 657 2587 hi,
687 2512 753 2595 qui
784 2511 945 2591 probati
978 2517 1070 2574 sunt
1100 2516 1277 2593 argento

152 2616 309 2699 dissipa
331 2621 484 2698 gentes,
508 2614 658 2680 bellum
683 2635 765 2697 qum
787 2614 941 2679 uolunt.
978 2633 1089 2679 uaccas
1104 2614 1136 2677 in
1150 2613 1283 2678 Samaria

151 2722 294 2784 adoratas
328 2739 406 2801 esse,
440 2720 575 2802 cognitio
610 2739 646 2784 er
680 2719 767 2783 libris
801 2726 855 2783 est.
900 2719 1057 2800 principes
1089 2737 1165 2782 nero
1188 2716 1283 2798 popul

151 2824 238 2888 istius
254 2825 316 2888 iam
334 2843 396 2888 non
412 2822 525 2904 populi,
541 2822 597 2888 sed
612 2842 742 2907 gregum
760 2824 853 2887 duces
870 2841 947 2891 esse,
970 2820 1172 2905 propheticus
1188 2839 1283 2887 serm<

98 2944 123 2982 to
152 2932 301 3004 osteum
327 2928 437 2992 dicitur
460 2948 497 2992 ex
521 2926 638 2990 domini
662 2946 809 3006 persona:
840 2926 944 2990 tauri
978 2926 1153 3009 pingues
1182 2925 1283 2990 obse·

151 3032 298 3095 derunt
321 3052 386 3095 me.
432 3031 513 3095 feras
536 3037 639 3095 autem
662 3029 748 3094 siluro
775 3031 981 3113 nequitiarum
998 3029 1182 3110 spiritalium
1199 3049 1283 3110 supra

194 3206 312 3260 VHebr.
331 3205 392 3273 XII,
411 3207 444 3258 92
462 3222 501 3272 sq.
538 3205 572 3257 25
590 3205 634 3258 Ps.
653 3205 725 3268 XXI,
746 3206 786 3257 13.

194 3362 296 3416 lordo
323 3381 352 3414 aa
379 3361 457 3414 orido
475 3380 507 3414 m.
527 3360 543 3412 1
567 3360 592 3413 V
641 3359 838 3414 HofferentT
888 3358 1029 3427 dtemplo
1056 3356 1115 3425 (om.
1136 3355 1164 3425 sl
1189 3359 1216 3411 V
1264 3359 1283 3411 ir

150 3450 280 3502 ierusalet
300 3448 361 3514 (sic)
381 3449 406 3500 n
459 3448 606 3515 aregibns
625 3465 655 3500 es
672 3447 785 3515 regibus
805 3447 830 3498 H
881 3444 1056 3499 bofferenda
1077 3445 1102 3496 1γ
1153 3443 1283 3514 significa

149 3537 308 3602 tionemqne
315 3536 375 3599 (om,
383 3533 528 3600 rationem)
541 3534 566 3586 V
605 3533 689 3587 tillio
706 3534 780 3586 VRP
786 3534 821 3603 cs.
831 3535 902 3586 Strrd.
912 3531 1015 3602 188911.
1021 3529 1079 3583 321
1123 3533 1283 3587 Boonsorib

149 3629 241 3675 torum
258 3622 305 3675 VP
349 3619 728 3689 bomnisqueexomnisnr.2
742 3620 766 3673 l'
812 3615 1126 3674 10morsesmorcm.2
1141 3618 1167 3671 V
1216 3621 1283 3674 lect

513 3712 551 3744 tan

149 3777 216 3828 ergo
226 3760 301 3812 lips
301 3781 319 3809 α
374 3763 407 3813 14
418 3759 577 3827 frequentin
590 3760 615 3810 P
624 3759 793 3827 frequEtinm
812 3757 1081 3825 Vlreqnentantium
1094 3782 1127 3792 -
1141 3758 1283 3828 participe

149 3844 858 3915 esseetmensneffs.LXVllIcnp.19)om.T
911 3846 943 3898 15
960 3843 1100 3898 hierusale
1126 3844 1150 3895 l'
1214 3845 1283 3914 equ

150 3934 267 4001 regeslt
321 3937 354 3987 16
366 3933 521 4002 peccath
568 3936 598 3986 17
612 3931 730 3985 carnalis
743 3930 763 3997 (i
776 3935 803 3984 in
815 3929 879 3997 ros.)
894 3931 943 3985 VP
984 3929 1086 3983 isdrael
1101 3929 1128 3982 V
1172 3933 1208 3987 ts
1218 3950 1283 3986 usur

150 4024 217 4089 pant
242 4022 264 4073 V
315 4021 351 4074 sit
378 4039 408 4073 es
434 4025 498 4072 sunt
526 4038 557 4072 m.
586 4018 605 4070 2
632 4019 657 4070 V
705 4021 736 4071 21
758 4018 797 4071 hii
816 4019 841 4071 n
894 4019 928 4071 22
946 4034 1016 4086 qnae
1043 4015 1118 4070 bella
1143 4019 1250 4073 nolunt
1274 4019 1283 4073 l

148 4109 183 4160 23
210 4107 336 4161 adoratas
363 4108 391 4159 in
417 4107 535 4160 samaria
552 4122 610 4159 esse
642 4106 664 4156 l'
714 4106 843 4174 princeps
862 4105 888 4156 P
937 4106 972 4158 24
998 4103 1094 4172 populi
1123 4105 1173 4159 sed
1203 4106 1283 4161 om.l

148 4211 281 4262 graegnm
295 4195 321 4247 R
338 4192 431 4280 gruecp'r
442 4194 512 4245 ΞΡ
561 4194 595 4245 25
613 4192 775 4246 obsiderunt
800 4192 827 4244 l'.
