2790 4844
154 210 196 275 94
495 212 613 265 sancti
637 212 769 266 Hilarii
794 212 958 281 episcopi

200 400 247 464 14.
272 399 314 465 Et
336 402 408 485 qnia
430 402 463 466 in
484 403 727 487 regenerationis
750 411 862 468 nostrae
885 402 1043 468 natiuitate
1059 403 1088 467 in
1106 402 1174 467 haec
1197 422 1302 467 sacra·

154 514 258 571 menta
280 506 425 584 iuramus,
441 508 651 572 renuntiantes
668 505 797 582 diabolo,
818 506 937 584 saeculo,
956 508 1099 587 peccetis,
1118 527 1189 572 cum
1204 507 1301 572 inter·

152 610 334 694 rogantibus
357 611 587 691 respondemus,
610 611 804 677 retinendam
822 611 966 694 usquein
983 610 1079 676 finem
1095 611 1302 677 consessionis

153 711 245 779 huius
267 712 361 778 fidem
385 714 490 779 statuit
503 714 625 779 dicens:
649 715 715 797 qui
738 715 845 779 iurat
867 715 1049 796 proximo
1072 735 1140 780 suo
1163 723 1201 780 et
1224 735 1298 780 non

114 847 127 882 n
155 817 321 897 decipit.
367 817 509 900 quamuis
531 819 615 883 enim
639 819 709 902 quis
732 819 764 882 in
788 818 941 883 mandatis
972 819 1022 884 dei
1053 819 1104 884 din
1139 820 1300 895 manserit,

154 930 267 999 tamen,
291 922 317 986 si
340 921 504 1005 aliquando
534 922 687 999 fefellerit,
719 923 781 987 iam
805 943 865 987 non
897 930 1011 1000 monet,
1034 943 1106 988 oum
1129 922 1245 1000 fefellit,
1270 932 1299 989 et

152 1026 267 1090 iustitia
277 1028 411 1093 anterior
421 1027 577 1092 iniustitiae
589 1036 727 1107 tempore
739 1028 896 1093 amittitur.
913 1033 944 1092 et
956 1027 1071 1092 idcirco
1084 1028 1115 1090 in
1124 1026 1299 1112 euangelio:

152 1130 273 1209 beati,
307 1131 374 1214 qui
409 1117 636 1197 manserint
669 1152 795 1215 usque
828 1133 866 1195 in
898 1131 1039 1208 finem,
1071 1131 1186 1196 idcirco
1216 1134 1300 1212 apud

152 1233 348 1300 Salomonem
371 1235 472 1299 omnis
495 1234 561 1299 lans
584 1236 615 1299 in
639 1236 721 1299 exitu
744 1236 870 1312 canitur,
900 1236 972 1319 quia
995 1235 1025 1299 in
1050 1234 1107 1310 his,
1136 1256 1205 1318 qua>
1228 1256 1300 1316 pro·

100 1366 125 1401 ιο
152 1339 249 1403 missa
271 1347 342 1403 sunt
365 1340 430 1417 deo,
453 1359 512 1404 non
537 1347 585 1405 eat
607 1338 772 1423 aliquando
795 1339 974 1405 fallendum.

198 1440 247 1506 15.
272 1441 334 1508 Sed
365 1444 463 1509 tandit
492 1464 590 1526 usque
613 1444 652 1508 nd
675 1445 972 1509 consummationem
995 1444 1166 1524 perlectam
1190 1443 1299 1508 adnm-

153 1546 226 1611 nitio
249 1546 390 1613 calcetis.
435 1568 507 1612 narn
531 1549 579 1613 cui
602 1548 710 1613 uitium
734 1568 826 1613 omne
845 1549 980 1626 detersit,
1005 1548 1204 1629 cupiditatem
1221 1567 1300 1631 quo-

152 1670 212 1734 que
234 1650 308 1728 eius,
332 1672 401 1735 qua
424 1652 555 1715 nimium
578 1671 634 1716 nos
657 1652 780 1729 detinet,
805 1652 942 1732 pecnnia
957 1652 1069 1717 euertit
1084 1651 1206 1717 dicens:
1230 1652 1299 1734 qui

152 1755 363 1834 pecuniam
387 1776 496 1820 snam
519 1776 594 1820 non
618 1756 732 1821 dedit
755 1758 802 1820 ad
824 1776 993 1820 usuram.
1025 1754 1300 1821 lallaxhocbene·

99 1885 125 1920 rr
152 1858 256 1923 ficium
279 1867 309 1923 ct
331 1858 506 1924 humanitas
537 1860 729 1924 fraudulenta
760 1868 791 1925 et
814 1861 963 1924 damnosa
994 1859 1061 1924 haec
1090 1857 1301 1925 beniuolentia

152 1963 285 2028 docetur.
331 1964 405 2046 quid
436 1965 518 2028 enim
557 1969 620 2028 tam
655 1962 855 2042 intolerabile,
885 1984 978 2047 qnam
1010 1970 1042 2027 ut
1073 1963 1226 2047 indigenti
1255 1964 1300 2028 ita

152 2066 336 2132 beneficium
367 2068 492 2145 tribuas,
522 2075 556 2131 ut
578 2067 680 2153 magis
711 2074 809 2152 egeat,
832 2076 862 2132 et
886 2067 1042 2131 irrisoriam
1073 2067 1174 2147 inopis
1203 2086 1299 2148 opem

151 2169 265 2236 laturus
295 2170 499 2238 adcumules?
542 2172 569 2236 si
592 2170 786 2236 Christianus
810 2191 852 2249 es,
880 2172 954 2255 quid
977 2193 996 2234 a
1019 2172 1076 2237 deo
1099 2170 1221 2252 praemii
1244 2192 1299 2236 ex-

150 2282 264 2355 pectas,
288 2277 355 2356 ipss
378 2276 416 2340 sb
433 2275 610 2340 hominibus
626 2296 686 2339 non
702 2274 851 2341 beneficio
867 2276 1065 2356 expectando,
1088 2276 1144 2341 sed
1157 2274 1299 2339 damna?

98 2404 124 2441 ro
151 2379 177 2443 si
193 2378 386 2444 Christianus
410 2400 452 2457 es,
477 2380 552 2462 quid
574 2380 702 2444 otiosam
727 2380 888 2460 pecuniam
913 2389 997 2444 tuam
1020 2381 1050 2444 in
1075 2379 1209 2445 reditum
1222 2399 1299 2444 con-

150 2483 238 2562 ponis
262 2490 293 2548 et
316 2483 419 2548 fratris
440 2484 483 2548 tui
505 2483 650 2563 inopiam,
667 2503 722 2563 pro
745 2503 805 2566 quo
823 2480 965 2548 Christus
981 2491 1118 2548 mortuus
1134 2490 1188 2560 est
1204 2481 1299 2549 then·

149 2606 274 2651 sanmm
297 2595 384 2651 tunm
407 2585 530 2653 asticis?
553 2587 580 2650 si
595 2584 789 2651 Christianus
813 2607 856 2660 ea,
879 2607 939 2651 non
964 2606 1067 2670 qnmro
1090 2594 1123 2652 nt
1146 2586 1299 2671 largiaris,

150 2691 259 2756 saltem
277 2692 414 2757 debitum
438 2691 484 2756 sic
506 2710 642 2772 reposce,
665 2711 703 2756 ne
726 2691 848 2771 spolies,
878 2699 908 2756 ct
931 2700 1297 2775 momentorumque

150 2814 275 2860 usuram
298 2796 421 2876 repetis,
445 2814 513 2862 esse
528 2796 653 2876 inopem
666 2802 696 2860 et
709 2815 885 2876 pauperem,
909 2803 1138 2879 propterquam
1153 2793 1297 2861 Christus

97 2899 238 2981 deincps
283 2900 376 2965 uoluit
420 2918 489 2965 esse
534 2907 563 2965 et
608 2919 732 2980 pauper.
777 2900 880 2982 itaque
925 2900 991 2964 siue
1036 2898 1180 2964 iniuriam
1229 2900 1296 2964 siue

191 3035 325 3091 euasti.
345 3037 459 3104 xxuu,
480 3040 519 3090 ra.

193 3229 403 3280 lsacramento
428 3227 452 3281 V
502 3228 519 3279 2
546 3227 740 3280 renunciantes
768 3228 793 3280 R
846 3226 959 3281 diabulo
984 3229 1008 3280 1⁷
1057 3232 1074 3281 3
1101 3228 1248 3282 retinenda
1272 3228 1296 3282 V

147 3313 326 3368 consensionis
343 3313 425 3366 huius
444 3312 527 3367 fidem
545 3332 600 3383 sup.
620 3315 663 3366 lin.
683 3333 699 3366 o
717 3333 750 3366 ou
770 3314 790 3366 ἑ)
810 3315 834 3366 l'
884 3318 900 3369 6
920 3321 949 3368 et
967 3315 1072 3369 iustitia
1090 3332 1120 3368 er
1138 3320 1167 3368 et
1184 3314 1293 3369 institis

148 3404 176 3453 et
193 3418 260 3453 corr.
279 3400 398 3453 m.·.)V
448 3401 606 3455 Venterior
623 3400 776 3455 iniustitiae
794 3421 851 3470 sup.
871 3403 915 3454 lio.
935 3419 951 3453 o
970 3420 1003 3454 m.
1023 3401 1091 3455 2V
1140 3401 1293 3456 etidcirco

147 3487 177 3540 in
199 3488 364 3556 euuangelio
398 3488 421 3540 V
445 3489 474 3541 in
501 3488 666 3556 euuangelio
692 3490 716 3541 R
785 3493 802 3542 8
827 3505 930 3556 usquae
960 3489 985 3540 l'
1006 3506 1056 3557 usq
1080 3487 1172 3558 (surpra
1199 3505 1218 3557 q
1243 3491 1294 3542 oli-

147 3576 210 3644 quid
226 3573 303 3640 cros.)
322 3576 347 3627 ll
399 3574 609 3628 llSclcmonem
633 3576 658 3627 V
708 3575 843 3643 promissa
860 3593 891 3628 eu
908 3575 1074 3643 proximisse
1091 3593 1158 3629 corr.
1177 3594 1209 3629 m.
1230 3577 1248 3627 1
1272 3577 1297 3629 V

148 3663 177 3713 ll
190 3660 313 3729 perfecte
323 3662 348 3713 lt
401 3663 554 3716 admonitio
566 3681 596 3715 ex
608 3663 798 3717 admonitione
811 3682 842 3715 m.
861 3664 872 3713 l
887 3663 913 3715 V
964 3664 996 3716 15
1009 3663 1142 3716 damnosa
1154 3664 1214 3727 (om.
1228 3663 1296 3730 etlb

148 3750 181 3802 18
192 3747 297 3801 laturos
313 3748 336 3800 V
387 3749 453 3816 quid
466 3751 501 3803 ab
514 3766 545 3802 eo
555 3751 580 3802 ll
632 3750 786 3818 praemium
799 3749 915 3818 partemii
927 3751 951 3801 ll
963 3750 1095 3818 praemioi
1108 3768 1174 3804 corr.
1189 3768 1224 3804 nr.
1238 3751 1256 3804 1
1275 3752 1299 3803 l'

148 3837 180 3887 19
193 3833 372 3902 expetedoV
421 3836 680 3891 susisaniana?
700 3837 721 3889 V
771 3837 887 3890 otiosam
907 3820 1298 3891 crotiosum'ni.?vom.1s

146 3923 178 3975 sl
204 3926 233 3975 st
255 3940 311 3992 stip.
337 3924 380 3975 lin.
405 3941 422 3976 a
447 3942 479 3976 iu.
504 3924 524 3976 2
553 3924 579 3977 V
627 3923 722 3977 fratris
740 3942 770 3976 ea
794 3922 1012 3976 simmista?
1035 3923 1060 3976 V
1109 3923 1144 3978 de
1162 3922 1299 3980 theseum

146 4029 195 4078 tuo
214 4045 244 4079 ex
261 4026 295 4079 de
313 4026 472 4081 thesaurum
492 4033 570 4081 tuum
589 4027 660 4080 m.2
684 4028 709 4080 V
757 4029 792 4081 92
810 4005 895 4081 elfioi⁸
904 4045 964 4081 corr
990 4026 1056 4081 rra?
1073 4028 1098 4079 V
1136 4027 1160 4080 si
1173 4027 1300 4095 xpianus

145 4111 213 4181 sius,
239 4130 295 4166 non
328 4114 352 4166 V
400 4117 435 4167 23
453 4130 566 4183 reposce
584 4113 608 4182 (s
633 4116 660 4166 in
686 4112 750 4179 ros.)
778 4112 802 4163 R
829 4131 942 4182 reposce
970 4133 1000 4167 ex
1026 4130 1137 4182 repnsse
1165 4132 1198 4166 m.
1230 4115 1251 4168 :1
1275 4118 1303 4172 V

145 4215 228 4252 som.
253 4200 277 4252 V
327 4201 361 4254 st
379 4205 429 4265 xps
448 4206 476 4254 et
494 4201 572 4263 inops
597 4201 626 4252 Γ.
