2790 4844
377 276 558 326 tractatus
582 273 618 325 irr
640 272 812 342 psalmum
834 273 958 327 LXVIII.
1170 274 1233 338 327

71 470 185 544 rogat,
208 467 243 525 ut
267 482 322 541 per
345 462 384 537 id,
408 463 489 546 quod
513 462 543 525 in
568 482 634 527 eam
660 464 798 527 intendet
821 463 904 540 deus,
928 464 1024 547 digna
1039 463 1078 527 sit
1101 463 1234 528 liberari.

67 573 109 629 at
133 565 210 630 haec
246 565 371 648 quidem
392 572 426 630 ut
448 565 541 630 homo
572 573 674 632 noster
704 567 864 632 oboediens
898 586 995 650 usque
1029 568 1068 631 ad
1105 575 1234 632 mortem

65 669 188 735 crucis
212 677 363 750 precatur.
408 671 463 735 scd
487 690 556 735 curn
581 671 657 751 eripi
682 691 715 735 se
738 681 863 751 propter
885 670 1026 735 inimicos
1050 690 1121 735 suos
1137 677 1234 756 rogat,

61 774 342 839 consuetudinem
374 774 519 839 humanae
543 782 573 838 et
595 775 661 855 spei
684 782 715 840 et
737 777 830 839 moris
853 776 981 839 excedit.
1028 794 1119 839 nemo
1150 778 1233 840 enim

60 879 191 944 saluus
217 878 276 942 alia
299 879 409 962 magis,
426 899 517 962 quam
539 879 646 943 salutis
669 899 731 943 suae
755 899 847 943 causa
868 876 934 942 uult
957 898 1041 956 esse;
1065 883 1096 942 et
1110 898 1129 942 a
1145 878 1233 943 malis
1260 908 1273 945 a

59 985 151 1067 quis
179 983 260 1062 eripi
283 1002 317 1046 se
339 982 377 1046 ab
402 983 433 1046 id
464 1002 592 1048 necesse
626 990 680 1061 est
715 1003 754 1047 ne
787 981 877 1047 malis
908 982 1077 1060 adficiatur,
1107 982 1232 1063 optabit.

58 1095 104 1152 at
130 1106 216 1151 uero
238 1105 319 1150 nunc
343 1087 418 1167 eripi
442 1106 477 1152 se
500 1107 561 1151 non
579 1106 750 1164 succensa,
774 1087 828 1151 sed
853 1093 1018 1166 propter
1041 1087 1233 1151 inimicos

58 1213 80 1254 s
94 1210 179 1255 uos
205 1210 244 1255 ex
266 1189 324 1265 his,
349 1191 459 1274 quibus
482 1190 632 1268 adficitur,
655 1190 803 1271 deposcit,
838 1193 910 1273 quia
939 1188 972 1253 bi
996 1190 1113 1255 inimIci
1136 1190 1232 1256 debo-

57 1293 235 1361 nestandi
257 1294 287 1357 in
312 1314 347 1359 se
370 1295 505 1376 patiente
537 1304 566 1360 et
600 1294 809 1376 triumphandi
839 1315 910 1359 cum
941 1295 1055 1359 fiducia
1085 1295 1115 1358 in
1139 1315 1173 1360 se
1196 1315 1233 1359 ex

60 1397 219 1464 mortuis
241 1405 423 1482 resurgente
447 1419 518 1463 mor
542 1405 654 1464 essent.
838 1432 841 1437 -
1260 1426 1285 1464 ιο

124 1503 182 1567 17.
208 1502 351 1586 Denique
374 1502 452 1567 nibil
476 1523 510 1568 se
533 1523 589 1568 sua
611 1523 702 1568 causa
726 1523 821 1586 agere
842 1523 877 1567 ac
892 1503 955 1584 pati
971 1502 1232 1586 consequentibus

63 1611 178 1672 ducet
217 1606 340 1671 dicens:
386 1614 425 1671 tu
471 1608 574 1671 enim
620 1607 703 1672 scis
749 1607 1027 1689 inproperium
1070 1613 1108 1672 et
1145 1626 1231 1672 con-

63 1711 289 1776 fusionem
314 1718 352 1774 et
373 1712 662 1776 uerecundiam
687 1731 827 1781 meam:
862 1713 900 1775 in
924 1718 1144 1791 conspectu
1167 1718 1231 1775 tuo

65 1833 226 1879 omnes
263 1814 518 1880 tribulantes
557 1835 622 1879 me.
678 1815 959 1895 inproperium
997 1815 1233 1895 expectauit

63 1939 152 1984 cor
187 1937 314 1983 meum
350 1928 387 1983 et
420 1920 639 1984 miseriam.
686 1920 824 1999 superior
856 1939 917 1983 non
953 1920 1058 1999 dispar
1080 1918 1231 2000 professio
1259 1945 1284 1982 a

63 2030 143 2096 est,
167 2041 238 2086 cnm
263 2022 351 2086 dicit:
386 2024 493 2098 deus,
529 2031 567 2087 tu
602 2023 683 2088 scis
718 2022 1006 2103 insipientiam
1040 2042 1171 2098 meam,
1194 2029 1232 2087 et

62 2123 244 2190 delicta
267 2147 351 2191 mea
374 2147 392 2190 a
415 2133 452 2191 te
476 2147 550 2191 non
581 2132 675 2191 sunt
704 2127 913 2192 absconsa.
958 2133 1065 2192 contra
1086 2124 1231 2191 humanae

59 2227 170 2293 enirn
194 2230 348 2309 opinionis
372 2250 507 2295 errorem
538 2230 593 2295 soli
625 2232 682 2295 deo
712 2231 878 2312 adsumpta
908 2231 1011 2315 magis
1042 2230 1108 2294 baec
1132 2231 1170 2294 ab
1194 2249 1230 2295 eo

57 2332 260 2412 infirmitas,
295 2353 388 2417 quam
423 2334 570 2399 naturalis
604 2355 681 2412 esse,
716 2341 780 2400 erat
812 2342 892 2399 nota
938 2341 968 2398 et
1001 2335 1073 2417 quia
1106 2340 1231 2415 propter

55 2434 229 2502 inimicos
252 2457 324 2503 suos
348 2437 416 2503 haec
439 2440 639 2519 perpetienda
662 2438 720 2503 sibi
745 2438 873 2514 fuerant,
904 2458 959 2519 per
990 2457 1057 2520 quse
1088 2436 1231 2502 bumanae
1257 2466 1283 2506 aa

60 2534 293 2625 saturarique
327 2543 489 2607 aternitati
524 2541 710 2619 consulebat,
745 2542 834 2606 huius
870 2541 1053 2622 beneplaciti
1083 2541 1231 2622 temporis

63 2644 216 2708 testatur
249 2645 406 2711 adfectum
437 2647 559 2711 dicens:
590 2647 870 2727 inproperium
901 2646 1137 2725 expectauit
1164 2665 1231 2709 cor

66 2755 213 2812 mcum
237 2755 276 2813 et
299 2750 518 2831 miseriam,
549 2751 742 2815 desideratas
772 2751 831 2816 sibi
862 2771 930 2816 esse
962 2749 1051 2813 huius
1082 2749 1231 2829 temporis

74 2839 267 2925 significans
290 2854 450 2933 passiones
473 2856 642 2919 secundum
667 2853 742 2920 illud
762 2855 873 2919 diuinae
889 2853 1111 2918 communionis
1127 2871 1229 2916 sacra-

82 2955 239 3048 {llantumz
271 2957 483 3022 desiderio
514 2959 732 3037 concupiui
762 2957 836 3023 boc
867 2959 1125 3022 manducare:
1157 2957 1230 3040 quia
1257 2983 1282 3022 sa

91 3056 129 3108 ¹¹1
149 3052 192 3124 bis
214 3061 368 3143 passionis
391 3080 454 3125 sure
477 3061 641 3126 desideriis
665 3062 850 3142 beneplaciti
874 3062 1023 3143 temporis
1042 3060 1231 3126 consistebat

98 3148 223 3230 tilectus.

144 3262 182 3330 la.
205 3269 268 3333 Sed
303 3269 366 3348 pati
389 3269 429 3333 ad
451 3270 625 3350 protectum
648 3277 761 3335 nostrae
784 3270 892 3336 salutis
915 3279 1082 3351 expectans
1104 3267 1229 3334 alterius

109 3374 209 3453 Illoque
239 3373 460 3452 expectationis
492 3373 645 3438 desiderio
676 3374 819 3439 detentus
854 3382 910 3439 est.
957 3374 1095 3458 sequitur
1129 3373 1229 3438 enim:

140 3558 167 3613 a
184 3562 248 3616 rue.
269 3528 356 3631 xsru,
375 3565 415 3617 ra

141 3718 286 3772 lintendit
304 3719 357 3771 PE
408 3720 643 3773 tconsuetudine
671 3719 724 3771 ΒΡ
774 3737 864 3773 mores
889 3721 937 3773 I'P
962 3722 1058 3774 mort-Is
1078 3723 1103 3774 It
1155 3720 1229 3773 exci-

97 3801 174 3857 ditP
222 3805 350 3873 baliqua
368 3806 456 3873 magis
474 3806 516 3858 Pb
569 3806 713 3873 doptauit
738 3806 761 3857 l'
812 3807 880 3859 7ad
908 3824 975 3860 uero
1003 3809 1028 3860 a
1055 3824 1086 3860 ac
1111 3823 1178 3859 uero
1208 3806 1230 3858 V

94 3891 395 3958 naneripisenonR
448 3891 648 3946 8hieanibil
661 3890 767 3945 na2l'
782 3894 828 3978 111ΙίΙΙ
841 3894 867 3945 I'
917 3896 1070 3948 aeroma
1116 3891 1229 3946 llnibil

88 4011 119 4051 ee
134 4009 216 4060 agere
239 4003 299 4063 port
327 4010 375 4046 sua
402 4010 484 4047 causa
510 4013 582 4064 supr.
615 4015 662 4047 scr.
692 4015 723 4048 nr.
750 3997 765 4047 1
785 3998 809 4048 It
863 4014 894 4049 ac
913 3997 935 4050 si
954 3997 1186 4066 consequentibus
1205 3996 1232 4048 P

87 4084 120 4138 11
138 4080 327 4147 inproperium
346 4086 410 4133 mett
428 4087 457 4133 et
475 4081 545 4133 RPa
601 4084 632 4135 13
650 4089 698 4135 tuo
722 4087 787 4135 sunt
810 4100 904 4137 omnes
924 4085 951 4134 E
1004 4085 1036 4137 15
1055 4082 1229 4152 superiores

82 4183 169 4237 nuper
199 4184 231 4216 m·
263 4169 283 4217 2
315 4166 340 4219 V
403 4170 435 4221 18
453 4185 577 4221 errorem
607 4187 637 4222 ez
667 4178 803 4222 terrorum
833 4189 864 4223 ru.
894 4169 913 4222 L)
946 4171 967 4223 I'
1029 4170 1096 4224 haec
1127 4187 1176 4222 om.
1203 4170 1230 4221 a

77 4259 111 4316 ‘21
132 4252 309 4306 maternitatis
336 4254 356 4306 Γ
390 4254 467 4307 cuius
493 4256 516 4308 I'
547 4257 582 4308 24
600 4256 807 4310 communiones
833 4256 890 4310 irc
926 4257 961 4310 25
979 4257 1074 4325 cupiui
1094 4255 1178 4310 RPE.
