2790 4844
421 303 603 351 tractatus
627 298 661 351 in
686 299 853 366 psalmum
874 297 929 351 LV.
1180 299 1241 364 165

97 503 190 565 super
214 487 312 550 undas
335 485 514 563 ambularet,
538 506 639 569 neque
664 507 722 551 non
746 498 898 572 utusque
921 489 959 552 ad
984 489 1124 555 fimbriae
1147 491 1242 556 uestis

104 590 195 654 uirtus
218 589 333 653 diuinae
356 591 516 670 potestatis
540 590 644 667 exiret
669 601 824 674 nequent
847 613 905 656 non
929 601 1055 673 peccata
1074 594 1243 659 dimitteret

107 702 134 755 et
152 703 240 773 sputo
264 713 319 758 sno
341 704 483 758 naturam
506 695 632 760 uidendi
655 694 746 759 caecis
769 695 808 760 ab
832 703 917 760 utero
941 696 1037 762 oculis
1059 699 1242 764 accenderet

111 807 136 858 et
154 816 225 862 aure
248 799 397 879 producta
432 798 471 863 de
504 798 629 863 uulnere
664 798 777 863 abcisa
812 800 893 864 auris
927 799 1038 865 uulnus
1068 800 1241 879 obduceret,

114 908 256 983 nequent
287 922 346 966 non
371 901 468 967 solida
490 903 641 983 parietum
665 922 790 983 corpore
821 903 1025 970 interlabente
1054 912 1239 985 penetraret.
1280 932 1293 972 s

117 1021 162 1067 nou
185 1026 258 1089 argo
281 1006 430 1071 metuite
453 1026 544 1072 carne
568 1006 616 1072 uel
640 1008 672 1071 in
695 1008 752 1072 deo
775 1027 905 1088 sperans
938 1007 1089 1090 propheta
1112 1009 1160 1074 uel
1184 1010 1241 1074 sub

121 1108 315 1191 adsumptione
338 1111 441 1175 carnis
465 1113 539 1176 deus
563 1132 657 1192 opera
680 1113 785 1176 diuina
808 1132 1034 1178 consummans.

154 1229 176 1292 b.
199 1231 232 1294 dn
257 1231 306 1297 hie
330 1233 433 1307 atiani,
468 1252 536 1315 quae
567 1242 778 1311 consecuntur,
814 1232 857 1298 rei
889 1234 919 1296 in
944 1254 979 1298 eo
1002 1253 1122 1317 qnoque
1145 1241 1242 1318 gestae

126 1332 284 1415 significatio
308 1337 489 1401 continetur.
536 1337 580 1401 eit
602 1339 700 1401 enim:
734 1345 816 1402 tota
839 1338 903 1403 die
925 1339 1048 1403 uerba
1080 1358 1162 1402 mea
1185 1359 1242 1403 ex-

128 1440 385 1504 secrabantur:
421 1443 619 1506 aduersus
654 1462 712 1506 me
745 1426 877 1505 omnia
907 1442 1083 1507 consilia
1107 1462 1241 1507 eorum
1271 1470 1294 1505 lo

129 1537 315 1608 inmalum.
363 1545 607 1611 habitabunt
631 1553 668 1610 et
698 1546 965 1611 abscondent:
1001 1539 1080 1627 ipsi
1116 1545 1242 1611 calea-

132 1660 213 1710 ueum
248 1668 372 1713 meum
407 1650 694 1715 obseruabunt.
740 1670 891 1733 nusquam
922 1651 1002 1715 enim
1033 1651 1091 1716 nisi
1116 1650 1242 1716 occultis

132 1750 236 1816 consiliis
259 1754 426 1818 aduersum
451 1773 521 1818 enm
547 1760 578 1819 et
600 1754 777 1819 testimonia
800 1753 879 1819 t'adsa
902 1760 932 1819 et
954 1756 1101 1835 captiosae
1115 1755 1241 1819 interro-

134 1853 241 1929 nationes
263 1866 336 1922 sunt
359 1865 547 1938 conparatas:
582 1859 612 1921 in
646 1877 810 1923 commune
844 1858 1018 1924 habitantes
1053 1865 1083 1923 et
1116 1858 1243 1923 consilia

135 1955 226 2024 malitie
249 1961 435 2027 occulentes.
481 1964 538 2027 sed
554 1974 583 2027 et
600 1963 841 2043 increpationem
854 1963 1017 2028 uerborum
1031 1963 1105 2037 eiua,
1131 1963 1242 2045 quibus
1270 1989 1294 2026 ιι

135 2053 275 2138 impietates
298 2086 405 2132 eornm
429 2066 614 2146 exprobrare
637 2087 696 2130 non
721 2067 848 2148 destitit,
873 2086 933 2131 non
949 2066 1083 2131 tulemnt
1099 2085 1243 2149 egressus

135 2177 224 2247 ‘tuoque
245 2188 352 2233 omnes
375 2169 471 2249 ipsius
494 2170 523 2233 in
548 2169 692 2235 calcaneo
715 2176 904 2247 contuentes,
935 2176 997 2233 tum
1030 2171 1060 2232 in
1084 2169 1149 2234 eius
1173 2190 1243 2250 sup-

136 2261 320 2339 pbntationem
344 2272 555 2338 fraudulentas
578 2274 820 2355 conspirationes
844 2275 999 2338 ineuntes:
1024 2273 1062 2336 ob
1087 2275 1168 2356 quod
1191 2294 1242 2338 eos

136 2367 204 2452 digna
222 2375 286 2441 haec
310 2378 412 2441 indicii
437 2379 590 2444 sententia
613 2378 845 2460 conprehendit.

166 2473 1100 2564 ttsquuurenim:sieutsxpectauerunsanimam
1120 2502 1241 2559 meam,
1268 2509 1293 2546 ao

135 2585 326 2651 pronihilo
361 2585 499 2651 saluos
534 2587 793 2664 saciesiltos‚
829 2588 866 2651 in
902 2588 961 2650 ira
991 2587 1159 2668 populos
1183 2587 1241 2651 de-

134 2679 233 2754 duces.
277 2710 374 2755 noune
398 2689 449 2756 hic
471 2690 629 2774 propheta
653 2711 756 2757 sermo
780 2698 876 2768 estu
878 2700 980 2769 teos
1005 2691 1055 2774 qni
1081 2696 1242 2770 expectent

133 2785 240 2856 animam
261 2814 358 2874 snam,
381 2797 420 2860 ad
444 2795 575 2860 nibilum
592 2796 667 2861 daus
683 2795 791 2873 saluet
816 2803 930 2860 etcum
947 2794 1242 2871 aliudsrtnihilum

132 2886 196 2956 uliud
214 2898 328 2967 saluari
360 2920 441 2965 nunc
464 2899 555 2978 salus,
580 2921 648 2984 quae
672 2901 702 2964 in
726 2919 778 2965 eos
803 2899 863 2979 fiet,
891 2901 923 2964 in
947 2898 1141 2964 nihilumt
1101 2899 1150 2963 sit.
1196 2905 1243 2964 est

123 3011 189 3086 trgt
207 3005 279 3084 quod
314 3002 478 3069 salnetnr'
471 3024 502 3068 ιιι
526 3004 680 3070 nihilum?
725 3011 772 3069 est
795 3003 894 3085 plane
917 3004 1063 3088 quioquid
1086 3022 1241 3068 resurrec-
1268 3027 1294 3064 ss

130 3097 194 3165 tione
212 3125 352 3173 mncessa
382 3108 590 3174 demutatione
613 3128 673 3172 non
698 3109 827 3193 dignum
851 3116 905 3173 est.
952 3127 1022 3171 nam
1046 3127 1115 3172 cum
1140 3109 1240 3172 omnis

163 3311 344 3370 descenderet
362 3336 393 3370 ea
410 3317 572 3371 ascenderet
592 3334 658 3370 corr.
684 3336 716 3370 m.
738 3317 752 3369 I
772 3319 795 3370 dc
848 3321 865 3368 4
889 3334 972 3371 aurae
1000 3318 1025 3369 lt
1077 3319 1094 3368 5
1121 3316 1243 3385 penitra-

127 3397 194 3448 MT
236 3405 411 3472 diproietadd
464 3405 698 3458 'tconaumauadt
751 3407 974 3471 Boonaeqnntur
994 3405 1018 3456 R
1037 3407 1243 3470 consequuntur

127 3481 191 3536 Vra
234 3491 463 3545 bexaecrabatur
489 3489 571 3544 homo
590 3490 721 3544 aduersus
738 3492 765 3542 Τ
783 3491 1018 3544 θιιθοιιιδιιῑιιιι·
1036 3490 1117 3543 homo
1145 3490 1243 3542 aduer-

124 3587 161 3623 Μ
180 3572 200 3623 P
246 3581 277 3633 10
293 3594 389 3631 eorum
409 3577 512 3630 madum
531 3576 695 3631 habitabunt
714 3577 743 3630 in
761 3577 864 3630 malum
883 3577 1048 3630 habitabunt
1076 3582 1104 3630 et
1129 3576 1243 3629 abscon·

122 3659 179 3711 dent
194 3661 218 3713 P
232 3663 309 3723 (idem
330 3665 438 3734 praebet
456 3683 475 3713 α
500 3666 550 3716 nisi
567 3666 635 3733 quod
652 3683 700 3716 om.
729 3668 757 3717 et
785 3663 964 3724 abscondent)
1020 3666 1052 3716 la
1079 3671 1199 3730 nuquam
1220 3664 1243 3714 lt

122 3748 219 3802 laeum
237 3751 394 3805 testimonia
412 3748 522 3815 (emat)
542 3750 620 3802 PTE
673 3753 705 3804 14
724 3756 889 3831 adparentes
908 3752 932 3801 Τ
985 3752 1014 3803 in
1037 3765 1153 3803 comune
1173 3750 1242 3801 Pin

112 3905 279 3960 romanaeld
331 3861 472 3962 habitintea
492 3926 524 3960 m.
544 3907 596 3959 IP
648 3908 679 3962 16
698 3907 869 3975 impietatem
889 3907 966 3959 PI'E
1018 3922 1072 3959 non
1091 3905 1200 3958 destitit
1210 3919 1242 3948 Ξῖ

58 4056 60 4071 Ι
109 3993 204 4047 nonR
256 3995 287 4048 17
305 4004 365 4047 tum
383 3996 484 4065 scripsi,
505 3995 571 4048 dum
590 3993 694 4046 alma
710 3996 744 4056 cf.
765 3994 845 4046 Acori.
863 4014 889 4062 p.
913 3991 946 4045 16
1003 3995 1033 4046 18
1051 3992 1243 4046 fraudulentae

103 4080 314 4150 comparationis
340 4081 468 4136 ineuntes
487 4081 511 4134 R
528 4080 704 4135 fraudulenta
732 4079 935 4148 conspiratione
962 4080 1140 4132 consentiunt
1168 4080 1245 4131 Vsa

100 4227 135 4280 19
155 4220 255 4276 iudicis
285 4221 322 4273 Pb
375 4221 410 4274 ab
429 4171 618 4275 :imminit
638 4221 663 4274 Τ
714 4221 749 4273 22
767 4219 891 4288 profetae
916 4220 940 4270 dt
993 4223 1140 4287 expectant
1168 4219 1244 4272 H'E

94 4313 133 4367 Β
152 4310 181 4363 in
200 4307 319 4361 nihilum
340 4306 417 4360 m
468 4307 503 4360 at
520 4316 560 4362 eet
578 4325 645 4379 ergo
664 4333 698 4345 -
717 4304 835 4358 nihilum
854 4307 880 4357 in
900 4322 981 4374 morp.
1000 4307 1077 4359 inte.
1096 4306 1158 4360 odd.
1180 4308 1209 4360 P.
