2790 4844
441 110 623 162 tractatus
642 106 676 162 in
693 107 864 176 psalmum
883 109 936 163 CL.
1193 109 1255 176 871

113 298 172 363 sub
195 298 336 364 eiusdem
359 298 480 363 numeri
504 297 695 379 plenitudine
717 317 779 363 nou
803 297 1029 383 indulgentiam
1050 300 1177 378 peccati,
1201 301 1259 367 sed

113 400 248 468 fructum
278 400 478 485 officiumque
508 402 631 467 iustitias
662 401 893 483 conprehendit
937 407 1008 483 post
1037 423 1105 487 quae
1134 423 1258 468 rursum

114 504 270 572 aedificata
290 507 353 572 iam
376 506 407 570 in
430 513 582 571 aeternum
612 507 659 571 dei
696 506 819 571 ciuitate
842 512 874 572 et
896 506 1039 571 omnibus
1062 508 1103 571 ad
1125 508 1258 590 gratula-

115 612 230 676 tionem
255 613 320 676 eius
342 609 528 693 laudemque
551 611 747 676 commonitis
762 611 821 676 sub
837 611 974 677 eiusdem
990 631 1114 677 rursum
1137 614 1258 678 numeri

115 721 266 794 potesta-te
297 735 368 796 spes
399 720 447 780 est
469 721 684 780 consummata
713 721 897 789 sanctorum,
927 716 988 780 iarn
1017 716 1057 780 ad
1086 717 1258 797 spiritalem
1297 753 1310 789 s

114 821 259 885 omnibus
282 819 414 903 gloriam
438 825 644 903 naturamque
677 820 838 896 renouatio,
868 826 902 884 ut
930 820 1083 904 gradatim
1117 840 1172 902 per
1199 821 1259 888 boc

113 925 228 989 addai
258 924 445 989 consortium
481 924 644 1001 ueniretur,
678 943 749 988 cum
784 931 980 1004 peccatorum
1015 925 1154 991 remissio
1188 926 1258 991 uitae

114 1028 324 1094 innocentiam
349 1035 379 1093 et
400 1027 505 1092 iudicii
528 1028 732 1093 constantiam
757 1035 934 1104 mereretur,
957 1029 1028 1093 uitae
1051 1035 1151 1094 autem
1172 1030 1258 1094 inno·

108 1134 214 1198 centis
237 1132 404 1215 iudiciique
427 1133 602 1196 constantis
624 1131 771 1211 spiritalis
788 1131 894 1216 gloriae
911 1139 1049 1198 sumeret
1064 1133 1258 1216 dignitatem.

106 1238 146 1302 ac
172 1236 217 1301 sie
250 1237 363 1314 omnia,
397 1237 594 1316 baptismum,
629 1237 820 1325 resurrectio,
854 1237 1022 1302 demutatio
1057 1238 1258 1317 continentur,
1286 1270 1311 1306 ιο

102 1324 311 1421 cumprime
334 1361 390 1405 nos
413 1339 483 1404 libri
508 1339 597 1405 buius
626 1341 886 1424 quinquagesima
915 1353 1080 1424 regeneret
1109 1343 1149 1406 ad
1173 1343 1259 1407 iuno·

101 1445 259 1522 centiam,
275 1464 409 1528 sequens
433 1445 472 1508 ad
496 1445 641 1509 iudicium
662 1445 846 1510 innocentia
860 1446 1086 1511 resurrectione
1101 1447 1258 1527 perducat,

99 1550 207 1614 tertia
237 1549 267 1612 in
299 1562 439 1613 naturam
470 1549 595 1628 spiritus
619 1554 650 1614 et
672 1548 796 1614 laudem
827 1549 1001 1614 constituat.
1047 1559 1117 1634 post
1138 1552 1258 1616 uinctos

98 1654 199 1719 enirn
223 1652 426 1732 compedibus
450 1672 541 1736 reges
564 1652 738 1737 ligatosque
756 1653 886 1718 manicis
901 1651 1020 1719 nobiles
1036 1661 1258 1720 etsanctorum

96 1756 263 1822 iudicium
286 1757 503 1838 conscriptum,
534 1776 605 1821 cum
635 1757 665 1821 in
701 1756 750 1822 his
773 1757 916 1821 omnibus
939 1758 1038 1841 gloria
1061 1759 1258 1836 constitisset,
1286 1786 1311 1823 lo

97 1861 223 1946 gloriae
247 1867 349 1925 taram
375 1860 472 1940 ipsius
495 1862 720 1926 consummatio
745 1859 811 1926 haec
834 1867 940 1925 secuta
963 1868 1018 1926 est.

156 1971 187 2030 2.
213 1965 358 2048 Superior
394 1985 412 2028 a
450 1967 588 2045 proximo
626 1964 765 2045 psalmus
802 1967 841 2030 ad
881 1965 1000 2030 laudem
1039 1986 1095 2031 nos
1134 1967 1182 2031 dei
1219 1968 1258 2031 ob

98 2069 305 2135 creationum
340 2066 606 2150 magnificentiam
640 2069 813 2143 aduocauit;
853 2070 908 2135 sed
943 2081 1013 2149 post
1045 2070 1153 2136 canbci
1188 2071 1259 2135 noui

102 2173 268 2258 hymnum
293 2174 369 2238 deus
392 2192 453 2237 non
476 2172 579 2239 adhuc
598 2174 629 2237 in
645 2173 789 2253 operibus
812 2173 994 2249 laudandus,
1017 2175 1072 2238 sed
1089 2173 1259 2239 laudandus

100 2279 142 2342 in
170 2278 286 2342 sanctis
310 2284 364 2353 est,
396 2296 473 2360 quos
498 2287 566 2357 post
599 2277 747 2343 iudicium
777 2278 984 2357 conscriptum
1015 2279 1047 2341 in
1077 2278 1259 2343 aternitatis
1286 2304 1311 2341 eo

104 2382 248 2465 gloriam
272 2380 468 2446 collocauerit
489 2390 520 2446 et
541 2381 777 2447 indemutabiles
800 2382 862 2446 iam
888 2381 1002 2447 caelesti
1027 2381 1142 2448 bonore
1166 2383 1259 2447 dona·

104 2486 209 2551 uerit:
234 2505 287 2568 per
310 2487 392 2569 quod
415 2485 446 2550 in
470 2485 591 2550 uirtutis
614 2506 678 2551 suae
700 2485 871 2551 laudandus
894 2487 934 2551 sit
956 2486 1161 2562 firmamento,
1188 2488 1260 2570 quie

107 2590 346 2654 firmamentum
378 2595 502 2654 aeternae
526 2590 647 2655 uirtutis
671 2590 822 2657 innererit
844 2592 990 2673 absorpta
1012 2592 1043 2655 in
1066 2593 1260 2657 contentione

110 2701 225 2770 morte,
260 2713 331 2759 curn
366 2695 595 2774 corruptionem
630 2694 814 2775 incorruptio
845 2696 1046 2760 deuorauerit.
1091 2695 1259 2760 etidcirco

108 2800 349 2862 firmamentum
372 2797 491 2862 uirtutis
523 2797 588 2862 laus
619 2799 757 2882 sequitur
790 2805 985 2880 potestatum,
1019 2801 1092 2882 qnia
1126 2804 1258 2863 mortem
1287 2822 1313 2860 aa

113 2901 319 2967 inmortalitas
342 2901 570 2981 consumpserit
593 2902 740 2979 tribuens
775 2903 857 2986 quod
880 2902 1068 2967 oculusnon
1091 2903 1179 2979 uidit,
1203 2921 1259 2968 nec

113 3026 169 3072 cor
191 3005 346 3089 cogitauit,
369 3025 427 3071 nec
449 3005 531 3071 auris
554 3006 678 3072 audiuit
723 3021 822 3064 *m*
837 3008 868 3071 in
892 3006 1006 3072 sanctis
1030 3015 1061 3072 et
1082 3007 1121 3071 ad
1137 3005 1259 3071 laudern

113 3125 174 3167 *τε*
198 3129 269 3173 suas
292 3126 431 3167 *esses*
454 3111 550 3176 deus
573 3112 742 3177 secuudum
770 3110 942 3191 apostolum
966 3130 1036 3176 nos
1058 3116 1130 3176 ante
1153 3110 1259 3175 mundi

116 3214 367 3279 constitutionem
403 3215 440 3279 in
476 3214 715 3280 celestibus
749 3215 932 3296 spiritali
968 3214 1261 3280 benedictione

115 3317 345 3391 benedixit;
371 3320 411 3383 ad
435 3319 519 3384 cuius
543 3318 642 3384 laudis
665 3317 795 3402 gloriam
821 3320 925 3384 omnia
940 3326 971 3383 et
986 3319 1070 3384 uocis
1086 3324 1118 3384 et
1133 3337 1260 3399 operum
1287 3341 1313 3378 eo
1387 3377 1390 3385 ,

115 3419 219 3486 officia
242 3421 373 3486 incitant
396 3422 573 3489 diuersitate
604 3422 831 3488 habitationum
854 3427 885 3487 et
908 3421 1055 3490 claritate.
1100 3422 1261 3487 laudemus

115 3527 232 3590 idcirco
255 3527 286 3590 in
311 3525 463 3608 cymbalis
495 3526 574 3592 berre
597 3527 794 3606 sonantibus;
824 3527 856 3591 in
886 3526 1037 3612 cymbalis
1068 3526 1262 3592 exultationis

160 3684 195 3737 28
213 3682 315 3750 Ephes·
334 3685 354 3749 Ι,
373 3686 397 3737 3.

162 3824 195 3875 10
212 3819 263 3874 bec
283 3822 321 3874 sic
342 3822 367 3874 R
420 3823 580 3876 continetur
598 3824 625 3876 R
678 3825 712 3877 12
729 3825 931 3878 resurrectione
949 3842 970 3875 π
987 3823 1155 3878 resurrectio
1173 3822 1261 3885 etita)

117 3910 150 3960 14
169 3911 197 3961 et
224 3910 285 3960 edd.
314 3909 410 3962 Benaci.
478 3912 544 3963 lla
571 3912 698 3977 proximo
727 3910 751 3963 a
778 3912 904 3979 proximo
931 3912 968 3963 nb
1031 3911 1066 3964 22
1088 3909 1262 3963 firmamento

115 3997 209 4065 scripsi
235 3993 441 4048 firmamentum
468 3997 505 4048 nb
532 3997 603 4062 (Ηὲ)
663 3999 697 4049 26
716 3998 944 4052 inmortalitatem
972 3999 997 4051 R
1056 3999 1089 4051 27
1102 3997 1262 4066 yspaniam

114 4084 168 4133 cod.
189 4081 214 4133 R
232 4084 321 4134 litteris
340 4101 429 4134 uersus
448 4085 557 4152 (palaque
572 4101 681 4153 prorsas
693 4083 753 4148 jere
771 4097 938 4139 cremauerunt.
