2790 4844
396 262 574 311 tractatus
592 259 626 310 in
645 259 814 327 psalmum
841 252 944 313 CXLs
1165 262 1227 328 799

124 446 177 510 16.
200 447 297 512 Neuit
319 455 423 512 autem
447 468 551 525 unum,
576 451 628 531 qni
652 469 708 529 per
731 469 839 514 omnes
855 451 1050 534 iniquitatem
1065 459 1228 532 operantes

78 551 150 632 ipse
176 552 275 631 potius
296 551 329 615 in
352 550 403 615 his
426 550 545 635 laqueis
575 571 700 632 semper
733 561 886 634 operetur,
922 555 1045 620 diceus:
1081 560 1229 623 eadent

78 657 118 720 in
144 653 348 720 retiaculo
372 656 458 720 eius
482 664 741 736 peccatores:
766 658 831 722 eius
854 657 981 737 seilicet,
1009 660 1060 742 qui
1084 667 1229 740 operatur

78 761 110 823 iu
148 759 298 839 plurimis.
344 760 494 843 quidquid
526 760 611 824 enim
643 760 841 844 iniquitatum
875 761 1018 828 homines
1040 746 1175 848 gerunt,
1209 785 1228 828 a

78 863 206 929 diabolo
230 866 422 948 suggeritur;
454 884 545 947 quem
577 884 658 930 nune
688 864 744 930 sub
774 865 924 949 singulari
946 886 1077 932 numero
1101 869 1227 932 demon·
1266 897 1279 936 a

78 973 168 1043 strat
191 987 259 1036 cum
283 969 424 1048 superius
448 969 505 1032 sub
527 967 637 1048 plurali
672 969 845 1034 ministeria
874 972 940 1035 eius
964 971 1174 1054 significasset
1194 973 1227 1036 in

78 1070 232 1152 plurimis.
278 1071 381 1152 plures
413 1073 444 1136 in
476 1093 511 1137 eo
535 1080 565 1137 et
596 1092 667 1137 eum
698 1073 855 1156 significat
883 1075 914 1138 in
946 1074 1099 1154 pluribus:
1134 1081 1226 1159 atque

80 1175 155 1240 ideo
187 1176 282 1260 iniqui
314 1175 442 1260 laqueos
477 1178 672 1257 praetendunt
706 1183 736 1241 et
768 1176 799 1240 in
833 1176 981 1242 retiaculo
1016 1180 1080 1244 eins
1114 1179 1228 1245 eadent

78 1285 269 1362 peccateres,
293 1280 365 1364 qnia
388 1280 486 1363 iniqui
508 1279 648 1345 retiaculi
672 1281 719 1345 sui
735 1280 861 1364 laqueos
877 1284 1080 1362 praetendunt.
1116 1285 1228 1349 eadent

78 1391 184 1449 autem
209 1391 400 1465 peccatores,
424 1404 486 1451 non
510 1390 582 1449 tuno
604 1392 790 1464 peccatores
822 1405 894 1450 oum
918 1386 1092 1463 ceciderint,
1116 1385 1225 1476 effecti,
1255 1415 1279 1451 10

80 1489 135 1552 sed
161 1490 309 1554 uadentes
338 1487 377 1551 ob
408 1489 449 1564 id,
484 1488 555 1572 quie
588 1497 767 1572 peccatores
801 1495 888 1568 sunt;
923 1490 1057 1570 captioni
1089 1491 1225 1557 retiaculi

80 1589 186 1657 effecti
208 1592 327 1673 perid,
351 1593 434 1675 quod
457 1599 635 1675 peccatores
658 1600 737 1670 sunt,
761 1595 911 1673 oportuni.

126 1694 480 1777 improprietatem
516 1717 573 1777 per
606 1717 692 1776 spem
728 1717 813 1761 snam
846 1718 883 1763 aa
912 1697 1008 1763 fidem
1043 1706 1125 1764 tutus
1156 1721 1228 1765 een·

78 1800 216 1866 fidenter
239 1802 277 1864 de
301 1820 335 1865 se
359 1800 415 1864 ait:
440 1800 715 1880 singulariter
737 1821 819 1866 sum
844 1822 925 1885 ego,
949 1803 1075 1868 donea
1098 1811 1227 1869 trans-

78 1925 173 1969 eam.
219 1905 277 1969 soit
306 1904 435 1984 impiam
467 1924 545 1982 esse,
575 1917 609 1969 ut
631 1925 723 1986 supra
742 1906 943 1982 ostendimus,
967 1907 1225 1973 conbinationem.
1254 1932 1278 1972 ιο

78 2010 139 2074 deo
164 2014 270 2073 antem
302 2009 432 2086 deditus,
462 2007 553 2073 nullis
583 2007 652 2073 aliis
683 2009 785 2074 saculi
821 2011 952 2094 negotiis
983 2018 1150 2091 occupatus
1180 2026 1228 2078 est

78 2118 104 2178 st
129 2110 310 2196 singularis,
334 2113 432 2176 donee
456 2117 602 2177 transeat.
649 2114 770 2196 etquid
787 2120 834 2178 est
853 2114 937 2191 illud,
960 2116 1044 2198 quod
1068 2116 1227 2182 trauseat?

78 2214 233 2282 seandala
255 2215 372 2281 scilieet
394 2221 426 2281 et
447 2216 595 2281 retiacula
618 2221 648 2281 et
670 2215 806 2300 laqueos.
854 2224 884 2283 et
899 2238 959 2301 quo
975 2224 1119 2296 transeat,
1143 2239 1227 2303 qua-

78 2321 214 2387 rendum
237 2328 292 2384 est
337 2340 451 2400 nempe
475 2340 518 2399 eo,
543 2341 603 2403 quo
619 2321 734 2385 dietum
752 2328 814 2400 est;
838 2322 941 2387 fidelis
957 2323 1038 2386 enim
1055 2331 1086 2387 et
1101 2329 1226 2388 sanetus

78 2431 103 2490 et
127 2443 225 2489 uerus
242 2430 297 2502 est,
322 2425 374 2507 qui
390 2424 447 2488 ait:
472 2424 538 2506 qni
563 2430 695 2489 autem
719 2426 852 2490 eredit
873 2427 911 2489 in
936 2445 1003 2504 me,
1027 2447 1101 2491 non
1127 2428 1226 2492 indi·
1253 2456 1279 2493 ρο

78 2528 256 2604 rabitur,
291 2530 361 2592 sed
396 2528 574 2593 transiet
608 2531 654 2594 de
689 2536 815 2594 morte
848 2530 885 2593 in
917 2531 1050 2606 uitam,
1083 2532 1226 2596 dominns

78 2637 187 2697 noster
211 2631 299 2697 lesus
321 2630 472 2711 Christus,
497 2633 550 2715 qui
573 2639 620 2697 est
643 2634 824 2698 benedictus
847 2635 877 2698 iu
902 2635 1014 2700 saeula
1037 2634 1225 2701 saeculorum.

78 2757 180 2801 umen.

499 2890 683 2974 raptans
712 2892 815 2974 Clll

78 3028 332 3094 [ntelleetus
355 3029 494 3106 Dauid,
525 3050 610 3095 oum
640 3038 753 3096 esset
780 3034 818 3097 in
849 3032 1051 3113 spelunea,
1080 3035 1223 3100 oratio.
1253 3061 1278 3100 aa

125 3150 230 3216 Voee
264 3171 350 3215 mea
384 3153 431 3216 ad
466 3153 666 3216 dominum
702 3152 883 3231 alamani,
922 3175 1018 3219 uoce
1056 3175 1141 3220 mea
1178 3157 1225 3220 ad

78 3253 284 3320 nominum
308 3257 553 3336 deprecatus
576 3271 658 3321 snm
682 3263 713 3322 et
736 3256 860 3342 reliqua.

129 3377 153 3441 l.
176 3375 294 3442 Psalmi
346 3377 422 3442 ratio
475 3376 561 3442 titulo
607 3378 789 3458 continetur,
842 3379 898 3445 sed
951 3379 1081 3460 spiritali
1126 3381 1225 3464 potius

78 3494 176 3560 quem
199 3479 351 3562 eorporali
373 3480 600 3566 intellegentia3
635 3492 665 3547 et
697 3483 767 3548 ideo
801 3484 832 3547 in
863 3483 950 3549 titulo
980 3484 1224 3550 intellectus

78 3585 215 3649 oratio
243 3591 299 3650 est
345 3585 467 3650 namsi
491 3585 622 3667 simplex
656 3590 825 3652 seeundum
856 3587 958 3654 Dauid
992 3595 1081 3673 gesta
1114 3609 1224 3655 sensus
1253 3618 1279 3654 ao

128 3741 344 3809 amna

127 3879 291 3947 lquiequid
311 3880 337 3932 R
391 3883 419 3934 ll
442 3880 563 3948 captioni
591 3900 621 3934 ea
648 3882 774 3950 captione
801 3902 834 3936 m.
863 3884 924 3936 IR
979 3886 1011 3938 12
1029 3884 1160 3952 oportuni
1178 3884 1224 3938 Ra

85 3961 213 4024 macen.
230 3985 258 4037 p.
277 3965 316 4019 28
333 3968 514 4034 opportunis
569 3968 600 4021 13
619 3985 651 4022 aa
669 3987 699 4021 ea
717 3968 769 4022 hae
788 3970 813 4022 R
867 3973 900 4023 16
919 3975 933 4024 e
953 3975 981 4023 et
999 3970 1179 4039 singulariae
1196 3977 1224 4024 et

91 4050 230 4122 augularis
255 4054 280 4106 R
335 4056 367 4106 17
386 4058 415 4106 et
442 4053 508 4121 quid
536 4061 578 4108 est
604 4055 676 4108 illud
704 4057 777 4124 quod
804 4062 929 4110 transeat
953 4075 1002 4110 ona
1022 4058 1048 4110 R
1099 4058 1225 4126 Explioit

89 4139 545 4208 pomusC.xuinoipitcxa1n
597 4144 631 4194 27
646 4142 827 4210 depraecatus
843 4145 868 4196 R
920 4146 955 4198 28
970 4144 1069 4212 psalmi
1086 4145 1225 4213 Rpsalmi

88 4223 159 4282 huius
172 4229 199 4281 E
250 4226 299 4282 sed
318 4226 438 4294 spiritali
456 4227 547 4295 potius
558 4228 583 4280 R
592 4229 641 4282 sed
653 4229 745 4297 potius
759 4230 878 4299 spiritali
888 4231 917 4283 E
966 4231 1001 4285 30
1013 4231 1181 4285 saecundum
1191 4233 1223 4286 R.
