2790 4844
164 113 227 178 432
511 112 627 167 suncti
644 112 783 167 Hilarii
802 113 965 183 episcopi

165 324 291 385 semper
313 305 352 367 ad
377 311 504 386 peccata
525 302 691 368 referenda
713 312 769 381 est¹
791 324 900 369 uerum
923 305 1017 371 stiam
1040 307 1072 370 iu
1096 307 1147 372 dei
1163 305 1296 373 laudibus

165 407 374 492 intellegenda
398 417 453 471 est.
499 427 580 472 nunc
603 427 678 491 ergo
702 406 865 473 confitetur
887 410 946 474 deo
969 429 1063 493 super
1083 410 1199 477 iudicia
1221 411 1299 477 iusti·

164 511 344 579 ficationem
368 512 442 588 eius,
466 510 595 575 laudans
618 511 713 595 igitur
736 514 838 590 (teum,
862 515 944 596 quod
964 513 1040 578 nihil
1056 515 1116 579 nisi
1133 514 1164 578 in
1181 515 1300 581 iudicio-

164 638 235 682 rum
258 616 473 681 iustificatione
496 617 678 681 decreuerit.

127 758 139 793 ὁ
212 720 260 785 16.
284 721 430 804 Sequitur
453 720 582 785 deinde:
612 720 823 801 particeps
853 742 935 786 eum
968 740 1041 806 ego
1065 723 1242 788 omnium
1264 724 1303 788 ti·

166 826 360 890 mentium
377 832 415 890 te
431 832 468 889 et
487 825 814 891 custodientium
829 828 1019 892 mandata
1041 834 1116 892 tue.
1133 827 1304 910 apostolum

166 930 281 995 dixisse
311 929 528 994 meminimus:
563 929 795 1009 participes
831 928 989 995 Christi
1024 930 1128 996 sacti
1163 952 1304 998 sumus.

167 1037 222 1100 seri
246 1042 277 1099 et
300 1034 330 1097 in
355 1033 595 1117 quadragesimo
619 1041 728 1116 quarto
751 1033 871 1114 psalmo
895 1037 1046 1118 quosdam
1066 1035 1235 1118 participes
1256 1037 1303 1101 dei

167 1136 360 1222 significatos
383 1157 452 1202 esse
475 1138 684 1214 meminimus,
715 1158 786 1201 cum
822 1139 948 1204 dicitur:
982 1140 1098 1205 unxit
1127 1147 1167 1205 te
1202 1143 1305 1215 dens

115 1274 141 1312 ιο
168 1235 265 1309 deus
289 1249 380 1307 tuus
404 1241 535 1306 oleum
559 1240 832 1307 exultationis
862 1263 941 1323 prae
971 1251 1187 1310 consortes
1210 1253 1381 1310 tuos...-

167 1356 238 1413 sunt
261 1367 337 1430 ergo
361 1348 531 1410 seeundum
555 1345 725 1425 apostolum
749 1356 780 1411 et
803 1349 972 1420 secundum
995 1347 1183 1428 prophetam
1205 1347 1382 1429 plurem

168 1451 285 1518 domini
310 1450 404 1514 nostri
429 1449 500 1514 Iesu
517 1447 631 1514 Christi
647 1451 824 1534 participes.
870 1459 901 1516 et
916 1451 1071 1532 particeps
1087 1452 1161 1528 eius,
1177 1452 1381 1536 quiequez

168 1558 200 1621 in
222 1556 336 1621 iustitie
361 1564 474 1631 ruanet,
491 1555 563 1637 quia
586 1555 652 1634 ipse
675 1555 789 1620 iustitia
805 1562 864 1620 eet:
888 1555 1043 1639 particeps
1058 1556 1125 1621 sius
1141 1555 1209 1634 erit,
1225 1556 1380 1640 quie—-

169 1680 229 1744 que
251 1660 283 1723 in
307 1659 438 1723 ueritate
460 1658 605 1738 persistit,
629 1658 695 1740 ipse
719 1666 766 1724 est
788 1660 872 1723 enim
895 1660 1026 1725 ueritus:
1058 1667 1089 1725 et
1123 1659 1380 1743 quoquot:

117 1795 142 1830 rs
168 1765 303 1829 nouitate
325 1764 397 1827 uitae
420 1762 599 1838 ambutabit,
624 1762 682 1826 erit
705 1762 859 1843 particeps
875 1764 949 1840 eius,
973 1763 1045 1847 quia
1060 1764 1128 1844 ipse
1143 1771 1193 1829 est
1207 1783 1381 1828 resur—-

168 1868 272 1933 rectio.
319 1886 394 1951 ergo
428 1886 497 1931 cum
532 1867 610 1930 sciat
644 1864 794 1949 prophete
828 1866 932 1946 plures
967 1867 1017 1932 dei
1041 1888 1111 1933 esse
1133 1868 1381 1949 participem

168 1991 250 2037 nunc
273 1993 329 2052 per
351 1973 560 2036 uerecundum
584 1992 619 2035 ac
643 1973 817 2036 modestam
841 1974 880 2036 de
903 1991 938 2037 se
953 1971 1217 2053 praedicationem,
1239 1981 1383 2037 cur-1

169 2098 212 2153 se,
235 2077 308 2160 quio
331 2085 360 2141 et
383 2077 450 2160 ipse
474 2074 616 2140 Christus
640 2086 670 2140 et
694 2076 793 2141 sactus
816 2086 847 2140 et
869 2076 970 2141 dictus
993 2076 1041 2153 eit,
1058 2073 1176 2141 Christi
1199 2075 1382 2141 memi..-·

169 2182 250 2247 nerit
273 2201 342 2246 esse
365 2180 558 2264 participem,
582 2188 684 2245 tamen
710 2180 848 2243 omnium
872 2180 1049 2245 timentium
1079 2182 1175 2245 deum
1208 2180 1380 2262 potin)

118 2314 144 2351 so
170 2307 205 2351 se
227 2286 388 2350 consessus
412 2293 459 2349 eet
482 2305 550 2349 esse
574 2284 765 2364 participem.
811 2292 858 2348 eet
873 2291 976 2350 autern
993 2284 1088 2349 etiam
1103 2291 1178 2350 tunc
1200 2284 1380 2349 timon·

169 2391 245 2456 tium
269 2392 362 2453 deum
386 2388 548 2468 particeps,
571 2408 642 2452 cum
665 2388 850 2469 patientibus
869 2388 1052 2468 conpatitur,
1076 2408 1146 2453 cum
1163 2377 1375 2469 plorans-‘'-

171 2496 228 2559 hue
251 2492 417 2574 conploret,
447 2512 519 2556 cum
549 2499 708 2575 tamquam
740 2492 880 2557 eiusdem
910 2492 1048 2573 corporis
1078 2493 1256 2558 membrum
1276 2491 1371 2553 1.-11

171 2598 275 2664 dolore
292 2597 423 2662 membri
440 2595 565 2661 alterius
581 2595 672 2661 dolet.
716 2594 776 2661 hac
792 2597 886 2679 igitur
900 2596 1080 2676 passionum
1092 2596 1369 2662 communicas

171 2703 346 2769 timentium
367 2704 459 2765 deum
475 2701 628 2781 particeps
645 2700 687 2765 fit.
733 2709 871 2765 cetemm
887 2701 1027 2785 quisquis
1042 2721 1101 2781 per
1115 2699 1362 2766 insolentiam

120 2834 145 2871 ss
172 2828 259 2871 suam
276 2809 455 2870 credentem
479 2806 510 2868 in
528 2804 651 2870 Christo
667 2811 698 2869 et
721 2807 917 2884 redemptum
936 2826 955 2869 a
971 2802 1095 2870 Christo
1118 2806 1356 2887 dedignatur,

215 2981 333 3034 tuear.
353 2981 399 3046 111,
420 2983 460 3032 14.
495 2979 573 3032 eus.
593 2979 704 3042 xnrrn,
723 2982 748 3032 e.

216 3129 398 3199 Bluudstt'pb
451 3127 920 3197 fiperticepssrpartioipesm.2V
969 3129 1081 3183 Gtecm.
1095 3128 1263 3197 Vsedcmin.
1295 3110 1337 3169 19

172 3215 311 3285 spostolus
344 3214 378 3268 V¹
448 3218 464 3268 7
491 3215 666 3269 meminimus
694 3234 723 3269 es
748 3216 880 3269 minimus
907 3234 939 3267 m.
968 3216 984 3266 1
1008 3214 1032 3267 V
1099 3215 1236 3282 particeps
1259 3195 1330 3272 (θ’

172 3306 189 3358 8
213 3310 241 3359 et
259 3321 306 3356 ore.
332 3303 355 3355 V
406 3302 539 3369 quosdam
562 3301 701 3371 particeps
721 3303 744 3354 C
793 3305 810 3355 9
834 3300 1049 3371 significetuss'
1100 3301 1212 3355 100120
1236 3284 1322 3352 stuf

172 3391 286 3444 tationis
315 3391 367 3460 (pe
393 3390 454 3442 oleo
482 3389 605 3443 loetitiae
632 3389 673 3441 lib
734 3405 800 3458 pree
827 3389 1000 3443 consortibus
1028 3387 1085 3442 tuis
1113 3387 1192 3442 Rca'
1215 3386 1314 3452 (W

173 3479 348 3540 ἀγαλλιάσεως
367 3481 444 3545 παρὰ
462 3479 524 3532 τοὺς
546 3475 673 3539 μετόχους
696 3486 744 3527 σου
762 3476 853 3540 LXX)
908 3477 941 3529 12
960 3475 1015 3529 erit
1031 3475 1066 3528 ui’
1085 3472 1152 3540 (erit
1169 3477 1197 3527 in
1214 3467 1307 3534 ruth?

173 3565 231 3618 eius
244 3565 335 3617 eritE
386 3564 531 3632 quisquam
547 3564 573 3617 R
585 3563 780 3632 quisquieecf.
793 3564 874 3615 sicud.
882 3581 911 3633 p.
924 3560 962 3616 29
1016 3563 1049 3616 13
1061 3561 1090 3615 iu
1102 3552 1300 3616 iustitium&

174 3651 283 3704 —cius
314 3651 365 3704 erit
394 3651 511 3718 quisque
538 3652 563 3702 in
592 3668 674 3718 erare.
703 3650 779 3719 inser.
807 3651 866 3702 cdd.
889 3649 915 3702 V
963 3655 992 3702 et
1018 3649 1161 3718 particeps
1180 3649 1207 3702 E
1253 3645 1295 3700 stu

174 3756 222 3791 om.
237 3757 258 3808 p
312 3738 436 3806 quisquis
456 3739 493 3790 Rs
547 3741 579 3790 14
597 3738 722 3806 quisquis
740 3737 777 3790 Re
832 3739 864 3790 17
881 3752 933 3805 per
950 3755 1021 3807 supr.
1039 3736 1129 3790 scau
1181 3737 1216 3789 20
1232 3732 1296 3791 eflffl

173 3846 233 3895 tum
258 3842 363 3896 Vtunc
385 3841 468 3895 etiam
487 3843 500 3893 b
519 3847 585 3895 tunc
606 3845 639 3894 (fe
691 3844 722 3895 21
743 3822 981 3911 obpetiantibusC
1031 3856 1083 3894 con
1102 3838 1300 3911 plorantibusC

173 3927 368 3982 2211111010τέ
388 3928 602 3982 hinnulorum
627 3929 651 3981 V
699 3929 733 3982 23
751 3928 804 3981 hac
830 3947 860 3981 cx
886 3943 919 3982 uu
945 3947 978 3982 m.
1006 3926 1026 3980 2
1049 3928 1074 3981 V
1125 3930 1161 3983 24
1179 3928 1301 3997 particeps

174 4015 211 4068 sit
235 4014 271 4068 Vt
324 4016 358 4069 25
376 4014 535 4069 credentem
563 4016 591 4067 in
619 4015 759 4068 Christum
783 4016 819 4086 pb
872 4019 960 4083 expo
984 4015 1040 4068 Va
1059 4014 1094 4069 du
1114 4016 1141 4068 R
1161 4016 1192 4070 in
1211 4014 1304 4072 Christe

171 4100 255 4172 rus).
