2790 4844
338 263 521 312 tractatus
540 259 574 311 in
593 258 760 326 psalmum
781 257 926 312 cxxxvi.
1141 258 1205 324 727

61 449 286 532 Babylonis
320 446 411 513 illic
445 447 626 512 sedimus
660 453 698 512 ct
731 445 933 526 slenimus,
957 467 1042 513 cum
1076 468 1203 514 reeor-

58 554 249 619 daromur
273 553 376 618 Sion.
421 552 459 616 in
485 549 688 616 salicibus
711 552 749 615 in
772 552 905 616 medio
932 552 1017 616 eius
1041 572 1204 634 suspen-

59 660 192 723 dimus
216 677 368 742 organa
391 664 539 721 nostra.

104 761 133 826 6.
158 761 230 839 llos,
253 761 306 845 qui
329 762 499 826 seeundum
515 758 652 826 litteram
672 759 884 843 intellegenda
900 761 1004 825 omnia
1019 761 1205 838 existimant,

57 870 251 951 interrogare
273 864 396 941 uellem,
427 884 496 948 quus
530 864 660 929 flumina
682 861 886 948 Babyloniam
917 871 1143 948 praetermeant,
1173 875 1206 930 ut
1245 890 1258 927 a

57 971 122 1037 illic
146 976 254 1052 captus
276 969 408 1052 populus
431 969 605 1034 consederit
628 975 741 1033 utnon
764 969 865 1050 potius
888 970 993 1034 autin
1020 967 1130 1050 plateis
1152 977 1206 1034 aut

58 1077 91 1140 in
114 1076 211 1156 portis
241 1081 293 1138 aut
321 1075 353 1138 in
384 1074 518 1138 turribus
548 1081 600 1138 aut
633 1074 664 1137 in
699 1073 843 1138 domibus
873 1073 1084 1157 captiuitatem
1117 1093 1203 1138 suam

56 1179 203 1245 deuenit?
224 1179 337 1243 deinde
360 1198 432 1243 cum
455 1177 567 1261 quibus
590 1178 747 1260 tympanis
778 1182 830 1242 aut
852 1176 981 1242 citharis
1003 1188 1056 1241 aut
1078 1178 1205 1260 organis

58 1290 168 1367 captus
192 1283 239 1360 sit
270 1301 338 1365 quae
369 1281 498 1346 historia
527 1281 609 1347 istud
644 1280 743 1346 locuta
778 1282 826 1359 sit,
861 1301 930 1346 cum
968 1283 1052 1347 ornni
1086 1282 1205 1346 musico

58 1393 208 1468 apparatu
224 1384 397 1451 Israhelem
421 1384 588 1450 uictoribus
611 1386 771 1451 seruisse?
792 1391 950 1466 postremo
966 1391 1035 1469 quse
1054 1405 1203 1469 umquam
1234 1409 1257 1446 ιο

59 1491 170 1557 salices
192 1491 224 1555 in
249 1489 353 1555 media
374 1489 451 1555 urbe
474 1488 675 1566 fronduerint
699 1495 733 1554 ut
755 1488 817 1554 illie
845 1494 1005 1572 tamquam
1028 1490 1059 1554 in
1081 1489 1205 1572 publica

59 1596 249 1660 musicorum
273 1594 425 1676 apotheca
447 1613 563 1678 organa
582 1613 732 1675 suspensa
747 1592 942 1675 ponderent?
965 1613 1033 1677 quse
1050 1595 1076 1659 si
1099 1595 1206 1659 omnia

58 1701 157 1785 gestis
180 1700 374 1783 negotiorum
397 1697 603 1779 corporalium
633 1699 736 1763 inania
767 1704 846 1776 sunt,
877 1698 1036 1782 sequenda
1065 1718 1102 1762 ea
1129 1699 1206 1763 ratio

59 1813 115 1882 est
139 1823 208 1888 quae
231 1824 268 1868 er
284 1802 471 1885 propheticis
487 1802 719 1867 auetoritatibus
734 1802 773 1866 ad
789 1800 957 1882 spiritalem
973 1822 1029 1867 nos
1044 1803 1204 1868 scientiam

58 1906 248 1974 cohortatur.
293 1907 369 1972 flent
391 1926 506 1984 ornnes,
537 1907 588 1990 qui
620 1927 653 1971 se
684 1911 791 1986 captos
814 1906 844 1969 in
870 1904 1040 1989 Babylonia
1062 1908 1205 1987 sentiunt,
1233 1930 1258 1967 a

59 2018 89 2077 et
124 2011 235 2077 sedent
268 2031 362 2092 super
399 2011 535 2075 flumina.
582 2011 686 2076 omnia
721 2011 803 2075 enim
838 2010 943 2076 saeculi
977 2017 1009 2076 et
1042 2030 1206 2093 corporum

58 2137 154 2198 opera
188 2117 279 2180 modo
312 2115 473 2180 fluminum
504 2116 571 2180 sine
601 2113 704 2198 aliqua
727 2134 832 2180 cursus
855 2116 902 2180 sui
926 2116 1056 2180 statione
1078 2122 1206 2197 praetcr-

58 2220 174 2299 fluunt;
197 2227 325 2285 currunt
347 2238 484 2303 namque
508 2227 538 2284 et
560 2218 724 2283 elabuntur
754 2224 784 2289 et
814 2223 982 2284 transeunt.
1030 2239 1098 2303 quau
1121 2221 1205 2284 enim

58 2323 229 2407 corporalis
246 2323 386 2404 uoluptas
402 2343 463 2388 non
480 2323 713 2407 praeterita-iam
730 2321 814 2388 nulla
829 2323 899 2388 est?
942 2325 1023 2406 quod
1049 2331 1205 2390 terrenum

57 2429 210 2516 gaudium
244 2449 303 2492 non
338 2448 408 2494 cum
442 2429 510 2509 ipso
545 2427 675 2512 fugitiuo
705 2447 798 2493 sensu
833 2428 995 2509 praesentis
1017 2427 1135 2493 fructus
1158 2428 1204 2493 sui
1233 2449 1257 2485 ao

57 2532 192 2598 transit?
236 2552 329 2614 super
361 2531 429 2597 haee
467 2532 562 2616 igitur
598 2529 792 2597 saecularinm
829 2531 1039 2613 captiuitatum
1078 2531 1207 2597 flumina

58 2638 205 2704 sedentes
229 2643 259 2702 et
281 2636 390 2702 tientes
413 2637 453 2700 ud
476 2636 722 2701 recordationem
747 2633 818 2700 Sion
843 2637 1025 2702 amissomm
1050 2636 1204 2702 desiderio

57 2748 89 2808 et
114 2741 313 2823 praesentium
338 2739 511 2806 calamitate
534 2741 760 2825 ingemescunt.

103 2847 131 2911 7.
156 2845 269 2930 Neque
293 2844 392 2910 solum
415 2847 526 2910 sedent
548 2850 640 2929 atque
664 2845 747 2924 flent,
771 2844 826 2911 sed
850 2846 942 2909 ctiam
965 2846 997 2909 in
1020 2846 1122 2910 medio
1138 2846 1204 2910 eius

58 2971 178 3035 organa
201 2971 257 3015 sna
279 2950 310 3014 in
333 2949 478 3014 salicibus
508 2949 709 3030 suspendunt.
755 2944 909 3034 lignorum
940 2948 1067 3014 salicum
1097 2955 1207 3013 natura
1233 2966 1259 3004 aa

60 3075 97 3120 ea
121 3061 177 3124 est.
201 3063 235 3120 ut
256 3053 393 3120 arelacta
415 3053 494 3132 licet,
528 3055 554 3118 si
586 3054 678 3118 modo
712 3054 801 3138 aquis
836 3052 1006 3132 adluantur,
1041 3054 1206 3132 uireseant,

61 3159 175 3224 deinde
191 3159 294 3224 excisa
309 3165 402 3242 atque
416 3159 447 3223 in
464 3157 592 3222 humido
603 3157 664 3222 lina
680 3157 836 3224 radicibus
848 3177 918 3222 seso
929 3157 998 3239 ipsa
1013 3157 1205 3241 demergant.

58 3270 92 3328 et
125 3264 183 3329 sub
214 3263 305 3328 huius
334 3262 452 3327 arboris
483 3268 592 3326 natura
614 3267 735 3327 sanctos
759 3269 790 3327 st
811 3260 919 3327 fideles
942 3260 1110 3343 significari
1135 3281 1206 3344 pro-

59 3366 186 3448 phetica
220 3366 386 3433 auctoritas
431 3373 477 3431 est
516 3365 610 3430 llsaia
642 3366 779 3432 dicente:
818 3366 1062 3443 exorientur,
1100 3366 1207 3449 inquit,

103 3509 138 3562 29
155 3505 232 3561 Emi.
250 3505 348 3574 XLIV,
365 3509 391 3561 4.

107 3627 269 3684 lillioRE
284 3627 324 3682 ibi
337 3627 388 3681 PT
437 3627 779 3682 fleuimusexflebimusP
827 3626 1014 3682 boenscderit
1023 3627 1077 3680 RE
1086 3626 1207 3681 estiterit

62 3714 113 3768 Η*
163 3714 331 3770 8ilencrint
355 3715 381 3768 P
433 3715 556 3784 cytharis
585 3716 610 3768 R
662 3714 772 3768 bistud
799 3715 825 3768 R
851 3714 906 3768 ista
933 3713 998 3767 PTb
1024 3714 1079 3767 ista
1105 3712 1208 3768 illude

62 3802 309 3872 scoppanum?
362 3803 394 3856 la
412 3802 565 3872 penderent
578 3801 696 3855 RTP’E
710 3801 860 3870 penderint
872 3800 909 3854 P¹
965 3803 997 3856 lb
1015 3799 1210 3855 cohortantP

63 3890 90 3943 in
107 3889 286 3958 babyloniam
305 3889 331 3942 T
377 3883 416 3944 '19
433 3890 563 3958 uoluptas
588 3889 669 3943 RTE
694 3888 821 3943 noluntas
841 3889 867 3940 P
916 3888 1050 3956 praeterit
1077 3894 1125 3942 sut
1152 3889 1207 3942 iam

63 3977 234 4030 messmam
286 3976 323 4030 ‘ab
340 3975 460 4046 fugitiuo
478 3975 558 4029 PTE
573 3975 678 4029 furtiuo
696 3976 722 4028 R
774 3977 806 4029 21
828 3975 915 4044 igitur
933 3993 980 4028 om.
1000 3973 1025 4024 R
1076 3977 1111 4030 ss
1129 3975 1206 4045 iuge·

62 4067 189 4119 suescunt
207 4062 234 4117 R
251 4061 439 4132 ingemiscunt
458 4063 536 4115 ΡΓΕ
586 4066 621 4118 ‘26
639 4079 672 4116 ea
689 4080 738 4115 om.
756 4063 783 4116 R
834 4062 985 4116 adluantur
999 4062 1040 4115 Ro
1058 4062 1208 4117 abluantur

62 4151 111 4205 ln
122 4149 173 4219 (cs.
183 4150 416 4204 Drulaeaborcllud
422 4149 588 4218 LiuXXVI,
599 4149 644 4218 ul,
656 4149 702 4215 ΙΙ)
716 4149 826 4204 allnddo
838 4148 973 4203 alantnre
1025 4151 1059 4204 27
1077 4149 1172 4203 umido
1182 4149 1208 4202 R

57 4241 90 4294 99
109 4237 186 4292 eseia
205 4236 232 4290 G
250 4235 318 4291 isaia
336 4236 362 4289 T
413 4238 538 4290 exorient
558 4237 590 4291 R.
