2790 4844
386 273 567 321 tractatus
592 268 626 320 iu
652 268 822 335 pisulmum
848 270 882 322 ΙΙ,
1166 271 1206 333 47

54 461 123 537 ipse
148 457 206 522 sibi
242 459 347 521 onmia
381 464 436 533 est,
471 478 580 521 cruens
614 458 698 521 omni
730 459 939 523 demutatione
970 461 1122 538 nouitatis
1154 463 1208 543 qui

53 561 135 624 nihil
158 560 250 638 aliud,
275 560 357 644 quod
379 562 410 625 in
436 582 470 625 se
494 571 598 641 posset
621 562 767 640 incidere,
799 583 854 643 per
884 563 925 639 id,
949 564 1032 646 qnod
1054 565 1121 644 ipse
1145 565 1205 629 sibi

53 676 156 729 uuum
180 672 260 728 totus
285 673 340 742 est,
362 665 494 747 reliquit.

101 768 153 832 14.
178 767 226 850 Eu
251 768 340 833 huius
364 770 457 852 igitur
481 770 596 850 optimo
620 790 656 833 ae
673 768 813 834 beniuolo
829 771 1019 836 beatitudine
1036 792 1092 851 per
1108 772 1205 836 domi·

55 894 134 936 uum
157 880 298 937 nostrum
326 873 432 938 lesum
455 872 614 938 Christum
638 877 782 954 prot'eetae
805 894 914 939 omnes
942 881 1014 938 sunt
1035 875 1203 939 caelestium
1232 908 1244 943 e

54 987 85 1040 et
112 976 311 1041 inuisibilium
337 979 517 1052 creationes,
549 976 733 1058 spiritalium
757 985 788 1042 et
821 976 1024 1059 corporalium
1060 980 1204 1043 constitu-

18 1105 24 1113 ·
56 1082 169 1156 tiones,
194 1101 253 1144 non
282 1087 316 1145 ut
339 1082 509 1162 profectum
533 1081 593 1146 sibi
616 1081 751 1164 aliquem
776 1101 814 1145 ex
836 1081 895 1160 hie,
919 1081 1030 1164 quibus
1053 1082 1204 1166 originem

55 1185 254 1265 inpediebat,
267 1186 454 1268 adquireret.
478 1206 580 1269 neque
592 1187 674 1250 enim
692 1186 857 1269 quisquam
874 1207 910 1250 eo
925 1186 1054 1270 indiget,
1070 1187 1152 1269 quod
1169 1208 1206 1250 ex

54 1310 88 1352 se
123 1289 238 1365 tribuit,
268 1299 321 1354 ant
343 1309 399 1370 per
429 1291 460 1354 id
484 1289 612 1370 proficit,
637 1291 685 1354 cui
709 1293 748 1354 ad
772 1290 811 1368 id,
834 1290 916 1373 quod
940 1299 999 1371 est,
1023 1297 1127 1354 auctor
1151 1297 1205 1355 est.

53 1394 211 1456 exteriora
222 1402 327 1458 autem
340 1402 418 1470 sunt,
431 1414 500 1477 quae
512 1395 655 1459 adserunt
665 1392 855 1475 profectum3
875 1395 946 1476 quio
959 1415 1002 1471 ea,
1014 1414 1083 1476 quen
1094 1395 1204 1474 inopiae

55 1499 232 1572 medentur,
248 1498 348 1563 aliena
364 1506 443 1561 sunt.
459 1498 535 1563 deus
550 1499 652 1583 igitur,
670 1520 707 1563 eu
723 1519 783 1581 quo
798 1499 902 1562 cronia
914 1505 992 1572 sunt,
1005 1497 1086 1561 nullo
1099 1518 1204 1562 eorum

56 1600 191 1685 indiget,
227 1603 339 1684 quibus
362 1602 393 1665 id
418 1603 500 1684 quod
523 1609 594 1666 sunt
616 1623 685 1666 esse
709 1603 837 1686 largitus
861 1607 922 1666 est:
946 1602 1050 1666 omnia
1071 1622 1144 1666 uero
1166 1602 1205 1666 ad

55 1704 231 1781 profectum
256 1726 372 1782 eorum,
396 1727 464 1788 quan
488 1707 698 1790 gignerentur,
722 1707 846 1770 creauit.
871 1713 901 1770 et
924 1707 995 1788 quia
1018 1704 1129 1789 longos
1148 1707 1204 1770 erit

55 1828 179 1880 sermo,
209 1810 235 1872 si
266 1810 360 1873 etiam
393 1811 432 1874 de
462 1809 635 1876 caelestibus
666 1817 697 1875 et
733 1809 937 1874 inuisibilibus
967 1809 1136 1887 inchoetur,
1167 1830 1204 1872 ex

58 1912 148 1975 naon
173 1913 257 1992 ipsis,
280 1914 321 1977 ad
344 1933 421 1996 quos
439 1913 609 1994 prophetia
632 1913 769 1995 psalmus
793 1922 848 1989 cst,
872 1920 1048 1977 tractemus.

109 2033 157 2096 15.
181 2032 358 2112 Hominem,
381 2054 440 2098 non
465 2036 548 2118 quod
569 2035 671 2099 officio
695 2036 760 2100 eius
784 2037 814 2099 in
838 2033 939 2118 aliquo
969 2036 1096 2119 eguerit,
1119 2035 1205 2099 insti-

64 2137 130 2212 tuit,
152 2137 215 2214 sed
238 2139 311 2221 quia
334 2137 433 2202 bonus
457 2145 512 2216 est,
536 2140 719 2220 participem
750 2140 950 2204 beatitudinis
981 2158 1044 2202 sua
1067 2138 1205 2202 condidit

66 2250 94 2299 ot
121 2240 261 2306 rationale
296 2241 411 2305 animal
445 2243 476 2306 iu
511 2263 601 2307 usum
636 2242 804 2327 largienda
835 2244 1015 2307 aeternitatis
1049 2263 1112 2306 sum
1141 2243 1203 2306 uita

69 2360 216 2426 sensuque
239 2347 385 2426 perfecit3
409 2354 440 2411 et
463 2346 520 2411 hoc
545 2348 701 2428 exipsius
733 2348 823 2412 dictis
847 2346 985 2411 absolute
1008 2345 1197 2430 intellegitur

74 2446 113 2506 ait
136 2449 225 2512 enim:
249 2451 321 2515 sed
343 2470 445 2514 nnnc
469 2450 640 2528 Israhel,
664 2452 758 2534 quid
784 2453 968 2516 dominus
992 2451 1089 2514 deus
1113 2457 1203 2514 tuus
1231 2486 1255 2513 «ι

79 2552 200 2624 posuit
220 2576 236 2617 a
259 2564 306 2631 te,
331 2556 411 2619 nisi
434 2563 475 2618 ut
498 2557 643 2620 timeas
667 2557 868 2619 dominum
893 2557 1008 2620 deum
1032 2562 1139 2618 tuum
1166 2562 1201 2617 et
1261 2543 1264 2548 ⁵

82 2652 243 2722 ambules
278 2659 317 2722 in
353 2659 539 2723 omnibus
562 2661 641 2724 uiis
676 2660 764 2724 eius
799 2667 837 2724 ot
871 2659 1024 2742 diligas
1057 2678 1142 2721 eum
1166 2665 1203 2721 et

86 2759 222 2825 seruies
255 2763 417 2827 domino
452 2763 522 2827 deo
558 2771 621 2827 tuo
656 2783 700 2827 ex
734 2756 969 2827 totocorde
1000 2770 1064 2826 tuo
1099 2769 1137 2826 ct
1161 2782 1203 2825 ex

89 2866 298 2929 totaauima
322 2875 389 2930 tua
413 2875 451 2930 et
474 2868 686 2931 custodias
720 2873 925 2948 pi·rnce.pta
957 2866 1109 2930 domini
1141 2865 1203 2930 dei

92 2960 139 3021 tui
157 2974 186 3028 ot
206 2970 534 3035 iustificationes
558 2972 654 3049 ciue,
678 2992 761 3054 quan
785 2991 858 3055 ego
890 2971 1083 3051 praecipio
1118 2970 1203 3048 tibi,
1232 3010 1236 3020 «

95 3075 124 3122 ¹¹¹
150 3065 231 3136 lieno
261 3076 314 3138 sit
346 3074 447 3141 tibi?
476 3074 592 3139 nullum
616 3097 634 3138 a
657 3076 753 3145 nobis.
786 3077 843 3139 nisi
875 3076 1057 3139 innocentiae
1081 3080 1112 3138 et
1134 3073 1204 3138 reli·

131 3256 289 3332 tlbeuth,
309 3267 341 3317 12
361 3282 402 3332 sq.

133 3425 245 3490 lateres
259 3439 471 3491 earuutm.2V
533 3441 745 3493 dtotumom.lt
797 3440 917 3506 reliquid
928 3441 952 3492 n
1022 3437 1202 3493 4beneuoloe

102 3507 238 3576 lutralt
307 3524 453 3594 Sindiget
470 3544 500 3578 er
517 3525 623 3579 iudicet
641 3546 674 3578 m.
700 3526 721 3578 :t
747 3528 773 3579 R
844 3529 876 3580 10
903 3526 1057 3594 protectum
1084 3544 1115 3579 er
1140 3541 1203 3592 pro·

102 3594 170 3655 tecum
185 3610 249 3663 m?
273 3612 295 3664 V
347 3612 413 3679 quia
431 3629 464 3665 ea
486 3640 521 3650 -
544 3613 699 3681 profectum
718 3632 766 3667 om.
791 3614 814 3666 l'
883 3617 913 3666 ll
933 3613 1011 3666 nulla
1028 3632 1058 3666 er
1081 3611 1160 3665 nullu
1180 3611 1204 3660 B

106 3696 127 3747 ¹³
150 3707 281 3778 amentur
304 3733 336 3766 ex
359 3713 503 3784 tigneutur
539 3734 571 3768 m.
604 3715 624 3767 2
656 3716 681 3768 V
750 3719 783 3769 14
816 3681 958 3770 incohatur
984 3734 1051 3769 corr.
1079 3735 1111 3768 ru.
1140 3718 1159 3768 2
1182 3717 1205 3769 V

106 3800 259 3895 linones
275 3816 407 3886 (profetis
440 3817 472 3883 in
500 3818 600 3886 ptumi
623 3819 657 3871 u
711 3822 744 3873 u
771 3819 819 3873 seu
845 3794 985 3888 ,utam
1012 3820 1083 3873 aa
1110 3821 1133 3871 r
1155 3820 1203 3874 aa

106 3902 138 3947 lm
156 3894 185 3949 Re
229 3903 352 3957 condidit
378 3923 409 3957 ex
435 3904 531 3958 condit
554 3923 586 3957 ru.
607 3904 626 3956 2
649 3906 672 3957 V
731 3908 764 3958 18
790 3923 855 3960 suae
883 3907 1056 3961 aeternitatis
1079 3928 1090 3957 a
1145 3907 1204 3960 uite

106 3985 216 4061 Quae
252 3991 297 4044 VR
323 3991 400 4045 uiue
435 4008 585 4059 sensusque
612 4012 630 4042 α
714 3994 746 4045 19
782 3994 907 4048 absolute
944 4013 974 4047 er
1001 3994 1142 4048 absolutae
1180 3994 1204 4042 lt

107 4061 242 4136 iuungam
278 4096 309 4130 ea
343 4077 524 4147 intellegatur
552 4097 585 4131 m.
613 4078 632 4130 ¹.)
661 4079 686 4131 V
769 4082 804 4133 20
831 4087 859 4134 et
886 4098 990 4134 nunna
1061 4083 1157 4134 istrael
1184 4083 1206 4133 l'

107 4141 200 4285 {gam
219 4164 306 4218 mima
332 4169 382 4218 tut
407 4176 430 4217 et
456 4170 485 4219 et
511 4166 650 4220 custodias
678 4169 738 4220 add.
766 4187 790 4219 e:
819 4174 847 4222 et
874 4184 909 4221 ex
935 4173 995 4221 tota
1023 4168 1128 4221 uirtute
1154 4174 1203 4221 tua

171 4255 228 4298 ΝΜ.
245 4251 299 4305 RE.
