2790 4844
442 255 622 305 tractatus
647 252 676 304 in
695 252 865 319 psaimum
890 249 1015 304 LXVIII.
1238 249 1297 316 323

135 449 244 508 etex
275 441 405 506 mortuis
434 440 622 506 excitaturus
652 446 725 518 arat,
756 439 886 517 fleuerit,
916 440 1018 504 omnis
1049 440 1116 520 ipse
1147 440 1301 526 euangelii

131 562 256 612 sermo
281 544 428 610 declarat.
473 546 530 610 sed
560 564 632 609 eum
656 543 886 609 resurrectionis
909 543 1004 609 fidem
1027 543 1145 608 nnllam
1169 544 1302 610 suturam

131 648 172 716 in
199 653 278 732 ipso
302 648 536 714 resurrectionis
559 668 651 728 opere
674 647 820 725 dedisset,
843 647 933 712 fletus
964 647 1030 713 eius
1060 648 1092 712 in
1123 648 1302 729 parabolam

129 755 295 834 profecit,
329 758 362 818 nt
384 760 415 818 et
438 761 504 817 tum
527 753 736 817 docimentum
759 752 873 816 amoris
895 753 942 816 sui
966 753 997 816 in
1021 751 1170 818 Lazarum
1200 754 1303 820 flendo

128 861 254 927 dictus
279 858 321 923 sit
344 857 513 938 prebuisse
536 864 567 922 et
584 856 774 939 aplerisque
790 855 892 933 bodie,
917 857 989 938 quie
1004 856 1132 935 fleuerit,
1156 866 1304 943 arguatur

125 965 307 1030 infirmus.
352 961 383 1025 in
418 961 513 1025 ebriis
547 967 649 1025 autem
683 958 887 1040 psallentibus
922 964 952 1024 et
986 958 1044 1036 his,
1080 961 1130 1044 qni
1163 961 1193 1025 in
1216 968 1304 1043 porta

127 1070 310 1144 sederent,
334 1063 568 1130 detrahentibus
591 1065 730 1129 omnium
755 1063 846 1129 etiarn
870 1063 1064 1128 infirmorum
1087 1065 1118 1129 in
1143 1086 1211 1131 eum
1232 1086 1302 1132 con-

127 1168 291 1237 tumeliae
314 1189 369 1250 per
391 1168 473 1234 hanc
496 1168 750 1234 consuetudinem
774 1167 859 1252 uulgi
890 1168 1047 1234 docentur.
1093 1171 1171 1234 adeo
1202 1181 1304 1236 antem

128 1275 273 1342 nullum
308 1293 408 1359 genus
442 1272 602 1337 hominum
637 1274 676 1337 de
711 1292 746 1336 eo
781 1273 913 1337 tacuisse
947 1272 1145 1338 manifestum
1182 1279 1237 1347 est,
1272 1281 1305 1339 nt

129 1377 311 1459 Cleopbes
346 1377 384 1455 ei,
419 1376 471 1461 qui
505 1385 664 1460 tamquam
698 1396 801 1440 rerum
834 1377 961 1461 ignarus
996 1397 1119 1442 cansam
1151 1378 1304 1442 sermonis
1332 1407 1357 1444 ιο

130 1487 371 1568 interrogaret,
387 1481 585 1561 respondisse
600 1481 643 1544 ita
670 1480 835 1545 scribatur:
860 1489 898 1544 tn
922 1480 1031 1545 solus
1054 1482 1304 1566 peregrinus

133 1608 189 1654 es
215 1587 259 1650 in
277 1583 538 1650 Hierusalem
561 1592 599 1650 at
622 1604 696 1649 non
719 1584 964 1666 cognonisti,
981 1585 1190 1668 quaesaeta
1212 1594 1306 1651 sunt

132 1694 187 1757 in
215 1709 265 1755 ea
288 1689 326 1752 in
351 1688 497 1754 diebus
521 1686 608 1753 bis?
653 1700 759 1768 stupor
782 1689 865 1752 enim
882 1696 928 1754 est
944 1689 983 1754 de
1000 1689 1193 1773 ignoratione
1216 1689 1306 1754 unius

135 1798 183 1861 in
210 1792 391 1877 cognitione
413 1793 635 1858 uniuersorum.

204 1897 252 1962 13.
277 1897 340 1962 Sed
363 1897 443 1962 inter
465 1896 523 1961 has
546 1897 681 1961 omnium
706 1897 744 1960 de
767 1916 800 1960 se
824 1904 854 1961 et
881 1898 1120 1962 obtrectationes
1145 1903 1176 1963 et
1198 1903 1304 1962 contu·
1334 1927 1359 1964 n

132 1999 267 2066 malias
301 2000 446 2066 hnmanae
480 2000 587 2065 salutis
621 2011 814 2065 sacramenta
848 2001 1034 2084 peragebat;
1070 2009 1101 2066 et
1135 2000 1307 2067 salntema

130 2107 220 2170 deo
242 2104 369 2182 homini,
392 2124 484 2189 quem
508 2106 731 2184 adsumpserat,
755 2105 947 2184 deprecatur.
993 2104 1025 2167 id
1048 2105 1132 2169 enirn
1156 2105 1305 2187 sequitur:

129 2229 162 2271 e
179 2229 344 2291 gonaro
367 2210 555 2274 oratione
579 2229 661 2273 mea
683 2209 730 2272 ed
753 2214 799 2286 te,
816 2208 1168 2290 domine;tempns
1192 2209 1307 2274 bene·

127 2309 319 2392 placiti,
354 2313 468 2378 dens!
514 2314 550 2376 in
589 2312 857 2377 multitudine
895 2312 1195 2378 misericordia
1234 2317 1306 2376 tnae

128 2417 304 2481 exaudi
339 2436 406 2493 ma,
440 2415 478 2478 in
514 2416 692 2482 ueritate
727 2415 876 2480 salutis
900 2435 999 2480 meae.
1045 2415 1158 2496 eripe
1181 2435 1237 2480 rne
1260 2416 1306 2480 de
1334 2444 1360 2483 so

129 2508 254 2598 luto,
287 2519 345 2585 nti
369 2540 445 2584 non
469 2519 650 2598 haeream,
683 2518 875 2585 etlibera
909 2540 952 2584 ex
982 2517 1219 2584 odientibus
1250 2539 1307 2582 me

134 2624 492 2705 eteeprofundo
527 2643 727 2708 aquarum.
773 2643 846 2688 non
882 2644 937 2689 ine
972 2624 1184 2707 demergat
1218 2629 1308 2687 tem·

139 2730 176 2788 t>
195 2733 301 2793 estas
324 2747 444 2812 aquas,
467 2748 595 2812 neque
626 2728 846 2793 absorbeat
879 2748 937 2793 me
970 2727 1225 2809 profundum,
1248 2745 1308 2790 ne·

146 2830 242 2898 <lue
261 2833 476 2897 contineat
499 2840 644 2912 putens
668 2852 789 2912 super
817 2853 875 2898 me
907 2852 950 2897 os
974 2852 1093 2897 snum.
1140 2829 1252 2896 ceteris
1275 2829 1306 2893 in

153 2934 364 3002 thnmeiias
387 2942 417 3001 et
439 2937 602 3016 opprobria
626 2937 691 3001 eins
726 2936 851 3000 intentis
886 2937 952 3016 ipse
983 2936 1119 3001 oratione
1151 2955 1205 3000 sua
1227 2939 1307 2998 totus
1335 2963 1361 3002 aa

162 3031 214 3096 &d
226 3038 309 3104 deum
325 3046 387 3106 ast:
411 3047 570 3120 susceptas
590 3039 714 3124 quidem
730 3039 925 3105 infirmitates
942 3044 1065 3104 nostras
1080 3040 1112 3103 in
1129 3059 1163 3104 se
1180 3038 1308 3112 habens,

219 3196 242 3248 ll
260 3197 325 3251 Luc.
345 3197 443 3263 XXIV,
464 3200 505 3251 18.

219 3317 384 3373 lexciturns
409 3316 443 3372 Γι
496 3319 579 3372 baed
598 3336 660 3372 eum
685 3318 759 3384 (eum
778 3320 837 3371 cdd.
863 3337 894 3371 m.
915 3316 947 3383 2)
973 3317 998 3369 V
1050 3318 1262 3372 resurrextionie
1288 3317 1312 3369 Γ

185 3394 233 3456 3in
249 3405 378 3473 parabola
391 3406 417 3457 P
466 3404 613 3474 dproficit
631 3410 661 3459 ut
680 3410 709 3459 et
727 3403 764 3457 11ι
782 3404 927 3473 proficitur
946 3410 974 3457 et
995 3405 1018 3456 Γ
1068 3405 1263 3458 documentum
1283 3405 1311 3456 E

184 3484 373 3546 infirmarum
407 3493 430 3545 Γ
457 3491 678 3547 ίυῆ-Ξωοτιιω
707 3493 733 3544 P
791 3495 808 3545 9
835 3493 993 3545 ιιιιΙΙιιιηΞ
1010 3509 1097 3559 genna
1127 3489 1204 3557 (cras.
1232 3488 1254 3556 a)
1284 3493 1310 3543 11

179 3627 206 3681 10
220 3579 324 3700 electius
343 3632 370 3684 P
385 3632 497 3700 cleopas
523 3632 569 3685 VR
622 3631 738 3699 &quiid
792 3633 824 3684 11
844 3631 976 3685 scribitur
1005 3631 1027 3683 Γ
1080 3633 1112 3684 12
1129 3648 1158 3684 es
1183 3634 1258 3683 inser.
1277 3649 1308 3683 m.

175 3716 192 3767 3
207 3717 230 3769 R
279 3723 307 3772 et
333 3737 405 3789 supr.
431 3737 480 3771 scr.
499 3718 552 3771 RP
604 3720 636 3771 13
654 3719 683 3771 in
709 3718 753 3771 his
781 3718 878 3771 diebus
907 3719 931 3770 R
987 3717 1067 3770 unius
1095 3717 1123 3769 in
1151 3717 1310 3785 cognitione

171 3822 214 3857 ona
238 3805 261 3856 V
313 3804 471 3859 15h021'1
524 3810 589 3859 dues
615 3806 638 3857 Γ
688 3810 716 3858 et
734 3806 769 3858 ob
788 3804 839 3858 hoc
858 3804 1074 3858 obtrectationes
1093 3803 1118 3855 Γ
1168 3810 1310 3857 contume-

170 3892 230 3945 tiam
254 3891 288 3943 Γ1
344 3893 376 3946 16
394 3896 578 3945 sacrametum
605 3891 636 3943 Γ1
699 3892 898 3946 ε1·-.εαΙυ1εω
918 3893 943 3944 11
1010 3893 1041 3944 17
1060 3890 1242 3958 depraecetur
1263 3891 1310 3942 VR

180 3981 199 4034 8
212 3989 272 4049 post
290 3994 358 4031 uero
376 3980 423 4031 det.
443 3994 537 4032 omnes
557 3978 660 4032 new
711 3979 835 4032 oratione
853 3995 944 4032 meam
957 3978 1021 4031 RPc
1077 3977 1178 4030 stsR
1231 3979 1264 4030 19
1281 3977 1310 4030 in

183 4064 373 4120 inititndinem
385 4065 410 4117 P
459 4068 494 4120 20
503 4067 601 4120 salutis
610 4071 674 4120 tuae
685 4067 764 4119 liri«)
771 4068 805 4134 ts.
815 4066 877 4129 infr.
889 4084 946 4135 cup.
958 4065 993 4117 15
1049 4064 1126 4131 eripe
1136 4080 1180 4116 me
1193 4082 1223 4116 es
1235 4064 1310 4133 eripe

191 4170 241 4207 eae
261 4154 332 4204 nu?
358 4152 379 4203 Γ
430 4154 463 4205 21
483 4159 514 4206 nt
528 4154 553 4206 11
605 4153 717 4207 herearn
738 4153 763 4204 P
779 4153 896 4206 habeam
923 4153 945 4204 Γ
997 4158 1025 4205 et
1044 4151 1134 4204 libera
1147 4149 1312 4204 exodieuti·

199 4260 211 4293 s
241 4256 287 4293 me
316 4256 364 4290 om.
389 4238 442 4291 RP
490 4240 526 4292 24
542 4247 640 4308 puteos
665 4240 696 4294 V¹
751 4241 785 4293 25
804 4240 980 4293 contumeliis
999 4240 1025 4293 11
1080 4236 1243 4305 opprobrias
1268 4237 1311 4291 V¹.

1103 4343 1155 4397 21*
