2790 4844
354 259 536 307 tractatus
562 254 594 306 in
621 256 791 322 psalmum
820 254 912 307 LXIV.
1142 256 1201 320 241

88 446 222 507 currimns
245 445 396 507 montium
421 446 581 528 depressit.
606 444 719 509 diaboii
750 445 867 509 seilicet
891 454 921 510 et
945 466 1067 510 suorum
1100 452 1205 511 contu-

87 557 183 611 macem
208 546 422 614 excellentiam
444 550 593 629 protriuit
617 569 693 632 quos
717 571 772 629 per
796 549 875 614 harre
898 552 1004 630 primae.
1032 550 1205 614 obtritionis

81 659 247 726 potestatem
283 672 383 732 prenae
416 656 521 719 aeterni
555 654 660 718 iudicii
695 654 889 734 praeparauit
933 655 1067 724 semauit
1103 662 1204 719 autem

77 751 148 820 horre
170 759 298 821 eandem
329 757 481 838 propheta
511 759 660 822 rationem
696 759 819 822 dicens:
853 759 1042 823 escendit
1075 759 1205 823 fumus

71 861 113 925 ab
148 862 206 925 ira
239 864 334 938 eius,
373 871 412 927 et
441 863 550 944 ignis
581 883 599 925 a
627 869 851 943 conspectu
885 864 973 928 eius
1007 865 1206 929 ardescet.
1247 892 1259 929 s

68 963 168 1030 furnus
191 968 271 1031 euim
298 986 350 1031 eos
374 967 497 1042 iuterim
521 968 619 1030 arsuri
644 968 724 1047 ignis
755 966 890 1043 inuoluit,
924 975 1017 1050 atque
1046 967 1085 1031 ob
1115 968 1147 1031 id
1175 967 1207 1030 in

63 1071 209 1150 praesenti
233 1070 352 1150 psalmo
376 1072 418 1134 ita
452 1072 687 1151 scriptumest:
718 1091 952 1151 prmporans
983 1078 1138 1135 montes
1169 1072 1206 1135 in

64 1176 220 1239 uirtute
252 1186 318 1239 tua
346 1176 558 1240 accinctus
589 1177 785 1255 potentia.
831 1177 979 1241 accinctio
1002 1176 1146 1256 potentiae
1169 1176 1207 1244 ei.

61 1279 146 1362 quod
163 1279 334 1362 indigebat,
350 1281 469 1357 corpori
482 1286 647 1359 coaptatur.
672 1300 731 1343 non
749 1281 829 1345 enim
847 1282 943 1345 uirtus
959 1280 1138 1363 aecingitur,
1152 1280 1207 1343 sed

62 1387 91 1447 in
106 1384 220 1447 uirtute
232 1384 280 1447 dei
298 1385 434 1464 potentia
450 1382 551 1460 home,
568 1385 817 1466 quemdominus
833 1385 1012 1464 adsumpsit,
1025 1384 1206 1466 accingitur.
1238 1411 1260 1446 ro

110 1487 161 1551 10.
186 1485 464 1567 Orontemplandum
488 1495 591 1552 autem
616 1495 672 1563 est,
696 1489 769 1570 quid
786 1491 1041 1569 preparationem
1058 1487 1208 1552 montium

61 1593 286 1675 subsequatur:
325 1593 392 1674 qui
431 1593 649 1656 conturbat
688 1594 850 1656 fundum
893 1593 1025 1668 uraris,
1071 1611 1209 1655 sonum

61 1696 263 1760 fluctuum
290 1697 385 1760 eius.
431 1697 592 1760 contmbot
615 1717 786 1773 neumare,
811 1698 866 1760 sed
890 1698 1010 1760 ornaris
1034 1696 1208 1770 fundum,

61 1820 166 1884 neque
194 1799 301 1864 ductus
325 1801 400 1875 eine,
424 1801 480 1865 sed
503 1821 640 1865 sonum
665 1802 681 1864 s
685 1801 871 1865 luctuum.
917 1822 1002 1865 mare
1033 1808 1146 1875 autem,
1176 1806 1210 1862 ut

61 1903 239 1985 prophetia
262 1924 368 1968 sermo
391 1905 507 1969 edocet.
533 1904 708 1984 prosaeeulo
722 1914 921 1984 nuncupatur,
944 1913 979 1968 ut
997 1906 1053 1969 ait:
1078 1925 1120 1967 su
1127 1922 1209 1983 per·
1238 1931 1261 1968 ro

62 2009 236 2072 iuducet
257 2008 444 2072 dominus
468 2007 703 2072 mochaeram
722 2007 955 2074 terribilem
983 2018 1208 2091 etmagnam

61 2133 188 2192 super
221 2113 437 2176 draconem
479 2119 716 2193 serpentem
754 2133 919 2193 prauum
958 2120 997 2177 et
1034 2112 1210 2193 perimet

61 2217 296 2292 draconem,
337 2218 402 2300 qui
440 2218 477 2280 in
518 2219 614 2281 mori
653 2224 722 2282 est.
768 2223 799 2281 et
831 2219 957 2281 itemm:
996 2215 1069 2281 hoo
1104 2234 1211 2279 rrrare

63 2339 251 2403 maguum
275 2331 314 2385 et
337 2321 578 2400 spatiosum;
603 2320 659 2385 ibi
684 2322 921 2404 requiescet
944 2322 1071 2395 draeo,
1096 2339 1211 2402 quem

62 2425 269 2508 figurasti
300 2427 347 2490 ad
377 2424 799 2499 inludendumiliurn.
845 2424 893 2489 uel
917 2433 1000 2490 certe
1023 2423 1097 2488 illud
1121 2423 1210 2487 abso·
1238 2449 1263 2485 ro
1314 2483 1315 2486 ,

62 2529 177 2593 dut-ius:
215 2530 308 2593 ueni
348 2530 386 2592 iu
430 2528 693 2593 altitudinem
740 2531 874 2593 maris.
913 2539 950 2594 et
988 2533 1211 2608 tempestas

61 2634 269 2698 demersit
308 2653 371 2698 me.
428 2640 546 2698 montes
581 2635 682 2718 igitur,
729 2635 758 2696 id
797 2641 844 2698 est
881 2633 1066 2697 aduersaria
1104 2649 1212 2695 omnes

61 2737 398 2820 supereminentesque
420 2737 548 2802 uirtutes
572 2757 670 2818 poenm
705 2737 808 2802 iudicii
832 2742 1041 2818 preparantur
1064 2741 1096 2799 et
1118 2734 1212 2798 maris

60 2841 271 2905 fundamenta
295 2841 464 2905 turbantur.
510 2842 540 2906 in
576 2841 685 2905 harum
721 2842 804 2905 enim
838 2842 1032 2906 inimicarum
1068 2839 1212 2904 uirtutum

61 2946 181 3011 fiducia
205 2945 349 3010 saecuium
373 2946 570 3021 consistebat,
595 2954 625 3010 et
648 2945 714 3009 hnc
734 2947 763 3008 in
782 2945 986 3009 inuisibiiibus
1002 2942 1104 3009 saeculi
1122 2942 1211 3007 huius
1240 2968 1265 3003 o

108 3089 130 3138 s
151 3085 192 3137 ru.
209 3085 295 3147 nvn,
308 3087 333 3138 e.
371 3087 403 3140 rs
417 3084 491 3138 saar.
507 3084 618 3152 nuru,
634 3089 656 3139 1.
694 3090 727 3141 1e
743 3088 784 3138 ru.
802 3085 922 3151 cures.
959 3087 990 3137 su
1003 3085 1045 3136 rs.
1056 3081 1211 3147 numne.

108 3189 457 3257 dprofctffiterusmiR
497 3189 876 3243 nodesoesexaruesoitmn
883 3190 909 3241 P
947 3185 1216 3241 dintermansuriP

58 3281 93 3333 iu
114 3295 169 3329 mor.
187 3276 214 3329 R
231 3278 265 3345 us.
284 3278 366 3331 Aaou.
381 3294 410 3346 p.
429 3275 469 3329 22
522 3278 539 3328 7
562 3277 668 3345 psalmo
687 3296 717 3330 es
734 3278 821 3330 salmo
840 3294 873 3328 m.
891 3274 911 3327 3
929 3276 955 3328 R
1007 3278 1024 3326 8
1047 3273 1167 3327 accintio
1184 3289 1215 3325 es

59 3362 198 3421 sementia
217 3382 248 3415 m.
267 3363 285 3416 1
303 3363 329 3415 R
381 3363 407 3416 ei
425 3365 453 3416 in
471 3381 523 3416 ras.
547 3364 560 3415 1
578 3365 604 3416 R
658 3366 691 3418 10
708 3364 737 3417 in
756 3383 827 3433 srrpr.
855 3381 904 3415 scr.
932 3360 1046 3416 1113Ιί
1100 3361 1132 3413 12
1151 3360 1214 3413 sub·

60 3458 207 3520 sequatur
223 3450 263 3503 Re
280 3454 466 3519 consequatur
484 3450 524 3502 Po
578 3453 610 3504 14
628 3451 728 3504 fluctus
757 3453 802 3513 (ιιι.
821 3447 849 3514 3,
876 3449 968 3502 luctus
995 3451 1022 3502 in
1046 3466 1115 3512 ros.,·
1139 3448 1214 3516 prim

59 3542 197 3608 *triplum
214 3555 301 3590 uocem
318 3538 367 3589 det.
386 3556 419 3589 ur.
440 3538 454 3588 l
474 3547 497 3589 et
515 3538 542 3588 in
560 3555 643 3607 toury.
668 3539 728 3590 add.
756 3535 868 3601 ductus)
887 3537 912 3589 R
967 3537 1000 3590 lt
1017 3532 1136 3604 profetia
1159 3547 1215 3585 ser·

59 3697 113 3735 mo
137 3675 165 3730 12
217 3676 298 3729 docet
323 3676 349 3729 P
401 3678 433 3730 lu
451 3622 589 3729 intuleram
615 3676 640 3728 R
695 3678 728 3728 17
746 3676 864 3744 perimet
891 3693 920 3726 er
946 3673 1059 3742 perimit
1085 3691 1117 3724 m.
1148 3671 1162 3722 1
1191 3671 1216 3722 R

60 3784 117 3820 on
141 3761 169 3815 P
221 3762 322 3817 reboo
341 3779 416 3816 mare
440 3763 465 3815 V
479 3779 555 3816 mare
572 3761 625 3816 hoo
645 3763 722 3815 truc
775 3765 806 3814 ls
825 3760 976 3828 spatiorum
995 3759 1121 3813 Vlatum
1139 3758 1218 3810 lert:

61 3854 101 3922 ej.
124 3851 248 3904 &omia
266 3849 306 3914 II,
324 3847 382 3902 204
434 3852 469 3902 90
487 3849 566 3902 illum
591 3849 718 3917 Vipeurn
740 3849 818 3901 RPE
870 3848 940 3900 illud
957 3866 1029 3917 srtpr.
1047 3865 1096 3899 scr.
1115 3864 1146 3896 tn.
1163 3846 1216 3896 lli

62 3982 229 4046 absolutius
255 4006 321 4040 corr.
350 4006 382 4040 m.
412 3988 427 4040 1
454 3988 480 4041 R
533 3990 567 4041 24
585 4005 664 4042 arum
685 3989 709 4040 R
763 3945 971 4040 eni¹nimiisrum
999 4004 1065 4039 corr.
1089 4005 1119 4038 ur.
1149 3985 1165 4036 1
1190 3986 1216 4038 R

62 4098 101 4150 ss
119 4090 394 4146 fidumafideoiae
408 4092 504 4145 orn
558 4093 643 4144 nom,
657 4093 710 4144 ru>
754 4071 939 4144 ditionum
958 4088 1024 4160 (op.
1043 4092 1072 4143 ui
1091 4106 1157 4142 ero.
1177 4089 1217 4153 u)

66 4237 93 4290 n
114 4176 285 4310 rumiirsm
304 4229 336 4282 Ρ.

125 4367 201 4407 xxrr.
217 4367 288 4406 urin.
303 4367 360 4408 crea
375 4377 424 4416 μη
438 4368 457 4408 1.
1030 4354 1062 4423 lq·
