2790 4844
546 222 663 275 sancti
682 220 815 274 Hilarii
832 220 990 289 episcopi

198 413 323 486 idcirco,
352 419 552 494 posteaquam
579 411 714 475 dixerat:
739 410 777 473 in
800 410 863 473 uia
884 409 1161 474 mandatorum
1187 420 1395 482 tuoruu-

198 516 370 588 cucurri,
396 514 453 580 boe
478 515 612 579 addidit:
647 534 731 579 cum
765 513 956 578 dilatasti
988 533 1055 578 eor
1084 533 1221 579 meum.
1269 513 1352 582 dila.

199 625 296 684 tatum
321 627 454 694 osteor,
486 621 567 702 quod
600 638 655 699 per
685 617 779 682 fidem
810 637 906 698 capax
936 617 1083 683 doctrinm
1115 618 1163 682 dei
1188 619 1384 699 panditub.

198 730 230 790 et
253 722 311 788 boc
334 724 372 789 dc
396 722 591 790 credentibus
612 723 809 787 dictumest:
834 730 872 786 et
895 721 1137 786 inhabitabo
1159 732 1200 788 et
1221 723 1372 789 inan:-

158 826 347 893 abulabo
382 828 418 892 in
456 827 527 892 hia.
573 846 625 892 cor
658 826 753 910 igitur
787 825 940 904 dilatatur.
974 826 1003 889 in
1028 845 1089 909 quo
1112 832 1359 895 sacramentum

197 932 293 1012 patris
318 940 349 997 et
371 930 427 996 filii
451 932 575 998 residet.
598 931 628 994 in
654 949 713 1012 quo
737 931 841 1010 capaci
866 928 1055 995 habitatione
1078 936 1203 995 sanctus
1219 931 1349 1012 spiritus

197 1034 378 1100 delectatur.
427 1035 567 1101 meminit
589 1050 619 1100 et
642 1033 788 1099 Salomon
813 1031 934 1098 dicens:
967 1034 1173 1114 sapientia
1204 1034 1242 1098 in
1267 1036 1339 1099 exi·

197 1138 308 1204 tibus
337 1140 507 1214 canitur,
538 1140 576 1203 in
607 1137 761 1219 plateis
784 1158 869 1202 cum
893 1137 1090 1203 libertate
1114 1139 1212 1223 agit.
1256 1138 1332 1202 uerbi

197 1243 356 1326 utriusque
379 1242 469 1308 huius
492 1242 627 1308 latinitas
659 1255 764 1306 nostra
794 1241 843 1306 uel
874 1241 1092 1307 obscuritatem
1123 1242 1213 1307 nobis
1241 1240 1326 1306 adfert

145 1373 171 1410 rr
197 1345 246 1411 uel
268 1346 394 1413 alterius
417 1345 638 1430 intellegentiae
661 1346 838 1427 opinionem
861 1347 987 1427 praebet.
1033 1366 1104 1410 nam
1130 1345 1213 1430 quod
1231 1364 1281 1410 nos
1300 1343 1321 1404 iu

198 1451 329 1516 exitibus
363 1452 502 1527 dicimus,
537 1451 680 1535 graecitas
710 1470 746 1515 er
780 1449 906 1515 hebraeo
936 1448 1072 1532 ἐξόδους
1102 1448 1263 1515 transtulit.
1300 1454 1322 1508 et
1394 1495 1395 1517 r

197 1556 329 1620 exodum
353 1556 476 1636 proprie
500 1561 554 1620 est.
578 1554 628 1619 ubi
653 1575 690 1619 ex
714 1552 817 1618 multis
841 1555 982 1638 angustis
1004 1554 1062 1618 uiis
1078 1555 1108 1618 iu
1126 1574 1219 1619 unam
1234 1561 1322 1635 paten-

198 1665 262 1723 tem
293 1660 374 1722 ulam
407 1659 511 1724 coitur.
558 1660 639 1742 quod
662 1678 736 1722 uero
761 1678 816 1742 nos
838 1656 957 1739 plateas
987 1677 1209 1741 nuncupamus,
1231 1656 1322 1722 eodem

196 1763 321 1849 nomine
339 1764 482 1847 graecitas
498 1764 693 1844 nuncupauit.
738 1763 792 1827 sed
811 1760 928 1842 plateas
942 1761 1120 1827 latitudines
1136 1783 1206 1828 esse
1221 1770 1323 1846 gratus

146 1891 170 1930 a
198 1885 300 1930 sermo
326 1867 478 1950 designat,
502 1874 533 1932 et
556 1886 611 1930 nos
634 1874 778 1950 putamus
809 1866 865 1930 has
896 1886 964 1930 esse
994 1864 1115 1931 urbium
1147 1867 1221 1932 uias,
1264 1873 1327 1938 ergo

197 1970 357 2050 sapientia,
393 1990 462 2053 quaa
497 1968 639 2035 Christus
675 1981 730 2035 est.
765 1971 797 2034 in
831 1971 882 2035 uia
915 1969 974 2041 illa,
1008 1971 1039 2034 in
1070 1989 1162 2053 quam
1194 1969 1278 2034 nobis
1299 1973 1329 2022 el

197 2073 303 2138 multis
327 2093 471 2157 egressus
494 2080 550 2151 est
573 2074 708 2151 canitur3
744 2075 774 2137 in
798 2073 1008 2138 latitudinibus
1030 2080 1132 2139 autem
1158 2094 1228 2138 cum
1250 2073 1333 2136 liter·

197 2182 259 2242 tute
281 2179 354 2262 agit,
379 2179 410 2242 in
434 2177 545 2261 quibus
576 2198 635 2242 non
670 2175 767 2242 solum
793 2177 943 2249 habitare,
967 2179 1021 2242 sed
1045 2179 1138 2243 etiam
1163 2167 1336 2243 deanrtula·

197 2288 298 2345 turam
323 2302 356 2346 se
387 2301 456 2347 esse
489 2283 638 2362 promisit.
684 2302 757 2366 ergo
793 2282 876 2346 uiam
911 2283 1026 2346 domini
1061 2281 1212 2363 propheta
1245 2279 1342 2345 libere

145 2410 170 2447 ro
197 2386 300 2458 currit,
325 2396 523 2469 posteaquam
550 2385 673 2451 dilatato
709 2387 801 2452 corde
825 2406 893 2452 esse
917 2386 1018 2466 coepit.
1064 2405 1126 2451 non
1157 2388 1240 2451 enim
1268 2379 1356 2479 ante·

196 2490 293 2570 potuit
317 2491 397 2554 uiam
421 2490 470 2554 dei
507 2509 638 2567 currere,
669 2510 761 2573 quam
792 2491 858 2571 ipse
889 2489 939 2554 ille
970 2490 1065 2573 digna
1095 2498 1125 2554 et
1159 2489 1260 2571 ampla
1298 2476 1361 2541 del

197 2593 373 2659 efficeretur
395 2592 551 2659 habitatio.
597 2613 693 2658 amen.
790 2633 797 2641 -

241 2994 300 3045 411
321 2993 382 3045 Cor.
402 2995 426 3058 6,
447 2994 486 3047 16.
524 2993 639 3046 ‘lPror.
660 2995 678 3059 1,
698 2996 738 3048 20.

240 3376 256 3426 5
282 3374 309 3425 in
335 3373 373 3425 eis
394 3375 430 3441 pb
483 3373 512 3424 in
538 3392 567 3425 ea·
591 3373 657 3426 cuiu'
681 3393 712 3426 m.
739 3374 754 3424 1
780 3374 803 3426 Γ
853 3378 869 3427 6
894 3374 995 3428 resedit
1015 3375 1041 3427 n
1094 3375 1209 3443 spiritus
1230 3357 1367 3442 sancivi

197 3468 225 3520 E
277 3472 292 3520 7
320 3468 443 3520 solomon
474 3468 498 3519 Γ
548 3470 563 3521 9
590 3467 671 3521 huius
700 3486 748 3521 ona.
773 3469 799 3521 R
851 3470 940 3522 aufert
965 3489 984 3539 p
1041 3472 1069 3523 ll
1097 3453 1282 3524 ΕΞΟΔΟΥ(
1332 3435 1362 3493 ¹³

197 3547 1376 3642 &mmmmmwffcfflmffpmmmmamwff

197 3667 262 3720 dum
291 3667 334 3718 ΓΡ
350 3668 440 3720 exodd
468 3668 510 3736 Rp
529 3667 632 3721 exodus
651 3668 679 3720 E
704 3669 750 3728 (un
770 3666 928 3731 exodium)
982 3669 1088 3736 proprii
1108 3670 1133 3722 R
1152 3670 1288 3739 proprium
1304 3654 1383 3753 (s

196 3754 372 3820 angustizs
391 3756 417 3806 R
435 3753 570 3821 angustiis
595 3755 620 3804 Γ
670 3756 703 3807 15
726 3754 775 3807 has
794 3756 854 3807 odd.
874 3752 993 3807 m.2V
1044 3758 1076 3809 16
1095 3748 1106 3809 i
1124 3756 1200 3810 uiam
1218 3756 1314 3811 illaml

196 3840 226 3892 in
254 3857 307 3907 qua
327 3841 354 3891 E
406 3843 438 3894 18
466 3841 706 3894 deambulaturam
738 3841 761 3891 Γ
786 3840 989 3894 ambulaturam
1016 3841 1053 3912 Cp
1108 3845 1141 3897 19
1168 3859 1199 3897 se
1226 3861 1280 3899 esse
1303 3865 1327 3902 cr

197 3943 255 3980 sese
275 3945 306 3980 na.
326 3926 345 3979 2
369 3927 393 3978 Γ
443 3930 476 3980 21
495 3927 537 3979 illi
559 3932 580 3979 l'
630 3927 682 3980 deo
708 3928 799 3997 Vt'pE
849 3929 884 3981 22
902 3944 982 3981 amen
1009 3945 1056 3981 orn.
1080 3928 1144 4000 ch
1162 3930 1270 3986 Littera
1285 3936 1330 3992 llll

197 4013 310 4081 explicit
331 4014 428 4082 incipit
448 4014 541 4067 littera
554 4013 577 4063 V
596 4014 715 4067 feliciter
731 4014 835 4068 Scribit
852 4014 1033 4082 Antiquarius
1051 4015 1180 4070 Eulalius
1202 4016 1248 4082 (er.
1267 4026 1333 4078 etium

198 4099 380 4167 Reifferscheid
397 4101 464 4153 Bibl.
489 4103 516 4152 it.
541 4101 563 4160 ],
590 4101 626 4153 al
654 4100 728 4165 uda.)
764 4101 788 4153 Γ
813 4100 890 4155 Finit
916 4101 1015 4155 Deleth
1042 4103 1104 4156 llll.
1132 4104 1234 4175 incipit
1262 4107 1294 4164 Γ.
1320 4118 1339 4167 l*

197 4185 834 4275 mmmmmmmmmup
