2790 4844
291 267 294 271 ·
364 260 546 310 tractatus
567 256 600 308 in
618 255 786 324 psalmum
806 256 887 309 le.
1139 253 1200 337 199

49 465 145 509 mons
175 447 232 510 iste
264 444 446 511 Phoenicum
479 457 526 509 est
547 444 673 509 Arabim
708 442 1004 527 Mesopotamiaeque
1028 445 1200 528 contiguus,

49 571 87 614 en
114 556 200 630 parto
224 549 370 615 Itonaeos
394 550 425 613 in
449 551 678 630 possessionem
703 549 882 629 deputatus:
914 558 943 614 et
972 549 1042 613 ideo
1074 566 1104 613 ct
1126 569 1201 614 suus

49 662 99 719 est
123 654 295 732 Monaeses,
319 653 375 719 sub
400 653 563 719 Monaeses
586 655 712 718 nominc
736 659 825 717 terrae
848 652 1080 737 plenitudinem,
1111 653 1201 717 sicuti

50 768 83 822 et
107 758 165 822 sub
188 757 307 823 Galaad
331 779 455 824 omnem
480 759 584 823 orbem
610 778 697 822 suum
722 777 790 823 esse
814 758 1040 823 demonstrans.
1087 758 1143 822 sed
1170 757 1201 820 in

51 862 102 927 uis
126 863 312 947 usurpandis
335 861 413 927 nihil
436 871 549 944 practer
570 863 618 927 ius
642 863 835 944 proprietatis
858 870 1017 927 ostensum
1039 867 1095 925 est.

97 970 128 1032 0.
153 965 294 1051 Ephrem
325 973 428 1032 autern
458 967 633 1048 adsumptio
663 968 773 1047 capitis
804 966 869 1032 eius
900 980 930 1030 et
953 965 1029 1029 Iuda
1058 985 1112 1028 rex
1136 965 1202 1029 eins

51 1079 109 1135 est.
155 1070 223 1136 brec
246 1076 373 1136 sanctus
395 1066 541 1155 loquente
564 1072 593 1135 in
619 1091 651 1137 sc
675 1072 734 1135 deo
750 1069 894 1154 loquitur,
915 1072 969 1152 qui
990 1075 1022 1134 et
1036 1089 1092 1152 per
1108 1067 1202 1133 Iacob

55 1174 193 1259 Ephrem
217 1194 367 1240 conuersa
390 1195 537 1239 manuum
561 1173 804 1240 sanctificatione
826 1175 1019 1240 benedixerit
1040 1180 1070 1237 et
1092 1192 1201 1255 regern

55 1300 92 1343 ex
127 1279 209 1356 Inda,
246 1279 297 1362 qui
333 1288 364 1344 et
395 1279 564 1362 expectatio
594 1279 734 1363 gentium
764 1279 883 1344 tuturus
907 1285 997 1356 esset,
1021 1275 1201 1341 ostenderit.

57 1384 231 1468 adsumptio
255 1403 332 1467 ergo
355 1382 493 1464 Ephrem
518 1389 574 1465 est,
599 1403 659 1447 non
684 1383 777 1448 etiam
802 1383 973 1460 Monaeses,
996 1401 1065 1445 oum
1088 1378 1202 1460 Ioseph

59 1494 185 1571 uterque
209 1488 249 1553 sit
271 1487 361 1552 tilius.
400 1487 455 1553 sed
478 1507 549 1553 cum
572 1489 605 1552 in
628 1489 728 1569 capite
750 1486 935 1573 significatio
960 1487 1151 1552 contineatur
1174 1498 1204 1549 et

63 1592 198 1671 corporis
243 1593 416 1657 secundum
457 1590 547 1656 illud:
593 1593 637 1657 de
682 1599 866 1657 torrente
904 1593 941 1656 in
980 1592 1045 1656 uic
1084 1587 1204 1665 bibet

67 1703 281 1776 propterea
310 1696 512 1785 elncltobit
541 1706 661 1777 ceput
695 1703 727 1761 et
754 1696 854 1761 omnis
885 1705 1009 1761 sanctus
1040 1704 1132 1774 caput
1158 1702 1205 1758 est

70 1801 195 1881 corporis
227 1797 355 1879 Christi,
394 1802 509 1867 idcirco
544 1802 719 1882 adsumptio
750 1800 861 1880 capitio
893 1800 959 1865 eius
982 1798 1121 1880 Ephrem
1146 1811 1203 1877 θθῖ,

74 1904 133 1982 quie
163 1914 270 1970 eontra
299 1907 535 1989 generationum
567 1906 707 1972 ordinem
742 1907 782 1970 ad
812 1904 1040 1985 proferendam
1064 1904 1203 1971 ecclesia
1244 1926 1256 1961 o

78 2007 336 2075 sanctificationem
373 2011 402 2074 in
435 2009 561 2090 praelnto
598 2008 735 2090 Ephrem
775 2017 806 2075 et
850 2009 1020 2092 postposito
1058 2009 1203 2076 Manassc

81 2111 162 2178 ninor
190 2113 301 2178 maiori
332 2123 379 2179 est
409 2112 570 2179 antelatus.
616 2114 793 2197 adsumptio
824 2115 926 2195 itaque
954 2113 1063 2193 capitis
1086 2115 1133 2178 sui
1157 2124 1205 2180 est

85 2207 207 2293 Ephrem,
226 2218 256 2281 id
274 2225 319 2283 est
336 2217 449 2299 populi,
465 2238 558 2302 quem
583 2220 614 2283 in
638 2216 776 2298 Ephrem
791 2217 1007 2301 praefigurauit.
1030 2216 1080 2282 uel
1104 2219 1204 2297 potius

85 2318 189 2385 ueclesia
212 2324 242 2386 in
267 2342 379 2406 corpus
403 2324 583 2387 adsumitur.

117 2404 157 2469 10.
179 2407 278 2473 Iuda
312 2409 404 2475 ctiam
439 2430 506 2474 rex
540 2429 651 2474 meus
674 2418 728 2484 est,
752 2410 782 2473 id
818 2415 865 2473 est
887 2430 905 2472 a
928 2429 961 2473 se
985 2410 1152 2493 dispositus
1175 2420 1205 2475 et
1233 2452 1237 2460 -

87 2500 185 2576 cleers.
231 2533 295 2577 non
317 2515 423 2596 ntique
446 2513 495 2579 uel
519 2513 619 2578 Dauid
644 2514 701 2594 ipsi
724 2533 778 2577 ren
802 2511 879 2579 luda
902 2523 957 2592 est,
981 2533 1051 2578 curn
1075 2534 1113 2578 ex
1129 2514 1206 2580 Iuda

88 2622 125 2672 stt
152 2616 213 2696 ipsc
247 2617 288 2682 sit
321 2619 449 2698 primus,
483 2616 531 2682 uel
566 2617 703 2701 loquenti
726 2619 756 2681 in
783 2626 888 2682 sanct-o
913 2640 967 2683 suo
991 2619 1049 2683 deo
1074 2638 1125 2683 ren
1150 2628 1204 2696 θθῖ,

87 2713 128 2776 qq
145 2717 222 2804 loqui
246 2720 315 2786 brec
338 2729 462 2786 sanctus
486 2721 551 2799 iste
576 2723 606 2785 in
632 2741 692 2805 quo
716 2721 792 2787 deus
814 2721 956 2804 quuitur,
980 2721 1206 2806 intellegendus

87 2823 127 2885 til.
145 2826 191 2907 qui
215 2834 246 2891 θῖ
269 2826 377 2905 spiritu
400 2824 495 2890 Iacob
519 2825 685 2910 repleuerit
708 2826 747 2890 ad
778 2827 884 2890 aeterni
909 2827 993 2912 regis
1024 2826 1112 2891 istius
1136 2847 1205 2907 pro-

88 2914 207 3005 thetiorn
230 2950 300 2995 cum
326 2930 384 2995 ait:
418 2951 493 2994 ιιιιιι
518 2929 689 2995 desiciet
719 2930 910 3011 princeps
933 2932 979 2996 dc
1004 2930 1111 3002 luda,
1134 2951 1205 2995 nco
1234 2965 1258 2998 a,

122 3048 146 3101 n
160 3051 202 3105 Ps.
221 3051 291 3117 cnr,
310 3054 334 3106 7.
371 3054 405 3105 25
424 3052 491 3105 Gen.
510 3052 606 3119 XLIII,
626 3055 666 3105 10.

120 3153 269 3210 linonicum
284 3157 382 3209 Vnrn'
417 3157 631 3225 mesopotamiae
638 3175 674 3225 qu
683 3178 714 3208 Ξ
723 3155 772 3222 ete
783 3159 860 3219 eros.)
870 3160 894 3211 n
904 3159 1174 3226 mysopotemieeque
1187 3159 1211 3211 V

88 3230 205 3319 ideone
226 3244 334 3318 lienus
354 3244 405 3295 1²13
456 3245 473 3297 8
498 3245 548 3296 sub
572 3261 712 3297 manasses
738 3264 809 3316 supr.
828 3264 877 3298 sor.
900 3243 922 3292 Ρ
943 3247 1003 3297 odd.
1023 3264 1054 3297 m.
1074 3244 1094 3296 2
1116 3244 1142 3298 V
1156 3246 1208 3298 sub

88 3352 191 3400 morose
208 3367 238 3401 er.
256 3349 308 3401 snb
326 3349 502 3401 merresseslt
521 3350 571 3402 sub
590 3349 752 3402 manasseT
804 3349 886 3401 sicuti
904 3357 945 3402 est
957 3349 982 3400 Ρ
1032 3353 1049 3401 4
1067 3348 1118 3402 sub
1135 3366 1207 3419 supr.

85 3446 166 3485 mar.
186 3435 239 3487 Ill
293 3435 377 3521 hipp
405 3433 445 3499 (iu
470 3437 496 3488 ia
521 3437 585 3492 ruat
612 3437 637 3487 Ρ
658 3435 719 3488 iura
740 3437 764 3486 Τ
821 3435 958 3489 b'effrem
978 3435 1208 3489 RVPetoicuet

81 3532 152 3590 them
170 3539 224 3602 (V)
237 3540 298 3601 sere
314 3557 415 3610 emrrper
469 3539 627 3607 adsumptio
646 3541 670 3592 V
721 3540 800 3593 iudas
813 3541 839 3592 P
889 3539 1208 3607 ‘lloquitnreaeloquetc

78 3642 102 3676 ιι.
125 3623 144 3676 2
172 3625 196 3680 V
247 3626 293 3694 qni
319 3644 350 3678 ec
373 3627 435 3694 quis
461 3627 484 3679 V
535 3628 601 3679 inter
619 3643 669 3696 per
693 3627 772 3680 iacob
790 3637 812 3679 et
832 3626 928 3680 effrem
947 3628 1073 3695 qrruedcm
1091 3643 1166 3678 craso
1186 3627 1212 3678 Ρ

73 3712 149 3779 iqui
167 3713 323 3782 expectatio
344 3714 393 3765 ΡΤ
453 3715 560 3766 loturae
585 3713 618 3767 V¹
684 3717 716 3768 10
734 3713 891 3781 adsumptio
910 3731 940 3766 ez
963 3711 1209 3780 adsumptionem.

71 3802 90 3853 V
111 3800 133 3852 V
183 3799 252 3854 ioeel
281 3800 307 3854 V
330 3800 408 3868 iosep
426 3800 479 3852 nP
538 3803 567 3854 ll
596 3800 763 3869 significatio
790 3819 819 3853 ex
846 3798 1048 3869 significatione
1076 3818 1107 3852 m.
1136 3801 1156 3852 2
1190 3801 1211 3852 V

69 3891 100 3943 12
126 3887 250 3955 corporirt
268 3904 299 3939 ee
317 3904 447 3955 corporee
467 3888 492 3939 Ρ
542 3887 619 3940 bibet
638 3906 668 3940 ec
685 3887 754 3940 bilet.
774 3906 805 3940 m.
826 3890 846 3939 ὲ)
869 3886 980 3940 Vbibit
1000 3886 1024 3938 lt
1079 3888 1111 3939 13
1135 3887 1209 3940 cul·

65 3976 136 4030 tebit
154 3994 185 4027 es
202 3974 324 4028 exaltcui
343 3973 415 4028 m.2
438 3973 462 4027 V
513 3973 602 4042 capud
627 3975 651 4027 V
703 3977 735 4029 15
753 3975 787 4028 ad
806 3972 1017 4042 praeferendum
1043 3970 1075 4026 1⁷¹
1130 3975 1163 4026 16
1182 3980 1209 4026 et

61 4061 251 4135 postpositum
272 4061 296 4112 Ρ
357 4063 386 4115 18
404 4061 524 4130 populus
544 4061 580 4113 Te
633 4062 740 4129 postius
765 4059 789 4113 V
840 4061 873 4113 19
901 4059 1001 4113 eclesia
1026 4059 1049 4112 V
1099 4060 1134 4113 20
1162 4075 1210 4112 rex

61 4167 142 4205 mene
162 4148 186 4202 ἅ
205 4149 231 4201 R
248 4163 298 4200 rex
316 4147 351 4200 οῖ’
369 4153 412 4202 eet
432 4148 457 4200 Τ
507 4150 538 4202 nt
560 4148 639 4201 (lauit
663 4146 688 4200 V
737 4148 773 4201 92
790 4147 920 4214 loquente
941 4147 966 4198 Ρ
1017 4147 1052 4200 db
1079 4165 1108 4198 ex
1135 4147 1168 4200 ds
1188 4145 1214 4197 Ρ

57 4235 216 4295 fflicteei
236 4236 338 4302 Inque
363 4235 413 4288 ΤΕ
462 4238 496 4290 se
515 4241 564 4305 spu
586 4236 670 4303 Velis
687 4235 712 4287 P
763 4235 885 4303 repletus
904 4232 988 4287 luerit
1007 4232 1057 4285 PT
1108 4233 1156 4289 isti
1182 4232 1210 4285 V.
