2790 4844
198 253 239 317 58
540 253 655 306 sancti
679 253 815 306 Hilarii
839 252 1001 320 episcopi

197 443 236 506 ad
266 443 307 520 id,
331 443 413 525 quod
443 462 532 506 suum
562 442 626 506 suit.
672 462 732 505 non
763 447 829 506 erat
858 449 960 506 autem
989 441 1124 520 idipsum
1155 447 1228 504 tunc
1250 447 1341 518 totus,

198 548 280 629 quod
304 553 337 610 nt
359 545 449 610 fieret
477 547 675 627 precabatur:
706 544 773 610 fieri
804 551 907 610 autem
938 552 1018 609 totus
1048 564 1108 608 non
1132 543 1222 622 aliud,
1245 563 1341 628 quam

198 651 280 733 quod
303 650 411 726 suerat,
434 650 617 731 postulabat.
663 651 718 715 sed
746 670 817 714 cum
846 649 889 726 fit,
914 649 996 732 quod
1018 649 1085 727 fuit,
1109 655 1148 726 et,
1171 650 1255 732 quod
1279 669 1339 712 non

198 760 271 826 erat
296 767 343 819 est
366 754 493 833 iuturus,
517 756 619 832 adid,
643 756 725 837 quod
749 754 856 829 suerat,
886 754 927 831 id,
955 754 1037 836 quod
1060 759 1157 817 totum
1179 773 1240 817 non
1264 759 1337 829 erat,

159 889 170 921 r,
198 860 332 941 quodam
356 860 426 923 noui
450 869 532 924 ortus
555 859 738 924 nascebatur
762 859 893 923 exordio.
939 877 1013 942 ergo
1030 857 1081 921 hic
1104 857 1338 922 resurrectionis

197 984 260 1027 snae
283 962 322 1025 ad
345 964 569 1028 adsumendam
592 963 722 1047 gloriam
747 963 813 1027 dies
837 971 893 1040 eet,
917 982 970 1043 per
986 982 1079 1044 quam
1095 963 1134 1026 ad
1149 962 1182 1026 id
1193 962 1339 1038 nascitur,

197 1066 280 1150 quod
303 1073 375 1130 ante
398 1073 537 1147 tempora
560 1077 634 1132 erat.
679 1067 734 1131 sed
757 1086 889 1131 nascens
919 1067 959 1130 ad
988 1065 1029 1143 id,
1053 1067 1136 1149 quod
1166 1072 1237 1130 ante
1261 1071 1339 1130 tent·

196 1190 273 1251 pora
296 1168 360 1248 fuit,
384 1171 416 1235 id
440 1185 542 1235 tamen
566 1171 597 1234 in
628 1179 765 1251 tempore
796 1171 931 1235 nascitur
960 1190 1037 1247 esse,
1068 1171 1151 1253 quod
1172 1189 1233 1233 non
1264 1178 1340 1234 erat.

197 1283 290 1357 atque
313 1275 382 1340 ideo
406 1274 486 1339 filins
510 1274 644 1339 hominis
667 1295 685 1339 a
707 1275 799 1339 modo
822 1275 967 1339 adsidens
1001 1275 1123 1339 uirtutis
1154 1274 1270 1338 dextris
1293 1282 1342 1337 est

146 1407 170 1440 ω
197 1380 360 1455 uidendus,
383 1379 455 1462 quia
478 1387 587 1443 natura
609 1380 710 1444 carnis
732 1387 802 1460 post
823 1379 1081 1443 resurrectionem
1107 1376 1276 1460 glorificata
1299 1378 1339 1441 ad

196 1483 370 1564 proiectum
394 1485 467 1558 sins,
498 1504 592 1567 quam
616 1490 706 1548 antea
730 1483 888 1560 habuerat,
919 1482 1066 1546 claritatis
1096 1481 1339 1562 prouehebatur:

198 1607 269 1650 cum
293 1586 427 1651 hominis
450 1586 530 1651 filius
553 1607 753 1652 consessurus
783 1588 862 1670 patri
892 1592 924 1651 et
946 1587 977 1650 in
1000 1585 1252 1651 inmortalitatem
1271 1604 1338 1649 cor-

197 1691 338 1770 ruptione
368 1692 470 1755 carnis
500 1692 645 1773 absorpta
674 1693 705 1755 in
736 1693 894 1756 uiuentem
923 1698 996 1755 tunc
1019 1701 1049 1755 et
1072 1710 1132 1754 non
1157 1691 1337 1754 moriturum

197 1793 328 1875 amplius
352 1795 402 1859 dci
425 1794 522 1860 filium
546 1802 735 1860 nasceretur.

147 1925 170 1959 rr
242 1900 293 1962 28.
317 1899 428 1964 'lenuit
450 1908 552 1965 autem
575 1901 683 1965 beatus
706 1899 859 1981 apostolus
895 1919 1005 1963 nouam
1036 1899 1116 1963 hanc
1146 1900 1176 1962 in
1201 1919 1238 1962 eo
1260 1904 1339 1962 tem·

197 2005 326 2083 porariae
350 2004 439 2069 buius
462 2005 631 2069 natiuitatis
661 2005 828 2068 discretam
858 2004 897 2067 ab
928 2023 973 2081 ea,
1004 2023 1072 2086 quae
1105 2009 1176 2067 ante
1200 2010 1341 2082 tempora

187 2116 252 2183 'est
275 2110 507 2190 generationem
531 2117 560 2173 et
583 2109 774 2173 subdiuisam
797 2107 1065 2191 significationem.
1111 2127 1184 2171 narn
1207 2126 1279 2170 cum
1302 2106 1341 2170 de

197 2200 287 2276 beata
309 2211 361 2277 illa
384 2219 416 2277 et
437 2212 530 2278 nullis
553 2214 785 2292 circumscripta
808 2213 998 2293 temporibus
1021 2212 1178 2275 natiuitste
1194 2210 1340 2274 dixisset:

197 2317 497 2400 primogenitus
521 2318 651 2381 omnis
675 2324 888 2393 creatura,
912 2316 1005 2399 quia
1027 2316 1067 2379 in
1089 2316 1177 2395 ipso
1200 2319 1340 2379 creata

145 2444 170 2479 20
198 2428 291 2484 sunt
313 2421 442 2485 omnia
465 2423 504 2484 in
527 2421 639 2485 caelis
664 2429 702 2485 et
725 2422 762 2484 in
787 2419 1114 2498 terra,uisibilia
1137 2426 1175 2482 et
1197 2418 1339 2482 inuisi·

197 2524 306 2603 bilia,
330 2526 570 2609 primogenitum
595 2545 716 2608 quoque
739 2526 832 2589 etiam
856 2545 893 2588 ex
916 2524 1045 2587 mortuis
1067 2523 1099 2587 in
1114 2523 1341 2588 resurrectione

197 2638 420 2693 commemorat
451 2629 557 2694 dicens
587 2636 708 2709 postea:
744 2629 1048 2711 primogenitus
1083 2646 1127 2691 ex
1160 2626 1341 2702 mortuis,

196 2741 236 2796 ut
260 2733 385 2797 fieret
408 2734 496 2814 ipse
519 2735 557 2797 in
578 2735 765 2798 omnibus
782 2734 998 2813 primatum
1016 2732 1178 2796 habens.
1203 2732 1340 2796 nascitur

198 2838 281 2900 enim
305 2837 344 2900 ad
368 2838 408 2914 id,
432 2840 515 2920 quod
538 2858 597 2901 non
622 2845 696 2912 erat,
720 2857 790 2901 cum
813 2843 916 2901 tamen
939 2837 971 2901 id
993 2835 1091 2914 fieret,
1115 2836 1197 2919 quod
1221 2834 1340 2900 suisset.

127 2967 129 2970 ·
146 2962 170 2997 2⁶
198 2949 245 3004 cst
257 2941 339 3005 enim
352 2942 575 3025 primogenitus
591 2962 629 3006 ex
646 2943 779 3018 mortuis,
792 2942 845 3024 qui
861 2943 927 3006 erat
940 2941 1164 3024 primogenitus
1176 2951 1341 3004 creaturae:

242 3083 274 3133 19
293 3079 395 3133 Coloss.
414 3082 434 3147 Ι,
455 3083 487 3135 15
508 3098 547 3149 sq.

244 3221 256 3269 1
283 3222 343 3270 tum
370 3222 444 3270 totus
478 3219 502 3271 V
557 3221 574 3271 2
601 3218 675 3286 quod
702 3223 734 3271 ut
760 3219 845 3272 suerit
873 3220 898 3272 R
951 3220 967 3270 5
993 3219 1152 3271 nascibatur
1179 3217 1288 3271 exordii
1322 3216 1344 3270 V

197 3306 213 3357 6
223 3304 256 3357 ad
266 3322 306 3373 pr.
315 3307 331 3356 l.
337 3323 409 3373 supr.
417 3307 477 3358 add.
493 3305 542 3412 VlR
577 3306 702 3358 nascitur
711 3324 741 3358 ex
750 3306 912 3359 nasceturR
947 3308 963 3359 7
969 3315 1028 3375 post
1038 3309 1097 3358 erat
1107 3306 1183 3374 incip.
1194 3305 1229 3356 cl.
1240 3303 1342 3357 maaR

196 3425 290 3479 stuic
315 3425 340 3479 V
389 3431 573 3480 norscetur
592 3424 618 3492 (o
637 3446 667 3479 cr
684 3425 710 3492 a)
729 3427 755 3480 R
769 3428 893 3480 noscitur
911 3446 930 3476 α
984 3429 1185 3494 esse—atque
1203 3427 1231 3477 in
1250 3425 1342 3479 rccR

196 3514 213 3565 9
231 3511 320 3580 adque
332 3513 380 3566 VR
423 3513 536 3566 uirtutis
555 3512 660 3566 dextris
680 3519 708 3566 et
728 3512 843 3567 aidanus
868 3513 892 3565 V
909 3513 1010 3566 uirtuti
1026 3514 1054 3566 in
1067 3513 1173 3566 dextris
1187 3522 1232 3565 est
1243 3512 1341 3566 uiden·

197 3598 248 3651 dus
275 3597 315 3664 (in
342 3601 358 3651 ι’.
386 3598 450 3665 ras.)
469 3601 494 3652 n
559 3602 586 3653 ll
615 3600 814 3669 prouehibatur
843 3600 868 3653 V
928 3601 960 3652 la
979 3615 1157 3652 consessurus
1176 3616 1206 3651 aa
1225 3615 1342 3653 consen·

197 3702 277 3738 surus
300 3685 378 3752 V‚eu
396 3687 569 3740 consessurus
588 3688 613 3740 n
674 3689 781 3756 patriae
799 3686 1008 3740 inmortalitatis
1032 3686 1058 3739 V
1115 3686 1296 3754 corruptione
1314 3704 1344 3739 a

197 3773 421 3840 corruptionisR
475 3776 507 3827 13
525 3774 601 3827 etin
619 3775 800 3827 uiuentemE
852 3776 883 3826 15
901 3783 958 3842 post
976 3777 1069 3826 autem
1083 3772 1153 3824 1-5
1174 3774 1221 3825 tiu.
1237 3772 1345 3826 erasit

196 3859 381 3926 temporariae
400 3857 438 3925 (te
457 3878 486 3912 ex
503 3876 577 3926 corr,
596 3861 686 3913 rariae
705 3863 729 3912 in
749 3859 847 3926 rastil
876 3865 1000 3928 tempore
1018 3879 1036 3908 α
1092 3862 1124 3912 16
1143 3859 1298 3913 discretum
1322 3855 1385 3912 V*

1074 3938 1088 3967 ἱ
1134 3937 1148 3966 2

199 3983 230 4032 17
242 3981 422 4048 generatione
435 4000 464 4034 cx
475 3983 649 4050 geniratione
662 3984 688 4035 R
700 3983 877 4050 generatione
891 3984 905 4033 b
966 3981 1000 4035 de
1018 3983 1082 4035 beat
1100 3982 1149 4035 ille
1164 3999 1232 4036 corr.
1242 3981 1309 4035 aa?
1322 3978 1376 4037 Υ

198 4069 230 4120 19
249 4069 450 4136 primogenitus
469 4088 500 4122 ea
525 4071 726 4139 pximagenitus
745 4089 777 4122 nr.
797 4072 816 4121 2
840 4070 864 4123 V
913 4072 946 4123 21
967 4080 1027 4139 post
1054 4085 1088 4122 ex
1115 4051 1234 4123 mortuis
1263 4071 1365 4124 acrba

197 4172 284 4207 errore
319 4157 366 4208 dac
402 4174 498 4224 quamue
525 4159 653 4210 translata
680 4163 712 4209 ut
738 4154 818 4210 tieret
844 4157 903 4225 ipse
935 4157 963 4208 in
990 4158 1092 4210 omnib.
1123 4158 1171 4208 del.
1203 4175 1234 4208 m.
1272 4160 1288 4210 1
1324 4149 1367 4209 V

198 4243 231 4294 23
249 4246 281 4294 ut
298 4244 322 4294 b.
341 4245 358 4295 l.
378 4243 474 4310 om.'V
542 4245 576 4296 24
595 4260 657 4296 cum
676 4262 732 4295 suro.
751 4245 796 4296 lin.
815 4261 831 4296 a
850 4261 882 4295 m.
906 4244 920 4295 l
946 4243 973 4295 V.
