2790 4844
150 258 221 322 ’818
499 260 616 312 sancti
636 261 770 313 llilnrii
790 262 953 328 episcopi

138 440 189 514 'et
210 449 270 529 ipsi
295 448 401 514 babitu
425 450 528 514 seruili
552 451 584 514 id
601 450 736 526 donetur,
759 457 799 526 ut,
823 450 1005 532 quoderat,
1032 460 1140 516 esset:
1166 453 1198 516 in
1224 453 1311 516 torma

158 551 276 618 scilicet
301 554 350 619 dei
374 564 466 618 esset.
513 556 661 619 domnum
686 555 768 618 enirn
785 573 821 618 sc
837 555 1064 619 detrimentum
1083 557 1135 620 sui
1161 556 1309 621 enscnstio

158 657 265 721 sormae
291 657 341 723 dei
367 658 477 723 nesciit
499 658 705 737 adsumptioni
728 658 828 738 potins
851 656 959 722 seruili
982 658 1123 724 sormam
1143 661 1196 725 dei
1211 680 1306 724 rursus

158 761 333 844 adquirens.
378 764 419 825 its
450 781 550 845 neque
580 763 678 827 uirtus
701 762 732 825 in
758 761 926 826 bumilitate
959 782 1032 826 sese
1063 762 1142 828 licet
1166 764 1303 829 cohibens

159 865 271 930 defecit
301 886 339 930 ex
363 886 441 936 sess,
472 886 550 944 curn,
574 867 656 949 quod
678 875 752 942 eret,
779 874 840 931 est:
872 873 902 930 et
928 864 1093 931 humilitas
1118 867 1257 933 cohibita
1274 869 1300 930 in

157 989 226 1033 sese
250 971 365 1035 uirtute
381 978 534 1049 suscepte,
550 990 629 1040 cum,
645 971 729 1053 qnod
751 990 812 1034 non
828 976 901 1045 eret,
918 979 988 1034 esse
1004 970 1111 1050 erepit,
1136 973 1295 1054 profectnnr

158 1074 233 1150 eius,
258 1093 327 1157 quse
351 1096 369 1138 a
393 1095 426 1138 se
450 1095 509 1138 non
528 1074 690 1151 deiecerat,
713 1074 834 1138 uirtutis
856 1075 983 1155 occepit.
1029 1083 1062 1138 et
1085 1075 1158 1140 baec
1183 1077 1294 1159 quiden

157 1176 329 1262 euangelici
361 1179 546 1243 sacrementi
570 1185 600 1243 et
629 1177 774 1242 humone
804 1179 869 1257 spei
900 1179 1015 1242 ueritas
1046 1187 1104 1251 est,
1138 1179 1289 1244 bumcnsn

158 1288 297 1346 naturam
314 1282 606 1365 corruptibilemque
623 1302 749 1347 carnem
764 1303 820 1362 per
836 1281 924 1345 buius
939 1281 1047 1364 gloriae
1065 1283 1288 1347 demutationem

157 1387 187 1448 in
212 1392 364 1450 eternam
388 1386 641 1451 transformatam
664 1406 732 1450 esse
755 1386 968 1450 substantiam.

200 1506 228 1571 8.
253 1508 317 1573 Sed
353 1508 444 1572 buius
478 1515 637 1592 tamqnam
672 1507 846 1572 difficillimi
885 1507 958 1571 lecti
994 1507 1231 1572 admirationem
1262 1519 1284 1569 ct

157 1612 299 1675 merirum
334 1632 369 1676 ec
402 1612 617 1692 pulcherrime
652 1612 718 1697 spei
749 1613 861 1676 donum
886 1612 981 1676 etism
1006 1612 1157 1691 presenti
1183 1610 1283 1692 psnlmo

156 1714 352 1794 propheticus
376 1736 477 1781 sermo
502 1723 630 1781 testetur
653 1717 760 1781 dicens
783 1716 822 1780 sd
844 1716 884 1792 id,
909 1716 992 1798 quod
1027 1716 1164 1779 dixerat:
1196 1713 1280 1778 subi·

157 1819 269 1884 ciens
302 1820 493 1904 populum
530 1841 652 1884 meum
689 1821 760 1884 sub
795 1839 867 1897 me;
903 1820 1073 1896 dominc,
1109 1820 1202 1902 quid
1233 1828 1278 1881 est

157 1921 277 1999 homo,
302 1925 405 2007 quod
429 1925 647 1989 innotuisti
672 1925 722 2002 ei;
745 1931 812 1988 sut
833 1923 952 1988 filins
983 1923 1173 2003 hominis,
1194 1920 1277 2006 quod

156 2028 329 2111 deputes
352 2029 463 2094 sum?
508 2029 620 2093 bomo
654 2028 831 2093 usnitati
867 2025 1021 2091 similis
1056 2027 1189 2092 sectus
1216 2033 1276 2090 est:

156 2131 242 2196 dies
266 2133 354 2197 eius
378 2134 485 2198 sieut
516 2134 655 2197 umbra
676 2139 933 2213 praeterennt.
979 2151 1041 2194 non
1065 2129 1235 2196 differenter
1252 2129 1273 2190 in

154 2242 262 2300 octauo
286 2257 407 2320 quoqne
430 2235 549 2320 pselmo
582 2236 752 2319 proclamet
785 2235 911 2316 spiritus
934 2244 1075 2300 senc-tus:
1110 2237 1273 2317 quidest

155 2338 275 2410 bomo.
299 2342 404 2423 quod
429 2361 575 2405 mernor
599 2361 639 2405 es
663 2341 758 2415 eius,
781 2347 847 2405 snt
868 2338 1272 2420 filiushominis,que

154 2444 257 2508 niam
281 2465 302 2508 u
312 2445 320 2508 i
332 2464 346 2508 s
356 2445 365 2507 i
377 2452 436 2509 tos
460 2450 568 2511 eum?
611 2445 763 2509 confessio
778 2444 837 2509 iste
852 2442 1065 2523 pulcherrima
1080 2449 1178 2519 estut
1192 2440 1270 2522 indig-

152 2568 227 2612 num
251 2568 284 2612 se
309 2548 400 2613 bomo
423 2555 507 2615 tento
531 2569 657 2613 munere
681 2550 747 2628 ipse
767 2553 903 2613 testetur.
949 2554 1066 2612 etcum
1083 2547 1268 2628 seindignon

153 2651 323 2727 confitetur,
347 2653 477 2734 groticun
502 2654 576 2729 eius,
608 2654 659 2735 qui
684 2653 743 2717 sibi
769 2652 835 2716 baec
858 2652 1016 2736 largietur,
1041 2650 1164 2716 extollit
1205 2647 1268 2731 qnod

152 2754 235 2818 enim
260 2757 403 2822 meritum
428 2757 563 2822 hominis
587 2765 641 2834 est,
665 2763 697 2820 ut
717 2757 743 2821 ei
760 2775 794 2820 se
810 2754 1052 2840 cognoscibilem
1069 2756 1146 2820 dens
1161 2756 1267 2835 prestet.

152 2868 184 2923 ut
206 2860 457 2944 incognoscibilis
480 2867 588 2926 nature
609 2861 775 2945 cognitioni
798 2868 912 2925 nostrae
935 2873 1004 2925 sese
1022 2859 1092 2940 ipss
1114 2851 1267 2924 submittet?

100 2996 105 3007 ·
152 2970 204 3027 sut
234 2985 303 3047 quse
338 2965 475 3047 dignitas
508 2972 555 3030 est
584 2964 638 3028 filii
669 2964 812 3038 hominis,
846 2969 878 3028 ut
900 2963 1086 3044 deputetur?
1128 2963 1266 3042 deputetur

151 3076 262 3147 antem,
297 3070 448 3152 quidquid
479 3072 518 3134 de
550 3090 595 3143 eo,
624 3069 740 3151 inquo
771 3075 826 3145 est,
848 3069 879 3131 in
904 3068 987 3132 alind
1024 3069 1197 3132 destinetur.
1232 3057 1263 3124 rei

151 3182 291 3237 usturam
332 3174 498 3238 uerborum
535 3175 631 3239 uirtus
669 3173 828 3256 eloquitur.
885 3172 978 3236 bomo
1016 3173 1141 3236 nenitsti
1177 3163 1262 3232 sinitis

151 3275 285 3354 effectus,
309 3284 340 3343 et
362 3278 449 3343 cuius
470 3278 536 3343 dies
552 3289 709 3360 tamquam
727 3277 837 3341 umbre
853 3283 1048 3357 praetereunt,
1071 3297 1125 3357 per
1139 3269 1259 3337 indultum

151 3382 356 3465 cognitionem
380 3382 429 3447 dei
453 3384 624 3466 deputetur.
669 3381 790 3446 penites
813 3380 958 3445 saeculnm
983 3387 1038 3455 est
1062 3380 1146 3445 cuius
1164 3373 1259 3440 babitus

150 3493 179 3549 et
202 3485 301 3550 forma
323 3485 453 3551 tolletur.
500 3487 556 3551 deo
577 3487 657 3551 enirn
675 3485 768 3549 inens
784 3492 839 3561 est,
861 3484 1018 3568 quidquid.
1042 3482 1181 3566 quemuis
1194 3483 1258 3542 erte.

196 3664 226 3714 re
244 3661 286 3713 rs.
306 3661 379 3727 vni,
398 3665 423 3714 s.

195 3821 203 3868 1
226 3824 254 3871 ee
281 3819 335 3887 ipsi
361 3818 457 3872 nabitu
487 3819 512 3870 n
538 3817 571 3876 ec
599 3815 879 3868 elienor-neces.
907 3815 950 3865 rar.
970 3814 1043 3866 nect.
1059 3832 1088 3883 ρ.
1105 3813 1158 3864 rio
1181 3820 1203 3864 e
1223 3797 1261 3871 ipsi

147 3902 254 3957 habitui
273 3907 301 3957 E
351 3907 417 3958 2ac
436 3905 461 3957 R
479 3905 513 3957 sd
534 3906 561 3956 E
611 3901 746 3956 Bnesciit
765 3903 790 3953 R
808 3901 897 3954 nescit
915 3900 944 3952 Ε
991 3910 1051 3970 post
1075 3899 1173 3953 nesciit
1190 3904 1263 3949 erote

148 3992 335 4057 assumptione
346 4011 375 4044 es
387 3991 568 4060 assumptioni
586 4009 619 4042 m.
628 3987 683 4042 31?
734 3990 752 4040 4
768 3987 798 4039 in
817 3986 974 4039 humilitate
985 3986 1049 4038 ltin
1067 3975 1266 4039 humilitatenit}

147 4077 505 4131 scohibitaexcohihittrt
552 4075 712 4144 decepitR
758 4077 790 4127 12
808 4073 859 4127 hsc
877 4072 1119 4142 pulcherrimseR
1167 4074 1196 4124 15
1213 4062 1269 4138 qnod

147 4164 291 4216 innotuisti
319 4166 343 4216 n
371 4165 435 4231 quia
465 4163 609 4216 innotuisti
638 4163 665 4213 Ε
723 4164 756 4214 16
774 4171 797 4213 ct
827 4159 863 4212 27
895 4159 1014 4213 uanitsti
1045 4178 1076 4212 es
1106 4159 1233 4213 usnitstis
1255 4153 1272 4206 ll

147 4253 181 4304 98
199 4256 353 4318 praetereat
374 4251 417 4303 lla
435 4253 481 4304 sed
497 4251 531 4318 cf.
550 4252 593 4301 lin.
614 4249 645 4300 17
665 4259 689 4302 et
707 4250 788 4301 Acod.
804 4267 832 4319 p.
851 4247 896 4300 15.
