2790 4844
361 292 543 341 tractatus
562 287 596 339 in
615 288 785 355 psalmum
806 289 977 343 CXXXVIII.
1183 289 1245 353 763

143 478 195 541 27.
220 477 366 561 Sequitur
404 479 531 542 deinde:
571 479 665 560 quia
703 485 757 551 tn,
796 480 972 555 domino,
1018 481 1246 560 possedisti

96 604 222 647 renes
256 603 372 646 meos.
397 582 620 662 suscepisti
656 602 713 647 me
747 584 793 648 de
829 589 942 648 utero
977 585 1121 648 matris
1144 606 1245 650 meae.

96 687 337 752 confitebor
361 687 445 760 tibi.
470 688 563 769 quia
588 687 845 752 terribiliter
876 688 1129 760 mirificatus
1152 709 1245 753 sum.

97 799 187 857 tenet
216 793 308 856 etiam
342 811 424 856 nuno
457 793 597 856 ordinem
630 790 864 875 significationis
899 793 1067 876 utriusque,
1102 798 1134 857 ut
1157 814 1192 858 se
1215 809 1246 857 et

96 896 263 961 bominem
287 903 318 960 et
341 896 433 960 deum
457 898 576 960 doceat.
620 915 690 960 oum
715 895 797 960 enim
812 897 1010 975 possidentur
1032 918 1049 960 a
1073 897 1130 961 deo
1152 917 1244 961 renes
1285 927 1297 961 t

96 1000 168 1065 eius
192 1009 223 1065 et
256 1001 404 1065 ornabis
436 1008 524 1064 utero
559 1000 733 1080 susoipitm,
768 1000 935 1079 eorporalis
968 1002 1000 1064 in
1035 1021 1071 1065 eo
1106 1002 1246 1066 eondioio

96 1112 297 1169 monstratur.
343 1105 375 1168 in
398 1105 524 1168 renibus
547 1106 630 1167 enim
660 1103 825 1184 uoluptatis
857 1110 904 1169 est
933 1125 1033 1169 eausa.
1078 1106 1245 1170 sedonius

95 1229 194 1273 renes
218 1230 235 1272 a
259 1211 316 1273 deo
339 1209 544 1288 possidentur,
567 1229 628 1272 non
653 1215 766 1272 exeunt
787 1208 818 1271 in
841 1207 1016 1289 uoluptates
1039 1211 1175 1289 eorporis
1197 1211 1245 1273 in-

95 1315 228 1378 oentiuo
250 1311 392 1377 lasoiuiae.
439 1313 544 1394 etqui
575 1313 613 1376 ab
647 1319 734 1376 utero
769 1313 876 1376 matris
910 1313 1080 1391 suscipitur.
1116 1334 1177 1378 non
1207 1315 1247 1377 ad

95 1438 198 1498 opera
221 1416 325 1481 saeenli
348 1438 367 1480 a
389 1417 447 1481 deo
470 1424 631 1496 susceptus
655 1417 783 1481 excedit.
829 1418 928 1481 omnis
944 1418 1039 1499 igitur
1054 1418 1119 1482 eius
1140 1418 1248 1483 uolun·
1275 1445 1300 1479 lo

96 1530 149 1585 tas
176 1542 212 1586 ao
235 1521 322 1586 labor
344 1527 391 1586 est
414 1529 532 1601 patrem
556 1523 735 1604 praedieore,
771 1521 958 1585 uoluntatem
989 1522 1083 1605 patris
1113 1522 1245 1603 explere,

95 1635 265 1706 arreptum
288 1646 307 1690 a
330 1632 415 1706 patre
439 1624 566 1690 calicem
590 1625 705 1689 bibere.
750 1625 818 1690 haee
834 1626 915 1688 enim
932 1625 1068 1690 hominis
1083 1627 1138 1702 sui,
1155 1646 1246 1709 quem

96 1730 288 1810 adsumpsit,
311 1730 414 1793 officia
430 1739 509 1793 sunt.
544 1730 600 1794 sed
616 1749 687 1794 cum
703 1730 759 1793 ait:
785 1730 1021 1793 confitebor
1044 1731 1128 1800 tibi.
1152 1731 1247 1813 quia
1333 1728 1334 1732 ’

98 1833 361 1899 terribiliter
384 1833 639 1899 mirificatus
662 1853 754 1908 sum,
770 1833 998 1898 confessionem
1016 1855 1143 1899 omnem
1159 1837 1247 1899 terri-

98 1939 175 2003 bilis
210 1939 249 2002 de
283 1958 317 2002 se
352 1938 565 2001 admirationis
599 1938 638 2001 ad
671 1936 805 2021 gloriam
838 1938 951 2001 diuinas
982 1939 1161 2003 substantia
1184 1959 1247 2002 suae
1275 1961 1301 1999 rt

98 2044 216 2107 reddit.
262 2043 440 2106 miritioatus
471 2047 519 2107 est
549 2043 633 2106 eninr
664 2041 702 2105 ob
732 2042 773 2118 id,
804 2041 875 2124 quia
898 2043 974 2106 deus
997 2042 1135 2122 possedit
1156 2062 1248 2107 renes

101 2149 178 2214 eius.
203 2147 274 2230 quio
296 2167 314 2209 e
338 2147 445 2211 matris
480 2155 565 2210 utero
599 2153 761 2226 susceptus
784 2152 839 2210 est.
884 2167 940 2228 por
972 2146 1005 2211 id
1039 2149 1249 2231 enimpquod

102 2252 247 2316 uoluntas
270 2252 336 2316 eius
359 2259 390 2315 et
413 2251 550 2330 operatio
574 2254 632 2316 deo
657 2251 761 2314 dedita
783 2250 848 2326 fuit,
885 2249 1039 2314 mirifioori
1071 2250 1250 2315 terribiliter

104 2357 281 2436 promeruit
326 2355 508 2419 mirificatus
531 2362 634 2420 autem
659 2354 836 2419 terribiliter
859 2359 914 2424 ost,
945 2356 1019 2419 dum
1042 2354 1126 2419 horis
1149 2356 1249 2419 oruois

106 2461 244 2526 teoebrae
274 2467 353 2532 sunt,
385 2461 459 2523 dnm
489 2461 595 2525 tremit
625 2467 713 2536 terra,
744 2460 818 2523 dum
849 2479 924 2523 sare
951 2468 1142 2539 rumpuntur
1174 2459 1248 2524 dum
1276 2477 1302 2514 2⁰

106 2572 213 2644 patent
236 2563 410 2645 sepulchra,
434 2564 508 2628 dum
532 2563 642 2628 mortui
674 2569 849 2647 resurgunt,
880 2563 953 2627 dum
985 2564 1017 2627 in
1048 2564 1159 2627 eodem
1182 2583 1248 2628 eor-

106 2688 180 2747 pore
204 2670 272 2749 ipse
295 2668 488 2748 conspicitur,
520 2668 594 2731 dum
625 2667 736 2732 clausis
766 2668 866 2731 ianuis
901 2667 958 2731 soli
982 2668 1040 2731 sibi
1064 2667 1249 2747 penetrabili

90 2775 189 2851 ,aditu
214 2773 342 2847 adsistit,
373 2775 448 2837 dum
477 2772 517 2835 ad
547 2771 639 2836 erulos
670 2771 816 2840 eleuetur.
848 2774 923 2836 dum
954 2770 1084 2851 apostoli
1108 2772 1249 2855 gentium

102 2874 221 2961 linguis
244 2875 395 2953 locuntur,
430 2878 504 2940 dum
539 2877 656 2940 umbrae
691 2896 796 2940 eorum
830 2876 948 2941 morbis
973 2877 1143 2952 medentur,
1174 2878 1248 2940 dum

101 2982 226 3046 claudis
247 3001 410 3045 nummum
434 2981 633 3059 poscentibus
656 2999 764 3044 eureus
788 2980 926 3053 donatur,
951 2983 1026 3044 dum
1043 2979 1250 3062 eleemosynis
1277 2995 1303 3032 ss

100 3084 233 3165 inopum
257 3091 395 3149 mortuns
419 3085 566 3159 redditur,
591 3086 664 3149 dum
688 3090 902 3164 persecutores
921 3084 999 3147 liunt
1024 3078 1250 3163 praedicatores

100 3192 180 3254 dum
217 3188 376 3253 dissolutis
410 3189 527 3253 eatenis
561 3195 699 3253 cantatur
728 3189 916 3262 incarcere,
942 3188 1250 3271 duminmartyrio

101 3294 237 3378 martyri
253 3294 376 3358 uidetur
398 3293 430 3357 in
445 3292 537 3367 eaelis,
561 3295 636 3357 dum
655 3300 813 3372 postremo
836 3293 867 3355 in
892 3312 936 3364 eo,
960 3312 1022 3374 quo
1038 3292 1175 3357 eleustus
1195 3300 1249 3363 est,

102 3418 236 3479 <torpore
271 3419 290 3462 a
324 3398 441 3462 dextris
476 3397 525 3460 dei
560 3398 663 3475 sedet,
705 3398 791 3461 euius
825 3397 855 3461 io
891 3394 990 3480 gloria
1024 3405 1055 3461 et
1088 3397 1249 3461 maiestate

103 3507 281 3582 permanet.
1277 3514 1304 3550 ³⁰

152 3692 252 3761 lquia
279 3697 311 3745 tu
338 3693 392 3745 dr're
420 3693 475 3745 RE
500 3694 691 3760 quiazztu
712 3693 736 3743 G
789 3695 806 3745 3
833 3690 1027 3759 magnificatus
1055 3710 1083 3745 es
1104 3694 1136 3758 G,
1155 3696 1201 3746 sed
1216 3694 1251 3762 cs.

110 3780 170 3848 infr.
190 3790 213 3832 et
233 3781 297 3831 Ate.
316 3779 366 3846 IV,
385 3779 423 3832 86
475 3783 585 3833 tnune
605 3780 631 3828 G
648 3780 730 3832 11th
783 3780 798 3829 t
824 3779 902 3832 ouius
920 3797 968 3832 om.
988 3780 1014 3831 tt
1066 3779 1252 3846 8uolnptetis

114 3865 476 3936 GRsedffirlcodpr'
532 3870 562 3920 13
581 3867 632 3920 tibi
651 3867 705 3919 dr'rs
723 3868 746 3919 b.
759 3866 817 3919 to
871 3868 903 3918 16
921 3865 1086 3919 reddiditlt
1140 3869 1173 3919 19
1190 3884 1252 3935 pro·

111 3953 429 4007 meruit-terribiliter
447 3972 496 4006 om.
508 3955 533 4006 G
585 3954 662 4006 horis
684 3956 708 4005 G
727 3953 782 4006 oris
801 3953 827 4006 R
844 3952 940 4005 horae
992 3955 1027 4006 25
1045 3952 1208 4020 elemosynis
1228 3954 1253 4006 R

111 4095 141 4146 tt
159 4093 190 4146 in
217 4050 380 4159 martyrioG
432 4095 467 4146 28
488 4094 605 4161 martyri
634 4094 659 4142 (ι’
686 4111 702 4144 o
729 4098 850 4160 martyre
877 4092 932 4144 RE
983 4091 1012 4144 in
1039 4108 1071 4145 eo
1098 4093 1172 4159 quod
1201 4093 1253 4144 ert

109 4181 142 4234 29
168 4180 249 4233 euius
268 4179 297 4232 in
315 4180 405 4248 glorio
423 4186 451 4233 et
469 4180 708 4233 maiestatemne*
734 4178 826 4242 (unum
849 4180 954 4232 iambum
972 4178 1062 4244 eaeo.)
1084 4182 1108 4232 G
1127 4180 1205 4233 euius
1224 4180 1252 4232 in

108 4266 198 4336 gloria
217 4270 246 4320 et
263 4267 393 4320 manebat
410 4272 439 4322 et
456 4273 601 4335 permonet
619 4268 678 4320 RE.
