2790 4844
384 265 568 312 tractatus
593 259 627 311 in
651 260 824 327 psalmum
849 263 922 315 Xlll.
1187 265 1224 331 81

96 446 129 508 ad
148 447 361 514 edirndendmn
386 450 571 534 sangninem
596 470 702 514 cursus
726 452 774 527 sit,
810 461 841 516 et
863 471 918 532 par
941 452 1016 529 haeo,
1047 474 1107 518 non
1131 475 1226 539 agno-

96 553 233 618 scentibus
264 555 348 617 uiam
379 554 473 633 pacis
504 555 535 618 in
565 555 709 621 omnibus
739 555 809 621 uitae
841 576 945 621 eorum
980 557 1038 622 uiis
1062 557 1225 624 infelicitas

96 654 283 738 ingmnescrt
320 658 373 722 ubi
402 658 434 721 in
459 658 551 722 deum
576 658 658 722 nulla
680 661 855 724 reuerentia
886 669 940 730 est.
974 661 1025 725 ubi
1056 662 1225 728 deuastatio

99 758 181 837 plebis
202 763 250 826 dei
274 763 520 842 persecutoribus
544 775 702 846 tamquam
734 764 820 829 cibus
844 765 933 844 panis
956 765 1005 841 sit,
1028 773 1059 831 st
1081 767 1225 832 innocen-

99 862 162 927 tium
183 876 301 942 mortes,
325 869 447 942 damna,
471 865 621 946 supplicia
643 866 698 930 fiat
721 867 845 932 satietas
869 868 1052 952 iniquorum,
1077 869 1129 934 ubi
1148 870 1224 935 deus
1266 903 1278 939 a

101 985 150 1030 nrm
163 969 320 1047 innonatur,
344 977 374 1035 et
397 971 567 1050 trepidatur
589 971 622 1034 in
645 970 744 1048 nullis,
768 978 941 1037 creaturam
956 973 988 1035 in
1008 972 1224 1038 idolisomisso

101 1080 213 1137 creatore
239 1075 459 1149 reuerentibus
489 1075 540 1139 ubi
566 1076 642 1140 deus
666 1076 697 1139 in
720 1065 921 1158 generatione
943 1077 1023 1140 iusta
1046 1077 1224 1157 desperatur

103 1169 225 1254 babitare,
248 1193 279 1243 et
302 1177 464 1243 consilium
488 1179 587 1259 inopis
611 1179 817 1254 contunditur,
841 1188 871 1243 et
894 1200 965 1259 spes
988 1180 1143 1260 patientiae
1159 1180 1224 1244 eius

104 1275 237 1346 inluditur:
269 1282 317 1346 bis
341 1282 436 1367 igitur
465 1284 508 1346 ita
531 1283 745 1365 grassantibus
776 1283 865 1348 malis
890 1291 920 1348 et
942 1290 1005 1348 toto
1028 1285 1104 1349 orbe
1126 1284 1221 1348 domi-

105 1384 221 1450 nantibus
251 1387 391 1452 conscius
422 1387 548 1467 spirit-us
579 1393 703 1452 sanctus
734 1388 808 1464 eius,
846 1388 897 1470 qui
922 1387 1004 1452 solus
1028 1408 1119 1467 opem
1142 1389 1224 1453 serre
1252 1419 1276 1455 ιο

107 1489 190 1568 parit,
208 1490 372 1556 exclamat:
396 1491 486 1572 quis
510 1491 626 1555 dabit
649 1511 693 1555 er
719 1491 813 1555 Sion
838 1491 1225 1557 salutarelsrahel?

108 1595 243 1661 nonenim
268 1595 394 1678 Moyses
416 1596 554 1673 dederat,
577 1616 639 1660 non
662 1594 756 1671 Elias,
782 1616 840 1659 non
865 1595 982 1672 Esaias,
1006 1615 1068 1660 non
1093 1596 1223 1676 prophe·

108 1700 148 1767 itt
166 1699 258 1763 omnia
287 1698 367 1783 legis
401 1719 494 1780 opera
517 1701 665 1764 aduersus
690 1707 806 1765 antam
831 1699 1009 1764 morborum
1033 1705 1154 1779 pestem
1179 1700 1224 1764 in-

107 1793 289 1867 finnabantur.
313 1823 389 1883 opus
405 1810 470 1869 erat
481 1805 611 1877 medico,
624 1805 676 1886 qui
691 1823 750 1868 nna
761 1812 855 1888 atque
867 1804 976 1869 eadem
989 1803 1091 1868 auxilii
1104 1806 1150 1868 sui
1166 1825 1223 1884 ope

108 1902 217 1970 aduersa
229 1917 350 1981 curaret
362 1916 392 1972 et
403 1913 447 1973 tot
458 1929 493 1974 ac
506 1909 606 1973 uarios
618 1908 650 1971 in
663 1914 725 1971 toto
737 1909 812 1972 orbe
824 1906 988 1991 languores
1000 1928 1060 1971 non
1073 1913 1146 1983 arte,
1163 1928 1222 1972 non
1252 1938 1276 1975 a

109 2020 229 2080 apere-
242 2013 316 2095 quia
331 2013 454 2094 quando
469 2033 545 2092 opus
562 2019 593 2078 et
608 2033 659 2076 ars
675 2012 806 2092 singulis
822 2010 963 2076 adhibita
978 2012 1166 2092 profuisset?
1182 2049 1222 2058 —

109 2108 148 2170 sed
158 2116 231 2180 uerbi
249 2121 402 2196 potestate
419 2122 549 2181 sanaret.
566 2115 648 2181 hunc
664 2116 795 2199 requirit
809 2116 943 2196 spiritus,
960 2115 1042 2181 huno
1059 2126 1222 2196 exspectat,

109 2211 215 2283 deuius
236 2221 407 2285 aduentum
426 2220 520 2284 febris
540 2220 722 2303 quiesceret.
739 2221 862 2290 caecitas
885 2221 1049 2298 desineret,
1072 2218 1222 2304 paralysis

110 2331 151 2383 ton
168 2332 249 2400 esset,
272 2345 357 2388 mors
380 2345 440 2387 non
457 2330 636 2404 oocuparet:
659 2323 742 2388 hunc
759 2332 925 2404 exspectat,
943 2324 1024 2388 hunc
1041 2323 1220 2405 proclamat,

110 2413 260 2493 bucmar:
292 2429 383 2513 quis
407 2428 522 2492 dabit
552 2448 595 2493 er
620 2429 715 2493 Sion
747 2428 930 2493 salutare
955 2427 1139 2494 Israhel?
1166 2429 1220 2492 sed
1249 2454 1274 2492 aa

110 2519 259 2615 iudngulis
281 2533 387 2598 uerbis
410 2531 540 2616 singulae
563 2533 694 2597 uirtutes
717 2539 788 2596 sunt
811 2532 1007 2612 explicanda.

139 2629 159 2695 l.
178 2636 245 2702 Sion
261 2658 332 2721 qum
348 2638 396 2713 sit,
411 2636 566 2717 apostolus
587 2637 770 2713 ducatuum
795 2637 885 2702 dicit:
908 2636 1151 2701 accedamus
1174 2637 1220 2699 ad

110 2725 362 2806 Sionmontem
387 2742 486 2806 etad
510 2749 691 2805 sanctam
716 2740 929 2805 ciuitatem
948 2737 1220 2815 Hierusalem;

110 2854 187 2907 turres
206 2847 291 2911 enim
315 2845 467 2911 currimus
490 2845 737 2924 adprehendere,
761 2845 800 2908 in
824 2865 899 2927 quo
922 2864 1057 2911 sumus
1080 2844 1220 2923 adpre-

111 2931 195 3011 lensi
224 2971 242 3014 a
272 2948 449 3021 Christo,
473 2949 584 3026 idest,
608 2949 740 3013 inueniri
763 2949 795 3012 in
820 2949 884 3012 eius
915 2968 1052 3028 corpore,
1076 2948 1160 3030 quod
1183 2966 1221 3012 ex
1249 2976 1274 3014 aa

110 3043 170 3114 tobis
197 3054 263 3134 ipsa
297 3054 503 3133 praesumpsit,
538 3054 570 3116 in
600 3073 661 3135 quo
692 3059 763 3117 ante
793 3053 1045 3117 constitutionem
1071 3051 1220 3116 mundia

111 3158 168 3218 utre
187 3178 291 3223 sumus
314 3157 412 3233 electi,
444 3158 475 3220 in
499 3178 558 3241 quo
581 3155 769 3222 reconciliati
793 3178 831 3222 ex
854 3157 988 3222 inimicis
1019 3162 1051 3220 et
1073 3154 1218 3237 adquisiti

111 3266 185 3324 binus
205 3284 242 3330 ar
265 3262 405 3342 perditis,
436 3261 467 3325 iu
491 3281 552 3343 quo
575 3260 731 3341 apostolus
760 3281 830 3325 cum
850 3262 975 3333 damno
1005 3260 1218 3325 uniuersomm

137 3394 252 3455 adeor.
272 3402 333 3459 Xll.
352 3403 395 3487 22.
430 3402 466 3454 24
483 3400 602 3468 Philipp.
621 3402 670 3465 ΙΙΙ,
691 3403 732 3453 12.

139 3552 321 3611 tenendarum
330 3576 361 3609 ez
371 3556 540 3610 afundedum
549 3555 651 3610 m.2V
689 3555 990 3624 dplebiseorumdair
1025 3553 1221 3621 5dampnaRr

113 3630 219 3696 ltnirro
244 3664 274 3698 er
301 3643 424 3698 omnisne
441 3644 465 3696 V
538 3646 555 3696 7
582 3643 617 3697 dd
645 3648 770 3696 creatore
803 3642 839 3695 Vr
910 3641 1102 3695 reverentibus
1128 3641 1221 3709 scripsi

114 3729 233 3785 maeatas
260 3732 360 3784 arta·
419 3734 437 3784 9
464 3731 652 3786 crassantibus
676 3731 700 3784 V
755 3733 785 3783 ll
813 3734 908 3797 posset
930 3729 967 3784 Vr
1028 3730 1059 3780 12
1089 3727 1176 3780 eseias
1198 3725 1223 3778 V

114 3815 214 3876 “tur
283 3821 317 3872 14
346 3818 436 3886 adque
462 3818 497 3870 Vr
570 3818 603 3870 15
634 3818 724 3870 uarias
749 3817 773 3869 V
839 3816 906 3869 orba
935 3835 965 3869 er
994 3815 1063 3868 urba
1089 3832 1122 3866 m.
1150 3812 1170 3864 2
1199 3811 1224 3864 V

116 3888 495 3974 liafuiraetlepmpmwn.
511 3905 574 3968 1)ss
619 3905 651 3956 17
661 3908 841 3972 potestatem
853 3901 1045 3970 potestatasV
1095 3916 1220 3952 sanarer

115 3989 255 4046 “littatll
326 3995 358 4045 18
384 3990 553 4059 paralyticus
591 3990 617 4045 V
651 3988 792 4058 paralitica
818 3986 1021 4057 (paraliticurl)
1048 4008 1061 4039 r
1131 3988 1166 4039 23
1191 3990 1220 4039 et

116 4062 241 4145 altres.
269 4079 388 4132 arrasa
415 4078 469 4137 rrr,
497 4075 555 4130 aro
581 4080 642 4130 aaa.
674 4077 708 4129 ru
736 4077 777 4128 aa
848 4074 1133 4143 sompnolentiam
1172 4072 1220 4125 Vs

116 4151 410 4220 ‘lrmhennrumurlro
454 4167 489 4219 26
508 4163 692 4233 praesumpsit
702 4161 779 4231 (prae
789 4166 814 4215 in
825 4164 925 4228 roalR
969 4158 1222 4215 anteortenr.2V

115 4234 289 4313 ²⁸⁰¹ptrditia
307 4272 337 4306 ex
355 4259 383 4306 et
401 4251 519 4320 peruitis
544 4251 573 4304 V.

156 4358 211 4404 Hb.
221 4369 285 4411 arur.
300 4374 357 4414 t’let.
372 4382 421 4421 para
436 4371 456 4412 ῐ.
1045 4356 1062 4404 b'
