2790 4844
218 236 279 301 522
560 235 674 288 sancti
699 235 834 289 Hilarii
858 235 1019 304 episcopi

218 427 419 507 deprecemur
441 445 541 508 neque
565 427 594 488 in
620 446 656 489 eo
678 425 763 489 uocis
787 429 886 505 potins
910 425 950 489 sit
966 425 1103 490 officinm
1121 445 1216 509 quam
1236 428 1350 491 mentis:

218 529 443 595 denotationis
477 537 589 594 nostrae
625 536 752 607 secreta
786 531 859 612 qnia
893 537 1083 594 secretorum
1114 531 1274 610 inspector
1302 538 1348 604 est,

217 634 386 697 audiantur.
432 653 506 717 ergo
529 633 716 697 contrarium
741 632 927 717 euangelicis
961 634 1108 697 institutis
1138 635 1263 699 uidetur
1290 633 1346 698 hoc.

218 738 300 821 qnod
334 738 376 802 ait
414 737 564 818 propheta
609 738 729 801 dicens:
768 735 944 801 clamani
983 744 1066 803 toto
1104 742 1228 804 eorde
1266 758 1345 808 men.

218 841 361 905 exaudi
385 862 451 905 me.
483 843 659 919 domine;
694 841 1028 907 iustificationes
1062 849 1152 907 tuas
1182 844 1344 927 requiro.

216 947 271 1010 sed
295 947 353 1011 scit
375 944 526 1026 propheta
548 944 716 1010 clamorem
739 946 840 1025 potins
874 946 975 1010 cordis
1010 953 1154 1026 oportere
1188 967 1266 1025 esse,
1295 966 1343 1010 non

216 1051 309 1126 noeis,
334 1049 500 1114 etidcirco
524 1050 562 1114 de
586 1050 676 1114 corde
701 1048 823 1113 elamat.
868 1069 927 1113 non
952 1049 1003 1114 hio
1027 1049 1114 1115 elate
1145 1052 1232 1116 nocis
1264 1070 1343 1116 sonus

217 1163 262 1218 est
286 1174 386 1237 neque
410 1152 579 1236 corporalis
603 1154 724 1230 auditio,
748 1156 803 1218 sed
832 1153 948 1218 clamor
977 1154 1060 1232 fidei,
1092 1153 1208 1220 clamor
1237 1154 1342 1220 mentis.

215 1278 313 1341 usquo
337 1260 376 1322 ad
400 1259 448 1322 dei
474 1258 618 1322 thronum
641 1278 700 1322 non
725 1260 793 1323 nisn
816 1259 909 1336 nocis,
934 1260 989 1323 sed
1005 1258 1075 1322 fidoi
1105 1261 1215 1340 spiritu
1231 1259 1341 1324 efferen-

217 1364 282 1426 dus.
329 1362 379 1427 ille
403 1364 485 1427 enim
510 1363 549 1426 ad
573 1364 664 1427 deum
699 1364 791 1427 corde
826 1363 946 1440 clamat,
981 1364 1033 1446 qni
1068 1383 1185 1449 magna
1219 1362 1340 1444 postulat

216 1469 268 1549 qui
293 1466 426 1532 celestia
449 1475 601 1546 precatur,
626 1467 677 1549 qni
702 1475 818 1531 retorna
840 1476 952 1546 sperat,
977 1468 1029 1550 qui
1045 1468 1220 1533 innocentis
1240 1467 1338 1532 timoris

215 1571 291 1634 uiuit
313 1570 432 1636 officiis.

260 1762 288 1823 ⁶2.
314 1760 365 1825 Sic
389 1771 419 1825 et
441 1763 470 1825 in
496 1760 588 1826 huius
611 1761 718 1825 mnndi
741 1763 865 1825 eror'dio
889 1761 986 1826 iustus
1003 1761 1083 1825 Abel
1099 1762 1193 1826 etiam
1216 1779 1334 1843 peremp-

215 1874 264 1929 tus
289 1885 402 1949 magna
425 1865 560 1947 loquitur
583 1873 612 1930 et
636 1864 757 1930 elamat.
805 1868 953 1945 scriptum
977 1872 1023 1930 est
1046 1867 1146 1931 enim:
1181 1887 1249 1930 uox
1269 1881 1333 1928 san·

217 1969 356 2052 guinis
379 1967 524 2034 fratris
548 1970 603 2034 tui
629 1969 777 2034 clamat
799 1971 845 2033 ad
870 1990 937 2034 me.
961 1990 1020 2033 uon
1038 1968 1165 2035 humilis
1183 1976 1330 2035 sanctoruni

216 2072 352 2156 querella
375 2079 431 2151 est,
454 2094 509 2138 nec
534 2075 680 2153 depressa
701 2072 839 2137 fidelium
864 2075 960 2138 oratio
983 2080 1038 2138 est
1084 2074 1181 2138 altum
1205 2067 1330 2154 estquod

216 2176 357 2256 postulat.
392 2177 548 2242 excelsum
572 2185 626 2245 est,
651 2180 733 2259 qnod
758 2184 922 2258 exspectat,
958 2177 1092 2242 clamore
1115 2197 1271 2258 personum
1289 2176 1328 2236 est

216 2283 297 2364 qnod
314 2291 461 2361 precatur.
499 2283 651 2365 nrgnehat
668 2282 787 2346 Pharao
806 2282 924 2346 infestis
941 2282 988 2347 dei
1005 2282 1153 2362 populum
1170 2278 1329 2366 agminibus.

215 2406 300 2449 mare
324 2387 452 2450 rubrum
483 2388 565 2469 luga¹
595 2386 770 2461 obsistebat,
801 2385 964 2451 conclusus
994 2387 1130 2468 undique
1154 2384 1266 2451 Israhel
1284 2381 1328 2443 inu

163 2512 167 2526 ‘
216 2491 253 2552 ad
278 2503 408 2554 mortem
433 2491 593 2554 uidebatur
623 2489 713 2554 hosta
745 2491 891 2570 proximo,
925 2490 1002 2554 mari
1034 2490 1134 2556 obuio.
1180 2484 1339 2554 interme

215 2593 330 2657 nnllam
355 2593 456 2676 Moysi
480 2595 519 2658 ad
544 2595 633 2659 deum
657 2614 766 2659 nocem
790 2595 884 2658 luisse
909 2595 1060 2674 scriptura
1083 2602 1225 2671 testatur,
1255 2583 1352 2656 sabat

215 2710 350 2770 maestus
385 2698 486 2761 stabat
517 2706 630 2770 tacens,
665 2700 720 2763 sed
755 2707 873 2762 secreto
909 2698 1010 2762 cordis
1046 2699 1092 2761 sni
1128 2713 1286 2778 personans
1313 2688 1363 2743 et

214 2802 360 2866 orationis
396 2822 459 2865 snae
493 2801 554 2866 fide
577 2802 720 2866 elanurns.
766 2824 822 2865 nox
859 2803 939 2866 enim
976 2802 1056 2866 istud
1092 2803 1196 2866 diuina
1228 2792 1369 2865 astaus

260 3014 291 3062 rt
310 3009 377 3063 Gen.
397 3010 442 3077 IV,
463 3012 504 3063 10.

260 3186 270 3235 l
292 3184 489 3251 depraecemur
517 3183 542 3235 R
568 3199 745 3250 precemnre
769 3200 947 3251 precaremur
974 3188 1183 3252 (praeearamnr
1212 3185 1245 3249 V)
1273 3146 1385 3246 l'tss

213 3270 304 3338 potins
323 3270 359 3322 sit
377 3272 469 3339 scripsi
486 3269 577 3337 potius
597 3271 622 3322 Il
640 3270 732 3337 potius
752 3274 823 3323 essct
845 3270 936 3340 repr:
986 3273 1129 3324 2seoreto
1146 3269 1219 3342 μω)
1268 3250 1385 3322 δι’)

214 3357 325 3409 diantur
352 3358 444 3427 scripsi
470 3356 598 3409 audiatur
631 3355 678 3410 VR
706 3363 734 3409 et
761 3358 872 3410 auditor
893 3357 1056 3410 Cauditore
1073 3356 1146 3427 pm)
1175 3357 1295 3411 audiente
1325 3314 1385 3396 β

212 3444 275 3496 lin
295 3448 354 3496 toto
376 3444 428 3513 Cpb
453 3460 486 3496 ex
511 3448 601 3496 totoe
654 3444 751 3496 lidme
778 3463 808 3497 ca·
835 3443 896 3497 dms
925 3462 956 3495 nr.
985 3442 1004 3495 ί)
1028 3444 1052 3496 V
1103 3444 1243 3513 requiram
1260 3401 1385 3511 hep)

213 3532 290 3582 Sest
309 3550 356 3582 om.
383 3531 405 3582 l'
455 3525 520 3584 lidi
539 3536 649 3583 tronum
675 3529 760 3583 Vrrhjf
775 3530 904 3583 thronum
933 3531 978 3583 dei
998 3532 1026 3583 E
1076 3548 1132 3583 non
1152 3532 1206 3584 nisi
1230 3531 1315 3583 l'non
1370 3520 1385 3541 ¹

213 3615 367 3669 efferendus
391 3618 460 3687 VpE
485 3617 646 3671 ecferendns
667 3614 703 3669 12²
722 3617 790 3670 haec
814 3616 943 3670 ferendus
968 3616 1033 3669 12¹0
1084 3619 1117 3671 10
1135 3617 1170 3670 ad
1189 3624 1224 3672 ed
1248 3584 1385 3670 Vana&

215 3719 237 3769 ζ’
287 3726 346 3773 toto
371 3721 453 3774 corde
474 3722 500 3773 a·
553 3725 581 3775 ll
598 3703 682 3774 {rena
711 3705 788 3788 spuit
810 3720 885 3791 μω)
940 3722 988 3790 qui
1014 3721 1170 3775 innocentis
1199 3749 1233 3758 —
1259 3720 1378 3776 officii?

213 3875 260 3909 ora.
282 3857 304 3908 C
356 3861 388 3911 14
407 3877 507 3928 magna
525 3880 555 3913 oa·
573 3860 666 3928 magni
690 3879 720 3914 nr.
741 3860 760 3912 2
784 3861 808 3913 V
858 3817 1089 3928 loquituhooeett‘
1140 3862 1173 3914 16
1193 3862 1301 3931 q.rella
1322 3861 1352 3916 γ’

213 3944 354 4009 quaerella
369 3943 607 4016 V’unerelapli
659 3948 805 4014 depraessa
820 3947 868 3999 l'Il
917 3947 1099 4014 l'iposlulant
1115 3947 1179 4016 Vq>
1227 3951 1355 4018 quodex-

213 4034 677 4104 spectat—personumestnon.Cp
713 4038 873 4102 exspectant
888 4034 912 4086 V
947 4035 1186 4105 lssprecanturt'p
1224 4037 1303 4092 farao
1316 4039 1359 4093 VR

214 4119 246 4168 19
264 4117 376 4170 istrahel
404 4119 426 4168 1·
476 4121 511 4173 ‘20
528 4120 561 4172 ad
581 4140 665 4190 erup
719 4122 866 4174 uerebatur
896 4122 933 4191 (lp
960 4121 1112 4188 urgebatur
1140 4139 1153 4174 e
1210 4141 1291 4182 mare
1324 4128 1361 4200 Vp

212 4203 242 4254 ‘21
264 4203 367 4256 nullam
388 4205 413 4256 iai
434 4206 456 4257 ζ’
507 4208 541 4257 29
559 4213 662 4260 mestus
688 4209 710 4259 l'
760 4206 895 4260 ‘23fidem
920 4208 948 4259 l'.
