2790 4844
152 232 194 295 40
491 231 606 284 sancti
631 230 764 283 Hilarii
790 228 951 297 episcopi

152 422 373 487 transferentes
396 430 428 487 et
450 423 480 485 in
505 441 665 485 numerum
691 421 878 502 redegerunt
901 427 931 482 et
964 420 995 482 in
1018 421 1159 483 ordinem
1191 419 1295 484 conlo·

151 533 298 590 eaneruut
327 534 358 590 et
380 525 559 607 diapsalmis
583 526 793 599 distinxerunt,
828 525 879 606 qni
903 543 1012 588 omnes
1036 525 1204 588 secuudum
1228 524 1295 588 He-

152 629 250 693 bracos
274 631 391 694 contusi
414 637 444 693 et
466 629 657 693 habebantur
680 640 709 693 et
733 628 893 693 habentur.
930 627 1036 691 horum
1073 629 1167 711 igitur
1194 634 1295 691 trans-

153 733 280 798 lationes
304 733 444 798 Hebraeis
474 743 539 797 tum
569 732 675 816 lingna
705 741 824 796 tantum
865 752 919 796 sua
942 734 1096 796 utentibus
1121 752 1179 795 nou
1204 747 1294 797 eram

151 839 339 901 necessariae.
374 838 448 917 ipsis
472 845 587 915 tamen,
610 838 753 902 omnibus
772 836 916 919 'diligenti
937 844 967 899 et
989 836 1133 920 religiosa
1154 838 1294 901 custodia

151 940 330 1015 obseruatis,
355 941 465 1024 quibus
500 948 604 1021 postea
634 942 776 1005 dominns
806 940 907 1022 legem
939 960 1064 1005 omnem
1099 949 1294 1004 sacramento

152 1051 182 1108 et
223 1047 441 1126 corporationis
483 1065 545 1110 sure
591 1052 622 1110 et
666 1046 818 1126 passionis
856 1054 885 1108 et
923 1045 1153 1109 resurrectionis
1192 1043 1292 1128 inple·

152 1154 245 1225 uerat,
268 1170 401 1233 eumque
419 1150 467 1214 his
483 1149 580 1226 libris,
597 1169 674 1233 quos
698 1151 764 1232 regi
787 1150 872 1214 idem
895 1147 1095 1213 translatores
1118 1149 1292 1227 ediderant,

151 1252 278 1317 conlatis
302 1262 332 1318 et
354 1253 486 1318 fideliter
509 1253 745 1318 consonantibus
770 1253 908 1332 repert-is,
932 1250 1151 1316 indissolubilis
1178 1253 1293 1316 consti-

152 1362 215 1421 tuta
239 1365 286 1421 est
307 1357 468 1442 priuilegio
491 1357 637 1422 doctrinan
662 1359 813 1422 etaetatis
837 1357 1010 1421 auctoritato.

194 1461 222 1523 l.
247 1462 360 1526 Beatus
394 1482 467 1545 ergo
501 1461 654 1541 apostolus
694 1461 816 1536 Paulus,
861 1461 1028 1525 seeundum
1067 1460 1289 1540 professionem

151 1584 240 1629 suam
264 1564 415 1629 Hebraeus
439 1585 475 1628 ex
498 1565 650 1641 Hebraeis,
674 1567 765 1630 etiam
791 1565 959 1629 seeundum
984 1563 1161 1629 hebraicam
1185 1565 1292 1646 cogui-

151 1670 263 1733 tionem
290 1677 319 1732 et
342 1668 436 1732 fidem
460 1669 614 1750 psalmum
631 1668 713 1734 hunc
729 1670 861 1749 primum
879 1688 948 1733 esse
964 1669 1047 1741 dixir,
1072 1667 1292 1733 translatomm

150 1773 344 1837 distinctione
368 1794 428 1836 non
451 1793 538 1837 usus:
563 1775 609 1838 cni
635 1775 803 1837 maximum
827 1772 886 1837 hoc
908 1774 1094 1852 ptiraedicandi
1125 1774 1164 1836 ad
1200 1791 1293 1855 syna-

114 1904 121 1913 ·
149 1895 239 1959 gogus
274 1878 426 1957 principes
465 1878 600 1941 studium
635 1886 708 1953 erat,
741 1884 774 1941 nt
808 1877 969 1940 dominum
1008 1885 1145 1940 nostrum
1185 1876 1290 1940 lesum

151 1977 304 2044 Christum
331 1981 380 2045 dci
404 1980 508 2058 lilium,
539 1989 653 2058 uatum,
683 2000 817 2062 passum,
849 1989 1062 2063 resurgent-em
1093 1999 1225 2064 regnare
1260 1981 1292 2043 in

150 2090 298 2148 aeternum
334 2106 372 2150 ex
406 2086 545 2150 doctrina
588 2085 667 2169 legis
702 2088 887 2150 ostenderet.
932 2085 1028 2148 tenuit
1064 2085 1168 2166 itaque
1209 2082 1294 2148 hunc

151 2189 285 2266 modum,
301 2199 334 2252 nt
352 2189 491 2254 Hebraeis
507 2191 677 2271 praedicans
691 2189 893 2254 Hebraeorum
909 2189 1129 2253 consuetudine
1144 2194 1294 2252 uteretur.

149 2291 204 2356 sed
228 2294 316 2357 uobis
351 2292 570 2358 translatorum
604 2293 753 2357 utendum
787 2293 966 2358 auctoritate
1001 2301 1057 2368 est,
1091 2291 1195 2375 legem
1228 2311 1291 2355 non

151 2397 351 2480 ambiguitate
374 2397 491 2476 littera,
514 2399 570 2462 sed
593 2399 739 2463 doctrinae
763 2398 893 2462 scientia
915 2397 1164 2462 transferentum.

194 2499 221 2563 5.
247 2501 377 2566 Praestat
410 2511 513 2566 antem
548 2522 627 2566 nnnc
661 2500 920 2566 absolutissimam
952 2499 1195 2583 intellegentiam
1219 2520 1291 2579 per-

149 2624 241 2682 sonae,
276 2608 431 2686 temporis,
466 2625 565 2670 cansa
599 2605 767 2687 apostolica
802 2605 975 2669 auctoritas.
1020 2625 1092 2668 uam
1138 2605 1212 2685 quid
1259 2607 1292 2668 in

150 2708 227 2772 libro
252 2711 401 2775 Actomm
436 2730 559 2774 suorum
591 2710 629 2775 de
665 2709 722 2774 hoc
758 2712 866 2773 eodem
901 2707 1020 2789 psalmo
1053 2709 1136 2772 idem
1160 2709 1290 2788 apostoli

149 2815 310 2890 senserint,
348 2815 451 2879 uerbis
489 2816 623 2895 ipsorum
664 2814 832 2898 loquemur.
877 2815 1023 2893 seriptum
1066 2833 1201 2895 namque
1230 2821 1291 2878 est:

151 2918 252 2996 ipsis
277 2918 532 2984 dicentibus:
568 2921 735 2994 domine,
759 2925 798 2981 tu
822 2937 870 2991 es,
894 2918 960 3001 qni
983 2917 1125 2982 fecisti
1150 2915 1289 2981 calum

150 3030 187 3084 et
211 3029 361 3085 terram
385 3032 421 3086 et
444 3042 552 3087 mare
575 3029 612 3087 et
634 3024 773 3098 omnia,
798 3042 880 3104 qnae
904 3023 941 3085 in
976 3021 1065 3085 illis
1088 3027 1190 3097 sunt,
1221 3023 1288 3104 qni

150 3145 218 3203 per
238 3127 571 3206 ospatrisnostri
589 3126 725 3202 Dauid,
749 3127 883 3190 saneti
907 3126 1018 3205 pueri
1044 3124 1290 3200 tuidixisti:

149 3248 274 3310 qrrare
298 3230 555 3294 fremuerunt
578 3237 732 3313 gentes
756 3239 789 3293 et
816 3227 952 3309 populi
977 3230 1166 3292 meditati
1196 3235 1292 3293 snut

192 3351 494 3420 mmmmm

194 3454 398 3560 lpedigernnt
423 3456 445 3507 l'
494 3457 557 3508 det
576 3455 604 3508 in
629 3456 787 3522 diapsalmis
806 3455 1010 3561 distinepierunt
1028 3455 1051 3507 l'
1101 3454 1218 3507 hebreos
1242 3453 1291 3507 VR

148 3574 392 3629 StranlationesR
427 3575 654 3645 lcumlingnali
688 3577 912 3643 5diligentiaere
926 3577 1040 3644 giosal‘
1072 3578 1292 3645 ssposteascrhpsi

147 3666 326 3729 posteaquam
355 3665 409 3714 eod.
432 3664 466 3729 cf.
487 3664 613 3716 Addendo
666 3680 747 3716 omne
771 3664 795 3715 V
831 3668 1002 3716 sacramento
1033 3662 1234 3729 corporationis
1266 3661 1292 3711 R

148 3750 164 3800 8
191 3764 309 3815 eumque
336 3751 429 3818 scr-ipsi
455 3765 518 3803 cnm
545 3752 599 3802 cod.
651 3750 725 3803 idem
749 3749 815 3801 Vna
842 3751 877 3817 cs.
906 3749 980 3802 Neue
998 3750 1127 3802 Formeul.
1160 3749 1198 3811 ΙΙ,
1234 3748 1292 3802 200

149 3833 253 3887 iidems
305 3835 501 3903 9eompertiss
556 3839 589 3890 la
607 3837 724 3890 hebreus
749 3835 797 3888 VR
815 3847 837 3888 er
855 3840 891 3888 ar
903 3835 962 3942 sege
973 3854 1079 3942 rsrerrrper
1130 3835 1292 3889 hebraicam

149 3956 373 4009 constitutionem
397 3958 422 4009 V
474 3961 505 4011 16
531 3963 597 4027 xpm
624 3978 694 4028 supr.
723 3961 783 4011 naid.
808 3952 833 4009 tf
886 3959 916 4010 18
942 3961 1054 4010 tenetur
1077 3974 1144 4016 com.
1167 3973 1200 4009 m.
1227 3956 1247 4009 2
1271 3957 1296 4011 l'

147 4043 182 4096 20
217 4043 403 4096 transferentir
437 4044 461 4096 V
489 4044 643 4098 trasferedd
670 4066 687 4094 α
722 4043 913 4097 transferendo
947 4028 999 4092 1ΐί
1071 4044 1104 4096 23
1134 4041 1234 4096 aotorr'i
1263 4061 1294 4098 er.

148 4127 262 4182 auctoris
271 4130 334 4182 m?
348 4131 373 4184 V
414 4130 602 4199 illoqmnrR
646 4131 779 4184 scribtum
791 4146 926 4197 namqnae
935 4129 975 4183 ita
985 4135 1027 4183 est
1042 4131 1067 4181 p
1107 4131 1140 4182 25
1151 4133 1179 4182 et
1188 4129 1259 4198 ipsis
1267 4131 1296 4184 12·

148 4220 178 4268 tu
197 4234 226 4269 ea
244 4232 278 4269 ou
297 4215 403 4269 cor-rh
455 4218 489 4271 26
508 4222 536 4270 et
553 4233 629 4270 mare
648 4221 673 4270 in
692 4235 774 4286 more.
793 4219 853 4269 odd.
872 4233 904 4269 m.
927 4218 940 4267 l
961 4218 985 4269 ll
1037 4216 1094 4269 illis
1112 4234 1142 4269 ea
1159 4215 1238 4270 illins
1258 4217 1293 4271 n.
