2790 4844
374 295 554 344 tractatus
579 290 613 343 iu
638 291 809 358 psalmum
829 290 922 343 CXXI.
1155 290 1217 356 577

71 482 350 548 Hierusalem:
374 488 408 545 ut
427 479 628 561 praeseientiae
651 479 747 544 fidem
769 479 801 543 in
817 479 875 553 his,
892 499 960 562 quae
976 487 1066 562 gesta
1081 480 1217 558 dixisset,

70 588 259 663 ostenderet,
290 591 487 650 oonsemaret
515 604 591 648 uero
621 590 798 664 temporum
828 583 970 648 ordinem
1001 584 1032 648 in
1062 586 1217 668 gerendis,

70 691 221 756 extruetio
244 691 347 772 itaque
372 690 437 754 eius
461 689 490 752 in
516 708 591 768 paee
614 694 670 765 est,
694 696 724 752 et
747 688 940 767 participatio
956 689 988 751 in
1004 689 1138 769 idipsum
1162 697 1217 766 est,

71 804 102 860 et
134 779 224 860 unius
256 795 368 860 ment-is
399 800 430 859 et
452 793 524 857 fidei
548 806 578 857 et
601 792 738 857 caritatis
763 792 871 856 domus
895 791 946 856 ilie
969 798 1024 858 est.
1070 794 1218 860 discenda

70 919 147 981 ergo
171 905 218 964 est
241 899 379 964 doctriua
402 897 497 978 paois.
543 916 624 961 nune
647 896 730 960 euim
764 903 908 977 rogate
937 917 999 961 non
1022 897 1137 974 orandi,
1160 899 1216 962 sed
1257 927 1269 960 r,

70 1004 283 1089 interrogandi
308 1003 478 1068 seeundum
503 1002 725 1081 proprietatem
746 1001 913 1083 graecitatis
937 1008 984 1066 est
1007 1021 1117 1066 sermo.
1162 1003 1217 1067 sed

69 1127 180 1187 paoem
215 1106 336 1172 disoeno
371 1106 401 1170 iu
436 1104 592 1170 uoluntate
627 1111 675 1169 est
709 1104 908 1169 audientium.
964 1125 1035 1170 oum
1065 1106 1148 1170 enim
1178 1105 1217 1171 de

70 1229 147 1291 pace
167 1212 232 1276 eius
249 1210 516 1294 interrogaueriut
534 1217 607 1273 tuno
623 1208 809 1272 laetabuntur
826 1208 884 1272 diei
901 1208 974 1273 sibi:
999 1209 1037 1271 in
1061 1211 1214 1274 domum

70 1315 223 1379 domini
248 1315 406 1379 ibimus.

116 1419 165 1482 12.
189 1418 300 1501 Neque
324 1418 406 1482 enim
431 1417 630 1499 interrogatae
653 1416 739 1496 pacis
763 1415 878 1480 fructus
902 1415 1031 1499 exiguus
1055 1423 1110 1494 est
1144 1417 1216 1499 quia
1245 1445 1268 1481 ro

68 1524 100 1587 id
125 1523 280 1605 sequitur:
311 1527 349 1586 et
379 1521 632 1585 abundantia
663 1519 941 1604 diligentibus
972 1527 1017 1584 te.
1062 1520 1215 1600 perfectos

69 1627 188 1691 fruetus
212 1619 335 1691 dileetio
359 1625 442 1706 pacis
473 1631 616 1704 expectat
638 1638 669 1689 et
691 1623 901 1688 abundantem
925 1623 1062 1690 felicium
1084 1645 1214 1704 prouen-

68 1741 156 1794 tuum
190 1730 312 1809 eopiam
346 1735 458 1810 sperat.
504 1729 587 1811 quod
621 1728 756 1807 idipsum
792 1727 964 1793 benedictio
993 1727 1025 1791 in
1050 1728 1141 1794 Iaoob
1175 1731 1214 1794 ad

68 1853 158 1915 spem
182 1832 321 1898 fidelium
344 1831 542 1912 praeformata
571 1831 743 1914 signifieat3
774 1832 954 1897 benedictus
985 1832 1066 1896 enim
1097 1833 1139 1898 ite
1168 1842 1215 1898 est

68 1937 177 2002 fratris
193 1936 461 2002 benedictionibus
476 1934 646 2016 occupatis:
670 1954 764 2000 eece
788 1936 884 2000 odor
900 1934 984 2000 sitii
1006 1936 1091 2013 mei,
1107 1936 1215 2002 siout
1243 1963 1268 2000 ιε

68 2043 171 2107 odor
193 2041 281 2126 agri
311 2040 432 2121 pleni,
463 2059 580 2123 quem
612 2039 825 2104 benedixit
854 2039 961 2104 deus.
1007 2060 1083 2123 ager
1104 2039 1214 2121 plenus

68 2152 98 2211 et
132 2144 254 2223 fertilis,
289 2146 425 2210 reddens
459 2143 665 2208 centesimum
700 2143 841 2220 smmum,
875 2141 927 2207 hio
961 2144 1085 2208 aeternis
1119 2145 1214 2226 eopiis

67 2248 249 2314 abundabit.
294 2256 326 2314 et
341 2267 422 2312 nuno
436 2248 565 2331 quidem
580 2246 705 2311 iuterim
723 2246 821 2311 beatis
840 2246 989 2311 fructibus
1012 2248 1214 2321 abundamus,

68 2373 148 2437 quos
172 2353 262 2417 nobis
293 2354 332 2417 ad
363 2351 500 2432 speeiem
530 2351 685 2416 fruetuum
719 2356 906 2415 aeternorum
940 2350 1079 2416 ecelesiae
1113 2371 1213 2416 saera-

68 2466 211 2522 mentum
234 2464 264 2522 et
287 2457 372 2538 pacis
396 2456 496 2519 unitas
520 2454 744 2520 subministrat.
790 2454 849 2519 hoe
863 2460 966 2520 eutem
983 2460 1214 2520 sacramentum
1241 2489 1266 2526 20

70 2562 137 2641 spei
169 2560 341 2626 eommunis
375 2558 579 2640 corporalium
610 2565 641 2624 et
671 2559 881 2622 communium
912 2577 1013 2623 rernm
1037 2559 1213 2624 nominibus

70 2672 229 2730 ostensum
260 2671 316 2742 est,
347 2664 430 2746 quod
459 2663 595 2728 seientes
618 2661 809 2745 intellegent.
853 2681 989 2746 namque
1018 2662 1213 2727 abundantiae

72 2765 160 2833 huius
184 2775 214 2834 et
236 2769 332 2847 copiae
356 2768 439 2832 idem
462 2765 614 2847 propheta
648 2765 767 2846 psalmo
797 2764 893 2831 altero
924 2766 1065 2830 meminit
1090 2766 1212 2832 diosus:

76 2870 227 2938 dedisti
251 2871 442 2936 laetitiam
464 2871 504 2934 in
527 2871 647 2935 eorde
670 2876 994 2950 meo‚atompore
1018 2869 1213 2935 frumenti

77 2977 113 3034 et
137 2977 220 3041 uini
252 2988 290 3041 et
319 2973 401 3040 olei
434 2974 495 3038 sui
529 2973 802 3052 multiplicati
836 2980 928 3038 sunt
958 2975 995 3038 iu
1024 2973 1213 3053 idipsum.
1241 3007 1266 3046 θ

78 3068 138 3143 heo
165 3081 259 3163 igitur
289 3078 477 3143 abundantia
507 3082 556 3142 est
585 3077 617 3141 in
647 3077 791 3157 idipsum.
838 3076 997 3156 perhanc
1021 3077 1213 3159 onimpaeis

112 3251 149 3307 15
167 3253 234 3308 Gen.
253 3252 365 3316 xxvii,
383 3254 425 3305 27.
462 3252 497 3304 24
515 3251 557 3305 Ps.
578 3250 622 3317 lv,
642 3253 657 3301 7
677 3268 716 3318 sq.

106 3405 347 3478 lpraeseientiae
368 3409 445 3462 GPT
461 3409 635 3477 praesentiae
654 3410 679 3462 R
733 3408 821 3463 iubis
842 3410 933 3463 GRTe
954 3410 1036 3463 iniis
1055 3410 1081 3461 P
1130 3411 1213 3463 δει-

60 3475 171 3549 traetio
190 3497 225 3559 (t)
245 3496 272 3550 G
324 3497 426 3565 bergo
445 3501 488 3550 est
508 3496 612 3548 GRPT
638 3500 680 3549 est
705 3513 772 3564 ergo
790 3497 819 3549 Ε
869 3501 966 3564 rogate
991 3498 1018 3560 (a
1035 3498 1063 3549 in
1080 3494 1144 3562 ras.)
1164 3496 1214 3549 PR
1256 3543 1264 3553 .

54 3558 184 3636 6²‘erto
202 3582 575 3651 seeundum—graecitatis,
595 3600 659 3651 quoe
677 3593 735 3635 nint
753 3585 780 3635 in
795 3583 904 3650 GRW,
924 3602 972 3636 om.
988 3583 1013 3636 V
1063 3588 1105 3637 est
1123 3568 1225 3637 sermo*

52 3644 175 3721 GRPF
191 3686 283 3723 sermo
301 3673 344 3723 est
359 3669 381 3722 V
433 3669 481 3722 sed
500 3669 818 3738 paesmsr'RFPpaeem
834 3670 860 3723 V
908 3672 1007 3724 'Ioum
1025 3669 1099 3724 enirn
1111 3669 1215 3723 GRV!
1258 3700 1262 3706 ·

47 3742 129 3802 ⁰¹¹¹n
152 3756 224 3810 enim
243 3774 274 3809 a
291 3773 355 3810 eum
382 3755 501 3809 mov
551 3755 643 3810 soror
670 3757 723 3811 siu
751 3757 779 3809 in
798 3757 910 3809 romum
929 3755 1152 3811 sereremus
1170 3756 1213 3810 in-

45 3812 113 3883 diei
135 3843 205 3897 *sin
232 3843 345 3896 domurn
375 3843 400 3895 G
426 3848 493 3896 tune
523 3841 695 3896 confidenter
721 3843 813 3896 dieere
841 3848 971 3910 poterunt
997 3842 1027 3896 in
1053 3843 1167 3896 domum
1191 3843 1215 3896 V

47 3900 76 4001 ¹⁵,
103 3920 214 3982 frum
244 3929 324 3983 σεε
348 3928 480 3983 satuens
501 3929 527 3981 r>
578 3932 609 3982 rr
628 3929 673 3982 nro
702 3931 752 3982 nr
778 3930 842 3983 nura
871 3930 897 3982 r
949 3933 980 3984 re
998 3929 1170 3984 nonensem
1188 3931 1214 3982 n

47 3983 102 4083 (fle
120 4017 193 4079 ,lere
209 4014 323 4088 semper)
361 4017 395 4069 19
412 4016 447 4069 ad
465 4016 585 4083 speciem
601 4018 625 4068 G
644 4017 673 4068 in
691 4017 811 4084 speeiem
822 4017 899 4069 RPT
916 4017 944 4070 in
962 4034 1072 4085 sperne
1125 4016 1213 4071 eolae·

49 4089 116 4139 ⁸¹²⁸
152 4102 177 4155 R
227 4104 260 4157 al
280 4102 438 4156 hominibus
466 4102 492 4154 P
541 4104 576 4156 23
595 4101 677 4156 fidem
704 4103 840 4172 propheta
867 4105 892 4156 R
944 4104 978 4157 25
996 4108 1024 4156 et
1050 4104 1109 4158 uini
1138 4104 1215 4156 RPT

53 4158 125 4226 (θεὲ
154 4189 227 4240 ormo
250 4189 342 4254 aum
370 4189 428 4241 uini
449 4190 474 4242 o
527 4192 561 4242 ss
580 4189 608 4242 in
636 4189 758 4258 idipsum
787 4191 865 4244 err
890 4191 919 4244 rn
946 4190 1056 4258 ruptus
1084 4191 1110 4244 n
1162 4206 1214 4258 por

55 4241 144 4324 hmo
161 4276 236 4330 m
252 4293 335 4345 super
352 4275 423 4329 hano
443 4276 476 4328 G.

113 4383 191 4438 1111.
205 4395 280 4437 mles.
293 4395 350 4436 etet
365 4406 416 4446 pm
431 4395 449 4436 1.
1023 4382 1057 4432 37
