2790 4844
394 323 576 372 tractatus
603 319 639 372 in
656 320 828 387 psalmum
847 320 967 374 CXVIII.
1190 320 1251 385 491

106 517 141 572 ut
172 529 190 572 a
220 528 254 573 se
285 508 449 585 declinent,
473 508 676 573 aduersantes
710 507 783 573 fidei
818 528 880 573 suae
915 508 1056 591 postulat.
1101 509 1255 576 obsistunt

108 613 196 677 euim
219 613 400 677 innocentiae
424 612 544 688 studiis,
568 612 721 677 obsistunt
743 613 890 678 doctrinae
914 612 1058 693 spiriteli;
1089 621 1180 697 atque
1206 613 1253 680 his

107 737 167 796 per
189 716 384 782 consiliorum
408 735 532 781 suorum
554 715 717 780 adsiduam
733 716 974 783 familiaritatem
991 737 1025 782 se
1036 719 1253 802 ingerentibus

107 840 171 885 non
193 827 288 886 uacat
310 822 414 886 animo
437 820 487 885 dei
511 821 656 885 mandata
678 821 816 898 scrutari,
847 823 921 905 quia
943 821 1072 906 maligni
1095 823 1152 887 uiri
1175 842 1253 902 prae·

106 926 209 990 sentia
233 925 365 990 multum
388 944 469 1001 eum,
504 926 555 1009 qui
579 926 725 989 mandata
755 925 805 990 dei
835 926 964 991 scrutari
994 925 1077 1003 uelit,
1107 926 1253 1007 inpediat.
1293 956 1306 993 a

154 1031 182 1092 7.
207 1029 248 1094 Et
271 1031 343 1113 quia
367 1029 417 1095 dei
440 1049 517 1111 opus
551 1036 599 1094 est
632 1029 851 1107 misericordia,
884 1037 918 1094 ut
950 1031 982 1094 in
1013 1030 1164 1095 familiam
1187 1031 1253 1096 eius

104 1134 226 1215 recepti
248 1133 448 1198 aldominatu
471 1133 678 1217 malignorum
695 1133 806 1198 horum
822 1133 997 1211 liberemur,
1021 1134 1171 1215 propheta
1186 1141 1254 1200 orat

106 1238 233 1302 dicens:
268 1238 431 1319 suscipe
465 1258 524 1303 me
562 1238 781 1303 secundum
820 1237 1025 1322 eloquium
1063 1244 1179 1312 tuum,
1214 1245 1254 1304 et

105 1343 251 1422 uiuam,
273 1350 310 1407 et
332 1362 406 1407 non
430 1341 658 1407 confundas
679 1344 798 1407 meab
823 1344 1135 1434 exspectatione
1158 1363 1250 1408 mea.

106 1445 260 1527 propheta
282 1452 440 1527 exspectat
463 1453 494 1510 et
516 1453 635 1528 sperat:
660 1446 736 1511 nihil
760 1466 905 1528 praesens,
929 1446 1007 1511 nihil
1031 1446 1251 1528 temporarium
1280 1475 1305 1512 ιο

106 1559 253 1616 sectatur.
298 1550 404 1636 plures
437 1558 540 1616 autem
575 1558 654 1627 sunt,
690 1552 742 1634 qui
776 1550 857 1615 hanc
888 1552 1149 1633 exspectationem
1180 1550 1253 1616 fidei

106 1661 221 1720 nostrae
244 1661 379 1738 arguunt
406 1661 438 1720 et
468 1655 603 1719 inrident
632 1654 773 1720 dicentes
803 1655 890 1720 talia:
922 1655 996 1747 quid
1026 1654 1148 1731 ieiunia,
1178 1655 1253 1738 quid

106 1759 307 1837 continentia
331 1759 406 1842 quid
429 1759 564 1836 castitas,
589 1759 663 1841 quid
685 1760 801 1824 iactura
831 1760 1083 1840 patrimoniorum
1112 1759 1252 1825 utilitatis

108 1860 254 1927 adferet?
305 1863 357 1927 ubi
392 1882 464 1946 spes
499 1869 603 1928 uestra
637 1870 692 1940 est,
727 1862 919 1928 Christiani?
974 1882 1058 1927 mors
1092 1862 1253 1947 aequaliter

108 1967 284 2032 dominatur
307 1966 536 2032 uniuersorum:
561 1967 592 2031 in
612 1967 750 2031 omnium
766 1987 929 2048 corpomm
944 1974 1071 2032 naturas
1087 1987 1252 2033 commune
1280 1994 1305 2032 re

106 2068 154 2133 ius
177 2069 221 2135 illi
245 2077 302 2135 est.
347 2071 422 2153 quin
445 2072 541 2136 etiam
564 2072 717 2136 uniuersis
740 2091 796 2136 nos
820 2071 907 2136 bonis
931 2070 1034 2137 saeculi
1068 2071 1199 2136 fruimur
1222 2077 1253 2138 et

108 2172 179 2237 uitae
202 2194 285 2239 nerae
308 2172 432 2240 licentia
453 2175 585 2252 utimur;
608 2175 686 2239 etin
703 2194 762 2258 quo
778 2176 905 2240 tandem
920 2196 938 2240 a
953 2175 1042 2240 nobis
1058 2176 1124 2256 spei
1142 2182 1252 2240 uestrae

109 2279 337 2359 exspectatione
360 2279 537 2362 praetatis?
580 2300 641 2343 uon
666 2279 812 2344 confundi
832 2299 908 2363 ergo
932 2299 966 2345 se
988 2281 1019 2344 in
1045 2279 1103 2344 hoc
1126 2300 1252 2359 exspec-

110 2381 222 2447 tatione
240 2385 300 2447 'sua
322 2382 473 2466 propheta
503 2391 577 2462 orat,
608 2383 663 2448 sed
693 2391 726 2448 ut
755 2392 879 2448 maneat
902 2383 1060 2449 confidens
1083 2390 1113 2450 et
1135 2382 1252 2448 fructus

110 2498 191 2550 uere
206 2485 289 2552 illius
303 2488 384 2565 uita,
408 2507 502 2571 quam
518 2493 684 2568 exspectat,
699 2488 839 2569 accipiat.
885 2488 945 2553 scit
961 2487 1044 2552 enirn
1061 2507 1095 2553 se
1115 2488 1252 2552 noudum
1280 2510 1305 2548 eo

110 2580 222 2667 uiuere,
267 2591 340 2657 licet
376 2592 467 2657 uiuat.
519 2591 583 2656 uita
619 2591 702 2657 enirn
737 2598 842 2656 nostra
875 2592 1047 2656 secundum
1080 2590 1252 2673 apostolum

107 2681 262 2760 al>secuse
283 2697 314 2760 in
339 2693 462 2760 Christo
486 2701 542 2760 est.
590 2706 620 2760 et
636 2696 750 2760 ideirco
766 2698 822 2760 ait:
846 2696 1010 2777 suscipe
1033 2716 1091 2760 ma
1115 2715 1253 2761 secun-

103 2781 200 2862 dnm
228 2799 393 2865 uerbum
425 2806 540 2878 tuum,
576 2806 613 2865 et
635 2800 776 2878 uiuam,
808 2800 879 2883 quia
900 2819 983 2865 uerae
1006 2798 1087 2865 illius
1110 2807 1141 2865 et
1163 2800 1251 2865 inde-

99 2878 237 2967 fill'entia
274 2904 345 2968 uitae
383 2904 612 2984 exspectatione
650 2923 686 2968 ac
721 2924 775 2984 spe
811 2903 973 2968 detinetur.
1030 2911 1135 2985 sperat
1169 2905 1252 2968 euim

96 2994 319 3086 aeternilatem,
343 3013 447 3088 sperat
469 3027 600 3091 regnum
618 3006 771 3085 caelorum,
795 3014 899 3088 sperat
917 3027 1049 3091 regnum
1066 3008 1124 3085 dei,
1147 3014 1252 3088 sperat
1279 3027 1304 3067 ae

94 3093 261 3197 §litiano
295 3111 525 3177 benedictiones
555 3113 587 3176 in
618 3112 793 3177 caelestibus
816 3112 847 3175 in
872 3110 1003 3176 Christo.
1049 3111 1080 3177 in
1104 3112 1162 3178 hac
1186 3132 1251 3197 spe,

94 3206 118 3256 ¹¹¹
152 3227 224 3297 qua
245 3236 308 3281 non
331 3215 542 3294 confundetur,
567 3222 663 3301 rogat,
686 3223 720 3281 ut
742 3216 927 3297 suscipiatur
944 3223 980 3281 'et
1002 3218 1095 3282 uiuat.

135 3326 158 3380 1
189 3344 218 3391 nt
236 3357 322 3410 emp
374 3340 469 3391 aadd.
489 3357 522 3391 m.
540 3335 560 3391 3
580 3338 606 3391 V
655 3337 794 3392 obsistunt
811 3338 885 3391 enim
904 3365 938 3376 —
957 3339 1057 3394 studiis
1075 3357 1123 3393 om.
1139 3357 1160 3409 p
1178 3339 1252 3392 enim

100 3430 126 3442 “
152 3423 298 3480 obsutum
316 3427 344 3478 in
361 3442 445 3494 morp.
463 3443 519 3496 sup.
538 3427 598 3478 add.
623 3421 659 3477 1³¹
712 3424 892 3479 eadsiduam
916 3443 946 3478 ea
969 3426 1114 3480 adsiduum
1133 3444 1166 3479 m.
1187 3424 1207 3478 2
1233 3426 1256 3478 V

105 3499 263 3584 buelletp
316 3511 493 3582 impedietC
543 3511 774 3598 dmisemcordie
787 3513 810 3566 C
859 3513 1089 3580 8aeloquiumR
1140 3515 1253 3581 9spec·

112 3601 211 3669 atione
235 3617 259 3668 V
329 3618 361 3670 12
391 3616 518 3670 inrident
555 3616 600 3669 VC
620 3615 687 3680 sort.
718 3627 791 3679 recte,
822 3616 855 3680 cs.
882 3635 910 3687 p.
941 3614 1005 3679 loe,
1036 3614 1074 3670 12
1144 3617 1198 3670 aliu
1233 3618 1256 3670 V

72 3739 74 3743 Α
118 3692 149 3752 tt
173 3701 273 3757 adferet
303 3702 430 3757 Vaffert
457 3704 496 3756 Re
523 3702 631 3757 deferre
650 3702 794 3757 Conferet
817 3706 854 3773 pl>
924 3708 1034 3757 uestrae
1058 3710 1087 3757 et
1112 3705 1135 3757 (¹
1159 3709 1252 3759 uestra

124 3781 159 3841 eti
179 3804 194 3841 o
218 3790 232 3842 b
287 3792 320 3844 lo
347 3794 441 3843 netem
465 3808 485 3860 p
538 3804 686 3843 cummune
716 3792 738 3842 (¹
789 3792 822 3843 17
847 3806 912 3843 uere
930 3791 956 3844 R
974 3805 1041 3845 uero
1066 3791 1087 3844 V
1139 3790 1252 3845 licentia

122 3885 149 3933 a
168 3872 303 3931 licentiam
331 3895 364 3931 m.
384 3875 404 3929 2
427 3876 451 3930 V
501 3877 614 3931 anobis
641 3877 692 3930 Μ’
716 3894 732 3930 a
759 3877 837 3931 uobis
861 3877 886 3930 V
909 3879 944 3947 cs.
971 3878 1075 3930 Ennod.
1100 3880 1138 3931 erl.
1157 3879 1252 3932 Harrei

117 3982 144 4041 p.
158 3957 209 4015 634
225 3963 306 4018 nobis
321 3963 372 4034 pE
425 3966 457 4018 18
475 3981 543 4032 erga
558 3964 581 4015 V
632 3966 665 4018 19
684 3964 791 4032 profeta
810 3966 870 4017 add.
889 3982 920 4017 m.
941 3964 997 4017 IV
1047 3974 1075 4018 et
1093 3965 1255 4018 lruotumV

117 4048 313 4110 attractus-
331 4050 451 4120 accipiat
474 4052 501 4103 in
526 4068 609 4120 marp,
629 4051 678 4119 ins.
697 4053 757 4104 add.
778 4054 801 4102 l'
851 4053 885 4105 22
904 4058 932 4104 et
959 4051 1065 4105 idcirco
1092 4051 1132 4104 ait
1159 4069 1207 4105 om.
1226 4052 1253 4105 R

113 4137 257 4198 seeundum
276 4136 418 4205 eloquium
438 4137 465 4190 Ε
515 4139 550 4191 24
568 4138 642 4191 uitae
661 4142 689 4191 et
714 4139 737 4191 V
787 4138 845 4207 spei
870 4139 916 4192 Vl*
966 4141 1001 4194 26
1019 4144 1113 4207 sperat
1135 4155 1251 4206 regnum

109 4224 247 4285 caelorum
265 4228 361 4292 sperat
379 4216 426 4277 eni
443 4217 474 4278 di
498 4224 522 4277 V
572 4226 606 4279 27
625 4223 805 4279 confunditur
829 4225 876 4278 VR
929 4226 1062 4294 suscipiat
1078 4225 1123 4279 VC
1173 4226 1252 4280 uiuat

105 4313 168 4373 aad.
187 4308 259 4363 nn?
283 4310 311 4364 V.
