2790 4844
231 1060 302 1160 IN
306 1060 623 1162 seuuemo
661 1061 1090 1164 PSALMORUM.

123 1359 297 1455 Diuersus
321 1409 390 1453 esse
414 1389 614 1470 plurimorum
638 1390 877 1471 inpsolmorum
901 1391 978 1455 libro
997 1393 1167 1476 opinionon,
1192 1410 1230 1455 ex

77 1495 172 1560 libris
187 1494 273 1575 ipsiu,
289 1512 366 1575 qnos
385 1493 517 1574 seriptos
536 1493 732 1577 reliquerunt,
751 1501 942 1577 compertum
961 1494 1122 1560 habemus.
1157 1514 1230 1558 nam

78 1599 178 1682 aliqui
191 1618 245 1663 eos
255 1596 457 1662 Hebraeorum
472 1598 504 1661 iu
520 1598 681 1681 quinque
696 1598 790 1662 libros
803 1599 918 1663 diuisos
931 1599 1037 1664 uolunt
1049 1619 1129 1679 esse,
1142 1612 1175 1662 ut
1190 1599 1230 1662 eit

78 1724 183 1788 nsque
199 1703 232 1766 in
240 1702 513 1786 quadragesimum
529 1702 682 1782 psalmum
698 1703 776 1768 liber
790 1703 907 1786 primus
919 1712 949 1768 et
962 1702 1228 1787 aquadregesimo
1269 1755 1273 1767 .

76 1807 231 1892 usquein
248 1806 512 1890 septuagesimum
527 1807 659 1891 primum
679 1806 757 1871 liber
773 1809 927 1871 secundus
943 1813 974 1872 et
987 1827 1069 1872 exeo
1086 1807 1231 1889 usquein

78 1911 309 1994 octogesimum
321 1924 464 1974 ootauum
481 1909 675 1975 libertertius
685 1917 820 1994 utusque
833 1911 863 1974 in
879 1911 1082 1976 centesimum
1092 1911 1232 1993 quintum

78 2019 163 2081 liber
180 2024 308 2098 quartus
325 2051 364 2059 -
382 2015 421 2078 ob
439 2016 519 2097 qnod
537 2013 569 2078 hi
585 2034 695 2079 omnes
711 2014 821 2094 psalmi
843 2014 875 2079 in
898 2015 1161 2079 consummatione
1177 2035 1233 2078 sua

79 2121 231 2188 habeant.
244 2119 329 2197 sint,
346 2119 423 2182 liat
439 2156 489 2195 —‚
506 2117 706 2182 concludatur
722 2119 835 2183 deinde
850 2118 880 2183 in
898 2119 1067 2183 centesimo
1083 2119 1231 2202 quinquo-

76 2225 206 2310 gesimo
232 2222 349 2303 psolmo
367 2222 444 2287 liber
460 2222 593 2304 quintus.
639 2220 690 2285 ulii
712 2243 785 2287 uero
808 2223 851 2286 ita
864 2223 1080 2287 inscribendos
1096 2221 1232 2306 psalmos

78 2329 355 2394 existimauerunt:
390 2326 535 2407 psalmi
570 2326 708 2407 Dauid,
744 2345 803 2409 quo
834 2325 920 2390 titulo
951 2326 1088 2410 intellegi
1118 2326 1232 2402 uolunt

79 2454 138 2498 eos
171 2452 282 2495 omnes
312 2454 329 2493 o
361 2430 462 2494 Dauid
497 2430 593 2495 fnisse
628 2430 826 2512 oonsoriptos.
879 2432 935 2495 sed
968 2451 1025 2495 nos
1060 2433 1232 2495 seeundum

78 2535 288 2621 apostolieum
304 2535 513 2599 auctoritatem
540 2535 688 2598 librum
712 2534 958 2614 psalmorum
974 2544 1004 2599 et
1019 2552 1232 2613 nuncupemus

78 2656 112 2707 et
124 2639 301 2705 scribimus.
347 2640 389 2702 ita
408 2638 492 2702 enim
511 2638 541 2701 in
564 2638 650 2702 Actis
662 2636 870 2718 apostolorum
884 2638 1000 2702 dietum
1018 2616 1231 2701 meminimus:

79 2745 286 2826 seriptum
311 2749 373 2807 est
396 2742 501 2806 enim
526 2744 559 2805 in
584 2742 691 2806 libro
714 2741 971 2822 psalmorum:
995 2742 1071 2805 lint
1095 2743 1233 2805 domus
1274 2767 1284 2785 -·

78 2851 171 2915 eius
189 2847 362 2924 deserta,
386 2846 692 2929 otepiseopium
712 2847 797 2910 eius
818 2845 998 2926 oeeipiet
1021 2845 1134 2909 oliuo.
1159 2866 1233 2930 ergo

128 2973 164 3024 1·2
183 2973 243 3022 Act.
263 2987 305 3037 op,
324 2970 344 3036 1,
362 2972 404 3023 20.

127 3096 141 3144 1
164 3094 201 3143 sic
227 3092 249 3142 l·'
272 3093 298 3143 in
316 3109 366 3160 neq.
385 3091 641 3160 superscriptionem
660 3088 693 3150 cf.
713 3089 795 3142 Acod.
811 3109 840 3159 p.
859 3088 903 3154 49,
922 3091 1014 3141 omit
1066 3092 1084 3142 2
1109 3089 1232 3142 diuersae

80 3179 297 3235 Ilrllauorieee
331 3177 516 3246 plurimorum
533 3178 615 3229 ΗΒΕ
627 3177 774 3245 pluriumr
810 3176 839 3228 in
850 3178 875 3228 Η
883 3176 918 3229 de
928 3176 999 3228 rDE
1032 3175 1194 3243 oppinionee
1208 3177 1234 3228 Η

79 3276 97 3321 3
124 3267 303 3333 reliquerunt
324 3266 400 3317 llrl)
424 3264 563 3332 reliquero
582 3264 610 3316 Ε
660 3268 677 3317 4
708 3280 754 3316 eos
773 3263 962 3317 Hebraeorum
994 3264 1018 3314 Η
1045 3262 1234 3316 Hebraeorum

79 3374 130 3410 eos
157 3354 231 3404 ron·
281 3358 313 3405 ut
337 3351 375 3404 eit
393 3367 480 3418 usque
500 3351 583 3403 ΗΒΕ
604 3354 637 3402 ut
655 3367 774 3417 nequer
827 3349 938 3403 eliber
962 3349 1067 3417 primus
1092 3349 1175 3400 ΗΒΕ
1196 3347 1235 3401 eit

80 3444 157 3497 liber
177 3440 283 3508 primun
302 3460 316 3490 r
368 3441 385 3490 6
404 3454 438 3490 ex
457 3454 490 3490 eo
509 3433 598 3490 Ηναά
617 3438 651 3490 ab
671 3453 703 3489 eo
722 3434 751 3488 d¹
804 3453 891 3503 unque
909 3437 938 3488 in
956 3437 1097 3503 rDueque
1111 3437 1135 3487 Η
1149 3451 1235 3501 usque

79 3531 117 3583 ul
128 3554 139 3581 ι
153 3528 203 3595 (cf.
213 3546 233 3577 n.
245 3526 273 3590 7)
310 3528 326 3576 7
337 3525 466 3591 quintum
478 3524 559 3576 ΗΒΕ
567 3529 697 3590 quartum
707 3542 722 3574 r
762 3523 824 3576 8ob
834 3524 907 3590 quod
918 3523 972 3574 ΗΕ
979 3522 1015 3575 ob
1024 3521 1076 3574 hoo
1087 3521 1160 3589 quod
1173 3541 1187 3573 r
1199 3521 1235 3574 ob

77 3620 134 3670 hoc
144 3612 175 3666 d'
186 3614 223 3666 ob
231 3612 299 3665 haee
309 3611 338 3664 11¹
371 3614 387 3664 9
397 3611 426 3663 in
437 3610 588 3664 centesimo
598 3609 825 3678 quinquagesimo
834 3609 940 3678 psalmo
951 3609 1007 3660 ΒΕ
1015 3608 1043 3661 in
1053 3607 1235 3661 centesimum

76 3700 346 3773 quin‹1u2gesimum
360 3699 499 3767 psalmum
518 3699 543 3751 Η
561 3698 666 3751 oenteoi
689 3713 737 3746 u*
756 3695 881 3766 (nequitur
898 3699 993 3749 lacuna
1011 3713 1089 3764 mque
1107 3696 1144 3746 od
1156 3696 1234 3748 uerba

75 3787 257 3860 episcopium
287 3783 357 3851 eius)
379 3806 393 3838 r
448 3788 481 3839 10
502 3785 541 3838 itu
562 3784 721 3838 scribendos
747 3785 773 3838 R
830 3786 861 3837 ll
875 3786 941 3836 inter
962 3782 1060 3835 uolunt
1081 3794 1103 3834 et
1122 3798 1234 3834 eoeroo.

75 3879 150 3929 u-J
164 3878 216 3928 liu.
231 3875 257 3926 Η
306 3875 337 3926 12
355 3872 453 3926 eodum
467 3870 544 3938 (dum
557 3875 583 3924 iu
595 3882 706 3940 ruptura
716 3872 856 3942 pergam),
876 3873 902 3922 in
915 3888 1012 3938 ortorp:
1032 3868 1120 3922 eeouti
1134 3886 1166 3920 m.
1180 3867 1235 3921 2ss

76 3972 110 4022 16
148 3961 328 4032 episcopium
359 3961 417 4014 eius
452 3961 546 4028 scripsi
580 3956 630 4026 (cs.
659 3960 778 4012 Pouclcer
803 3960 888 4028 eutppl.
916 3960 964 4011 lez.
994 3959 1039 4009 lot.
1066 3976 1093 4025 p.
1125 3955 1182 4007 240
1212 3966 1235 4008 et

72 4056 155 4109 Arci.
186 4050 234 4111 11„
260 4047 331 4111 604)
356 4049 505 4116 epiecopon
529 4046 588 4101 eius
614 4048 638 4099 Η
663 4047 851 4115 episcopatum
875 4046 934 4098 eius
960 4045 1016 4096 ΒΕ
1032 4061 1065 4092 oo
1085 4046 1235 4111 conpeten-

71 4146 130 4196 tius
151 4161 167 4192 r
226 4135 348 4204 accipiet
371 4134 533 4203 Ruooipiat
551 4135 624 4187 rDE
674 4134 745 4187 nlius
773 4134 841 4203 (post
865 4132 935 4184 elius
959 4133 1071 4201 epatium
1096 4129 1234 4182 3-11ot.

69 4254 96 4283 m
119 4232 174 4282 riae
194 4222 255 4288 lin.)
275 4223 301 4275 Η
319 4221 401 4275 aliter
419 4244 433 4274 r
457 4222 529 4275 ulter
548 4221 611 4273 ΒΕ.

1148 4319 1179 4372 l*
