2790 4844
246 295 250 303 ’
344 289 526 340 tractatus
545 286 579 338 in
597 286 773 354 psalmum
792 285 951 340 CXXXVII.
1159 286 1221 351 743

72 477 283 541 retribuet
305 495 375 555 pro
398 495 465 539 me.
502 476 706 540 irascentibus
729 476 863 540 inimicis
885 496 943 542 nos
966 482 1094 541 extensa
1108 497 1220 542 manus

73 581 130 646 dei
168 579 310 663 protegit
367 578 577 644 tribulationes
611 579 695 644 enim
729 579 843 646 inimici
872 579 1019 644 adserunt
1051 581 1221 646 irascentes

72 684 153 749 fidei
175 694 206 749 et
228 685 296 764 spei
318 690 444 748 nostrae:
469 684 541 767 quia
559 685 755 749 aduersarius
777 691 882 749 noster
904 684 1074 749 secundum
1097 691 1221 766 aposto·

74 790 146 853 ium
183 787 322 853 diabolus
367 801 524 870 tamquam
558 785 605 852 leo
639 787 765 872 rugiens
803 787 946 864 ambulat,
984 808 1127 872 quaerens
1165 809 1221 853 nos

73 895 239 958 deuorare.
294 892 351 957 sed
391 911 484 972 super
516 892 594 956 iram
636 892 841 968 inimicorum,
883 913 938 972 per
970 912 1048 976 quos
1082 892 1222 958 diabolus
1263 920 1275 954 a
1308 953 1312 959 .

71 1010 205 1077 semper
227 1002 379 1077 operatur,
409 1015 518 1061 manus
546 996 661 1060 domini
691 996 872 1074 extenditur,
896 1003 928 1062 et
949 1004 1110 1079 sperantes
1133 998 1165 1061 in
1188 1016 1222 1062 se
1265 1058 1268 1062 .

72 1100 183 1167 saluos
205 1100 282 1166 iacit
296 1100 422 1165 dextera
437 1100 512 1165 eins.
558 1100 654 1163 uirtus
672 1099 866 1184 significatur
887 1101 919 1164 in
943 1100 1083 1176 dextera;
1107 1108 1137 1166 et
1151 1101 1222 1167 ideo

73 1205 232 1282 dominns,
257 1204 308 1288 qui
331 1204 381 1269 dei
403 1204 502 1268 uirtus
533 1210 563 1268 et
593 1204 642 1268 dei
666 1204 817 1284 sapientia
847 1211 901 1281 est,
916 1224 1148 1288 nonnunquam
1173 1205 1223 1270 dei

73 1311 208 1375 dextera
222 1314 416 1388 nuncupatur
431 1314 461 1372 et
482 1308 727 1390 cognominatur,
751 1328 806 1389 per
828 1327 922 1391 quem
945 1310 1094 1374 aduersus
1115 1328 1224 1373 omnes

73 1414 223 1480 inimicos
245 1413 277 1476 in
299 1412 383 1476 omni
407 1411 638 1475 tribuistionum
662 1411 741 1476 bello
764 1418 972 1496 protegemur.
1100 1452 1103 1458 >
1253 1438 1278 1473 io

124 1514 177 1581 16.
212 1515 354 1581 Seruauit
399 1521 502 1580 autem
549 1514 737 1598 euangelica
783 1516 1027 1580 mansuetudinis
1072 1515 1225 1596 propheta

77 1622 243 1693 rationem,
274 1639 334 1703 qua
355 1619 497 1684 iniuriam
523 1619 656 1684 reddere
679 1618 735 1696 his,
760 1621 812 1703 qui
836 1639 891 1683 nos
914 1626 1120 1699 persecuntur,
1144 1618 1223 1683 inhi-

79 1727 201 1798 bemur,
236 1724 358 1790 dicens:
393 1723 579 1788 dominus
614 1724 820 1788 retribuet
853 1744 922 1803 pro
956 1744 1023 1789 me.
1068 1723 1112 1788 illi
1142 1723 1224 1789 enim

78 1829 218 1894 uindicta
240 1828 394 1892 seruanda
416 1833 471 1902 est,
495 1828 546 1911 qui
570 1827 601 1891 in
625 1826 779 1891 calumnie
794 1828 890 1892 uestis
913 1828 1025 1894 dimitti
1049 1835 1081 1893 et
1096 1826 1221 1908 pallium

79 1934 179 2009 iussit,
215 1932 268 2015 qui
302 1937 371 2012 post
403 1932 545 1996 iniuriam
579 1930 677 2011 alapae
710 1931 800 1996 unius
836 1932 967 2014 praeberi
1002 1939 1033 1997 et
1067 1930 1222 1996 maxillam
1252 1955 1278 1992 ra

80 2037 212 2102 aiteram
234 2030 338 2112 uoluit
362 2035 414 2119 qui
437 2035 537 2099 uetuit
558 2034 674 2099 malum
697 2056 753 2116 pro
768 2035 850 2099 maio
867 2036 971 2101 reddi:
996 2035 1063 2119 plus
1080 2035 1223 2100 uindiotae

81 2140 241 2221 adepturis
276 2138 334 2217 his,
368 2139 419 2221 qui
454 2145 570 2203 aeterno
604 2139 696 2203 indici
729 2139 879 2204 ultionem
913 2140 1075 2219 proesentis
1105 2139 1224 2203 iniuriae

82 2253 304 2311 reseruasseut.

124 2349 178 2413 17.
204 2345 366 2412 Concludit
389 2347 500 2411 deinde
522 2345 713 2411 fidelissimae
745 2348 811 2428 spei
841 2367 930 2412 uoce:
962 2348 1130 2424 domine,
1162 2347 1227 2411 mi·

78 2452 316 2519 sericordia
339 2456 405 2515 tua
434 2451 473 2514 in
497 2437 697 2517 saeoulnm.
718 2471 840 2531 opera
863 2471 1045 2516 manuum
1068 2457 1226 2515 tuarum
1254 2476 1280 2513 20

78 2577 157 2623 non
197 2556 378 2620 omittas:
416 2560 456 2632 ut
494 2555 568 2637 quia
605 2555 654 2619 dei
688 2556 900 2620 misericordia
932 2557 964 2619 in
997 2554 1145 2620 saeculnm
1179 2560 1227 2619 est

73 2660 256 2728 extendens
278 2678 371 2738 super
394 2658 472 2722 iram
495 2658 692 2723 inimieorum
709 2679 833 2723 manum
858 2679 945 2724 suam
968 2666 1000 2724 et
1021 2657 1131 2724 fideles
1155 2678 1226 2724 snos

73 2772 252 2849 protegens
287 2763 413 2828 dextera
446 2780 501 2827 sua
534 2768 566 2827 et
595 2783 651 2843 pro
681 2761 730 2827 his
754 2764 937 2841 retribuens,
960 2783 1054 2844 opera
1077 2782 1224 2827 manuum

68 2888 212 2936 suarum
235 2887 295 2931 non
318 2867 448 2941 omittat,
471 2862 633 2931 hominem
663 2865 790 2943 scilicet,
814 2869 866 2950 qui
889 2868 947 2932 ait:
979 2887 1120 2931 manus
1153 2873 1226 2931 tuae

68 2974 274 3040 secarunt
318 2990 376 3034 me
422 2976 453 3035 et
496 2976 608 3035 cetera.
651 2989 873 3054 nonnunquam
918 2991 1012 3036 manu
1051 2971 1101 3036 dei
1145 2970 1226 3035 facta
1254 2995 1280 3033 aa

65 3075 324 3142 commemorari
357 3073 473 3139 solent:
511 3073 605 3137 horno
638 3094 711 3139 uero
746 3094 871 3155 semper
908 3076 1051 3140 manibus
1091 3073 1227 3148 effectae,

124 3263 143 3314 a
163 3259 175 3312 1
195 3257 255 3310 Pe.
274 3257 298 3325 5,
317 3258 342 3311 a.
379 3259 412 3310 ie
430 3255 528 3309 Massi.
548 3256 580 3322 u,
597 3259 640 3310 40.
677 3258 711 3310 aa
729 3256 772 3310 ss.
792 3256 913 3324 cxviii,
932 3259 973 3310 73.

127 3428 140 3478 l
161 3439 213 3476 nos
231 3427 345 3475 extensa
363 3419 583 3492 (conpositionis
600 3423 675 3488 cipue
693 3420 774 3486 eros.)
794 3422 819 3474 R
846 3426 960 3474 extensa
983 3438 1032 3475 nos
1051 3421 1102 3473 PT
1152 3419 1229 3474 dira

59 3577 155 3634 παρτ.
174 3563 235 3615 odd.
252 3558 360 3614 mn?
409 3517 574 3612 inimcorum
593 3561 618 3612 R
670 3561 885 3628 9nuncupatur
911 3560 936 3614 dt
962 3560 1174 3628 cognominatur
1203 3560 1228 3612 R

60 3647 359 3719 eognominaturPT
411 3649 444 3701 10
462 3646 844 3700 inomniRinomniumPT
894 3646 1005 3700 beliaP
1054 3653 1230 3715 protegemur

64 3734 110 3790 R
135 3733 312 3805 protegimur
339 3733 390 3786 PT
444 3734 476 3786 12
493 3738 677 3801 persecuntur
703 3734 729 3786 R
754 3738 959 3801 persequuntur
985 3734 1036 3786 PT
1088 3734 1122 3787 14
1139 3733 1228 3787 uestis

68 3820 178 3877 R¹PT
202 3825 295 3875 uestes
321 3818 360 3874 R*
378 3817 445 3884 (ΡΝ
497 3820 614 3888 pallium
640 3838 671 3873 ac
696 3820 818 3887 palleum
847 3821 872 3872 P
923 3823 955 3874 17
974 3819 1115 3888 adepturis
1143 3819 1230 3873 hisR

66 3908 232 3978 adepturis
250 3907 301 3960 PT
354 3909 386 3960 la
403 3905 563 3960 fidelissime
580 3900 611 3960 di
630 3923 697 3960 uoce
716 3907 766 3958 PT
792 3905 832 3972 (T
848 3908 909 3960 hoec
927 3908 1005 3960 uerbo
1024 3909 1051 3959 in
1069 3924 1150 3975 marp.
1169 3908 1229 3959 add.

69 4009 112 4050 et
129 3998 248 4049 adium!
266 3995 348 4047 aliam
366 3995 512 4048 lectionem:
538 3992 603 4046 fidei
630 4010 694 4047 suae
718 3992 796 4051 uocet
849 3995 885 4048 20
902 3995 931 4047 in
950 3993 1090 4047 saeculnm
1109 3993 1160 4045 PT
1178 3990 1232 4058 (εἰς

68 4079 399 4146 tonsoratum
417 4081 562 4134 saeculaii
613 4082 645 4159 ,2¹
666 4081 778 4134 omittas
796 4078 859 4145 (mit
876 4083 903 4133 in
921 4099 973 4134 ros.
990 4078 1058 4146 3)R
1111 4082 1145 4133 25
1163 4096 1233 4133 non·

70 4180 232 4238 nunquam
250 4169 303 4222 ΒΡ
318 4183 516 4235 nonnunquam
534 4185 565 4220 ez
582 4184 723 4234 nunqnam
744 4168 768 4219 T
819 4170 853 4221 26
872 4168 997 4222 manibus
1011 4167 1088 4220 RPT
1104 4167 1232 4220 manibus

74 4252 136 4288 am
162 4257 184 4288 v
