2790 4844
351 273 532 323 tractatus
550 270 586 323 in
605 270 776 338 psalmum
796 271 939 327 CXLVIII.
1154 274 1217 340 863
1279 272 1281 274 ’

116 457 146 522 6.
169 458 244 524 Post
274 479 342 543 quae
372 478 494 524 mrsum
525 466 647 524 terrena
677 467 781 524 cetera
814 461 1001 526 aduocantur
1023 463 1063 527 ad
1086 462 1218 544 laudem,

67 584 151 648 quae.
176 564 232 628 etsi
249 583 310 629 non
326 563 433 629 omnia
448 568 520 627 sunt
536 563 644 627 borum
663 563 831 629 oaelestium
847 570 878 630 et
892 565 1052 631 beatorum
1068 568 1218 633 bonorum

68 668 229 733 consortie
251 668 362 749 partim
386 687 442 748 per
464 666 713 733 inrationabilem
736 688 871 747 sensum,
894 671 1005 750 partim
1037 691 1091 752 per
1120 671 1217 737 inani·

69 771 156 837 mele
179 777 303 849 neturae,
327 773 439 856 partim
465 792 519 853 per
542 772 709 853 impietatis
733 771 892 852 offensam,
920 780 1025 840 tamen
1048 777 1140 841 deum
1163 797 1219 857 per

70 877 113 950 id,
149 878 232 960 quod
265 876 341 942 tolie
373 883 446 942 sunt
477 877 625 953 instituta,
661 878 728 959 ipsa
761 866 961 943 institutionis
983 880 1015 943 in
1039 900 1072 945 se
1106 879 1218 946 babitae
1258 901 1271 937 a

70 982 267 1061 prouidentia
290 981 466 1065 praedieant.
511 981 554 1045 ait
576 981 660 1047 enim
681 982 740 1047 ita:
764 981 928 1047 laudate
952 984 1150 1049 dominum
1174 986 1220 1050 de

72 1096 186 1152 terra
225 1088 498 1151 draooneset
531 1105 668 1151 omnes
706 1085 853 1170 abyssi.
898 1087 1018 1171 ignis,
1056 1091 1219 1173 grando,

72 1191 147 1266 nin
186 1189 436 1274 crystallum,
475 1191 648 1270 spiritus
686 1189 886 1271 prooellse,
932 1212 1016 1275 quse
1061 1193 1218 1259 iaciunt

72 1293 238 1360 uerbum
262 1295 356 1372 eius,
381 1301 536 1360 montes
560 1302 599 1360 et
621 1314 757 1360 omnes
781 1294 920 1373 eolles,
940 1296 1057 1380 ligne
1080 1297 1218 1364 frueti-

72 1401 161 1465 sera
195 1408 233 1464 et
265 1418 402 1464 omnes
436 1400 557 1475 aedri,
593 1399 735 1464 bestiae
770 1406 808 1464 et
841 1401 1033 1466 uniuersa
1063 1421 1218 1482 peoora,
1246 1427 1270 1464 ιο

58 1515 291 1584 ‚serpentes
330 1509 366 1569 et
403 1502 592 1569 uolucres
631 1504 822 1584 pinnatae,
866 1524 986 1589 reges
1024 1513 1144 1571 terrae
1182 1514 1219 1572 e't
1306 1554 1307 1558 ,

71 1627 209 1673 ornnes
243 1607 389 1689 populi,
425 1609 637 1689 principes
671 1616 710 1673 et
739 1627 878 1673 omnes
909 1609 1067 1675 iudices
1091 1616 1223 1684 terrea>

70 1713 246 1778 iuuenes
269 1718 307 1778 et
329 1713 527 1797 uirgines,
559 1713 746 1777 seniores
777 1732 861 1778 aum
887 1713 1118 1779 iunioribus
1142 1713 1219 1778 lau·

71 1818 170 1882 dent
204 1836 346 1881 nomen
380 1815 542 1881 domini.
587 1816 691 1881 omnia
721 1815 844 1882 laudem
869 1817 918 1882 dei
942 1819 1115 1894 concinunt,
1149 1817 1220 1884 lioet

70 1921 218 2005 quaedam
240 1937 338 1986 sensu·
350 1920 448 1986 laudis
465 1921 603 1986 carentia
618 1921 695 1998 sint;
719 1922 774 1987 sed
790 1940 846 2000 per
862 1921 1060 1986 institutionis
1078 1923 1220 1987 ordinem
1248 1945 1274 1982 ιι

70 2024 317 2109 qualitatemque
340 2025 491 2109 gignendi
514 2025 701 2120 praeoonium
726 2025 874 2089 creatoris
897 2025 1071 2091 ostendunt.
1106 2026 1220 2092 detenti

70 2130 103 2194 in
129 2137 213 2195 terra
236 2131 385 2206 dracones
409 2149 577 2212 eorumque
600 2128 704 2209 plures
727 2130 758 2193 in
783 2129 904 2213 abyssis
928 2130 1072 2211 demersi,
1108 2138 1142 2197 nt
1165 2151 1220 2196 nos

70 2236 156 2298 intra
179 2239 294 2299 metum
319 2241 349 2299 et
372 2232 563 2318 religionem,
588 2235 663 2298 dum
686 2233 745 2314 ipsi
767 2234 849 2299 intra
871 2234 1019 2317 abyssum
1043 2240 1220 2319 terramque

71 2338 197 2422 religati
220 2337 389 2421 impietatis
406 2348 519 2402 nostrae
535 2339 635 2418 punis
651 2342 871 2418 praeparantur,
895 2346 1079 2404 coercerent.
1110 2346 1221 2404 nature

71 2443 165 2526 ignis,
190 2442 271 2506 niuis
295 2443 418 2518 candor,
442 2441 577 2526 crystalli
600 2441 725 2526 glaries,
749 2440 890 2522 proeellae
909 2442 1044 2523 spiritus,
1068 2443 1218 2509 montium
1247 2470 1272 2508 so

73 2545 206 2623 celsitas,
231 2546 385 2611 distinctio
408 2545 541 2622 collium,
564 2547 708 2611 arborum
732 2545 857 2626 fruetus,
885 2546 1053 2611 bestiarum
1077 2548 1218 2624 uarietas,
1281 2612 1283 2617 .

73 2670 219 2732 pecorum
251 2649 373 2727 utilitas,
409 2651 596 2731 serpentium
632 2650 725 2726 nisus,
759 2649 916 2715 uoluorurn
952 2649 1077 2728 uolatus,
1108 2671 1219 2736 regum

73 2761 219 2835 potestas,
257 2752 438 2835 populorum
476 2753 650 2830 famulatus,
688 2755 860 2835 principum
900 2755 1043 2838 dignitas,
1081 2755 1218 2821 iudicum

75 2859 213 2942 equitas,
247 2864 372 2923 aetatum
407 2859 546 2923 omnium
577 2865 608 2923 et
638 2878 765 2924 sexuum
802 2878 912 2935 mores,
942 2860 1050 2936 studia,
1080 2859 1218 2938 uirtutes,

75 2962 142 3028 haeo
184 2963 288 3046 itaque
318 2962 424 3028 omnia
457 2963 488 3026 in
523 2963 662 3028 diuersos
703 2961 936 3047 ineffabilesque
970 2983 1043 3028 usus
1077 2964 1219 3041 formata,
1246 2989 1289 3027 aa·

75 3066 232 3144 distinete,
256 3067 399 3144 animata,
421 3068 567 3147 perlecta,
591 3068 737 3132 creatoris
760 3067 985 3148 prouidentiam
1009 3066 1142 3132 laudaut.
1188 3079 1220 3134 et

76 3190 191 3247 eorum,
214 3190 284 3254 quse
307 3178 360 3235 aut
383 3171 519 3235 inanima
542 3177 594 3234 aut
616 3171 842 3235 inrationabilia
861 3179 940 3247 sunt,
964 3172 1063 3255 qualis
1085 3169 1218 3237 laudatio

76 3281 166 3352 emet
189 3275 325 3341 ostendit
347 3274 470 3340 dicens:
502 3294 584 3359 quae
616 3275 777 3340 faciunt
806 3274 970 3339 uerbum
1002 3276 1219 3341 eius:ute1

77 3399 119 3457 eo,
143 3380 227 3462 quod
250 3379 282 3443 in
305 3378 388 3444 buno
421 3379 590 3444 officiorum
627 3399 751 3444 suorum
785 3380 848 3444 sint
869 3379 1009 3444 ordinem
1044 3380 1217 3459 constituta,

76 3483 260 3562 preconium
285 3484 361 3560 eius,
384 3504 403 3547 a
426 3502 486 3566 quo
509 3485 552 3548 ita
574 3484 636 3548 sint
657 3483 805 3559 instituto,
830 3489 987 3550 testentur.
1245 3507 1270 3545 eo

119 3589 148 3651 7.
174 3586 313 3671 Regibus
330 3607 402 3652 uero
425 3595 455 3652 et
469 3589 580 3653 ceteris
596 3588 673 3664 aliis,
697 3597 856 3671 tamquam
874 3588 1001 3653 rationis
1016 3589 1218 3666 consortibus,

120 3766 132 3816 l
153 3762 279 3830 posth
332 3764 348 3814 3
366 3762 515 3816 inanimale
535 3768 650 3816 naturae
669 3763 694 3814 Il
712 3763 889 3816 inanimalem
912 3768 1039 3816 naturam
1058 3764 1087 3815 E
1137 3763 1219 3816 'lha-

77 3848 141 3902 bissi
160 3849 185 3901 R
239 3852 255 3903 9
280 3851 367 3904 uerbil
385 3849 411 3901 R
437 3850 471 3915 cf.
497 3851 616 3903 Saborier
644 3849 683 3917 ΙΙ,
710 3847 766 3902 285
796 3850 913 3903 uerbab
941 3849 978 3914 (in
1005 3868 1018 3902 e
1041 3861 1100 3922 post
1127 3850 1219 3919 abyssi

78 3936 168 4005 lepitar
186 3940 214 3988 et
234 3935 342 4003 reliqua
360 3938 457 3988 omissio
475 3937 633 4005 sequentibus
651 3955 729 4006 arque
741 3938 888 3989 adnomen
901 3935 1017 4003 dominil
1073 3939 1102 3990 ll
1121 3936 1219 4004 pinua-

78 4027 119 4078 lee
138 4021 177 4075 12¹
195 4027 331 4090 pennatae
349 4019 402 4075 nb
457 4025 489 4075 17
507 4022 625 4077 habiasis
644 4024 669 4076 R
695 4033 717 4076 el
744 4025 781 4076 sic
804 4024 831 4074 ia
848 4041 898 4092 seq.
951 4023 1174 4091 usurpantium
1193 4024 1220 4076 R

78 4114 236 4179 serpentum
255 4110 284 4162 E
334 4126 431 4179 regum
451 4136 485 4147 -
503 4111 651 4164 famulatus
679 4128 727 4162 om.
749 4111 772 4162 ll
789 4112 835 4163 red
851 4108 885 4173 cs.
904 4128 975 4179 supr.
994 4119 1017 4163 et
1036 4111 1116 4164 Acod.
1133 4130 1160 4180 p.
1178 4108 1219 4164 32

193 4205 208 4234 u

77 4249 109 4303 24
127 4265 195 4303 sexu
233 4248 258 4300 R
310 4249 344 4302 25
362 4248 472 4302 firmata
491 4251 515 4302 It
533 4251 567 4318 cs.
588 4250 669 4302 alred.
685 4269 712 4319 p.
733 4248 770 4302 46·
823 4251 857 4303 26
876 4206 993 4302 orletoris
1012 4251 1044 4302 R.
