2790 4844
164 281 226 345 760
509 284 628 337 sancti
646 283 783 337 Hilarii
801 283 962 352 episcopi

207 473 257 537 23.
283 473 324 537 lat
347 474 419 556 quia
441 494 496 553 per
518 472 586 537 haec
609 474 769 552 superiora
784 473 939 538 discretim
962 493 999 537 ex
1024 480 1178 557 utroque,
1201 475 1232 538 in
1251 490 1299 554 quo

163 583 237 652 erat,
258 584 377 642 naturae
393 598 508 660 genere
528 577 715 657 praedicauit,
740 578 788 642 dei
805 576 922 641 seilicet
936 584 1031 660 atque
1048 577 1202 651 hominis,
1224 577 1297 641 tert'c

160 683 312 746 unitatem
346 688 462 746 nnturae
496 683 559 745 iarn
590 682 621 745 in
651 702 684 745 se
718 681 908 762 proficientis
940 682 1081 746 ostendit
1118 683 1242 747 dicens:
1270 682 1294 744 si

161 805 375 866 sumpsero
400 787 544 866 pinnas
568 806 675 850 meas
699 793 791 850 ante
821 784 953 850 lucem
983 800 1023 849 et
1059 785 1292 851 habitauerc

120 914 133 950 c
160 890 198 954 in
222 890 446 970 postremis
469 892 607 954 maris:
633 891 783 955 etenim
806 889 908 954 illuc
930 909 1075 954 ananus
1100 898 1171 955 tua
1193 891 1292 955 dedu-

160 1000 223 1059 cet
261 1016 328 1073 me,
367 1001 406 1060 et
443 995 602 1059 tenebit¹
635 1015 693 1059 rne
731 996 901 1059 dextera
935 1000 1009 1058 tua.
1065 1013 1142 1059 cum
1177 992 1290 1074 sumpsit

160 1100 280 1179 pinnas,
307 1100 370 1163 iam
393 1119 528 1179 corpore,
551 1118 611 1162 nun
634 1107 789 1182 grauatus.
835 1118 905 1163 cum
936 1115 1007 1162 suas
1039 1100 1187 1179 sumpsit,
1217 1099 1290 1161 dccet

158 1200 240 1267 hanc
272 1203 415 1268 euolandi
447 1224 571 1283 semper
600 1202 658 1266 sibi
690 1203 786 1267 fuisse
808 1203 963 1267 uirtutem.
1008 1222 1083 1266 cunr
1107 1210 1183 1267 ante
1204 1202 1289 1266 lucen

159 1308 300 1387 sumpsit,
335 1315 457 1387 tempus
491 1307 725 1371 resurrectionis
758 1307 903 1371 ostendit.
955 1326 1027 1370 cum
1065 1307 1097 1370 in
1139 1305 1289 1387 postremis

106 1437 131 1472 ιο
159 1412 253 1475 maris
284 1417 340 1485 est,
375 1410 442 1476 loca
471 1417 504 1474 ut
534 1414 610 1475 dens
639 1411 784 1475 hnmanae
808 1410 1029 1475 demorationis
1054 1412 1188 1476 excedit.
1230 1429 1289 1475 cum
1333 1432 1335 1441 ·

158 1515 320 1580 deducitur
332 1536 433 1592 muna,
446 1536 507 1578 non
520 1516 616 1579 timet.
652 1535 725 1580 cnm
738 1521 859 1580 tenetur
872 1517 998 1579 dextera
1009 1513 1070 1587 dei,
1093 1535 1157 1578 non
1170 1522 1290 1579 mantus

157 1625 210 1682 aut
233 1620 362 1684 decidit:
391 1619 559 1683 donauit
582 1618 647 1683 illi
672 1622 770 1683 deus
793 1637 942 1690 nomen.
966 1621 1070 1701 quod
1094 1624 1291 1698 estsuper

157 1742 271 1787 omne
294 1743 447 1804 nomen,
467 1733 508 1788 ut
529 1725 567 1786 in
591 1723 751 1787 nomine
776 1723 861 1787 eius
885 1742 997 1787 ornne
1019 1741 1129 1805 genu
1154 1723 1291 1787 flectet

157 1826 382 1891 caelestinm
407 1835 445 1891 et
468 1828 731 1892 terrestrium
755 1834 793 1891 et
816 1827 1081 1902 infernorum,
1109 1834 1149 1891 st
1172 1827 1293 1892 omnis

105 1955 129 1992 a
156 1929 299 2014 lingna
323 1931 584 2006 confiteatur,
609 1933 702 2014 quia
736 1931 923 1995 dominns
946 1928 1063 1995 Iesus
1094 1931 1135 1994 in
1167 1930 1294 2015 gloria

156 2042 218 2099 est
254 2037 317 2099 dei
351 2037 491 2116 patris.
536 2037 569 2100 iu
592 2057 628 2100 eo
652 2037 745 2109 enim,
771 2038 853 2118 qnod
881 2037 971 2099 datur
1001 2034 1029 2098 ei
1061 2054 1180 2100 nomen
1209 2055 1296 2116 snper

155 2160 247 2203 omne
274 2159 395 2215 nomen,
429 2161 523 2204 manu
556 2160 594 2204 ac
629 2144 782 2220 potestate
810 2139 907 2220 patris
936 2138 986 2203 dei
1009 2139 1041 2202 in
1073 2138 1178 2222 gloria
1207 2140 1297 2220 ipsius

156 2242 249 2307 homo
272 2252 434 2323 susceptus
457 2244 638 2307 adsumitur.

198 2348 247 2410 24.
271 2346 386 2412 Pinnas
410 2354 513 2412 autem
537 2349 575 2411 ad
601 2348 843 2413 demutationem
866 2355 1060 2413 terrenorum
1077 2367 1247 2428 corporum
1268 2348 1297 2411 in

103 2477 128 2514 ao
155 2451 324 2531 spiritalem
349 2458 443 2534 atque
466 2459 613 2516 aeternam
636 2457 775 2515 naturam
791 2452 900 2516 referri
923 2450 1106 2531 prophetica
1133 2453 1298 2518 auctoritas

155 2562 211 2625 est,
235 2575 305 2619 cum
330 2557 369 2619 ad
393 2557 518 2634 inopem
553 2556 625 2619 tidei
650 2563 681 2620 et
703 2557 854 2621 bonorum
877 2575 1006 2636 operum
1028 2574 1205 2635 pauperem
1228 2556 1297 2620 dici·

153 2665 217 2723 tur:
253 2680 300 2723 ne
335 2661 532 2724 extendas
567 2666 613 2726 te.
637 2660 801 2724 cumeis
828 2679 988 2740 pauper,
1018 2659 1154 2735 diuiti,
1180 2680 1297 2725 sensa

152 2773 286 2827 autem
311 2771 376 2828 tuo
400 2764 578 2828 abstine:
608 2765 857 2844 pisper-suit
888 2765 994 2828 enim
1023 2763 1106 2827 sibi
1142 2766 1297 2844 pinnas

151 2874 192 2931 ut
215 2867 361 2949 aquila
378 2873 415 2932 et
438 2874 674 2932 reuertatur
696 2869 735 2932 in
759 2871 913 2933 domum
937 2867 1031 2942 eius,
1055 2868 1125 2949 qui
1152 2881 1298 2948 praeest

99 2998 125 3036 re
153 2971 197 3034 ei.
243 2991 411 3051 pauperem
446 2972 665 3036 extendentem
700 2993 734 3036 se
768 2973 798 3036 in
833 2993 905 3056 spes
936 2972 1039 3036 diuitis
1070 2972 1187 3054 arguit,
1218 2973 1298 3056 qnod

153 3074 344 3138 infidelitatis
374 3095 437 3139 suae
469 3076 605 3155 inopiam
639 3075 778 3140 fidelium
812 3084 952 3160 exaequet
985 3072 1165 3155 opulentiae.
1212 3077 1297 3141 diues

151 3179 233 3241 enim
260 3198 320 3242 non
345 3178 488 3243 humanis
511 3180 631 3259 opibus,
654 3180 710 3243 sed
737 3179 910 3245 eaelestibus
934 3179 1091 3244 thesauris
1125 3187 1220 3262 parat
1241 3181 1296 3245 sibi

150 3282 271 3363 pinnas,
296 3283 408 3365 quibus
431 3289 603 3348 reuertatur
625 3284 655 3346 in
670 3285 796 3348 domum
812 3285 888 3354 eius.
904 3284 957 3366 qui
973 3292 1087 3364 praeest
1106 3284 1144 3349 ei.
1194 3299 1297 3351 reuer-

151 3394 232 3450 tetur
249 3388 340 3460 enim,
357 3389 440 3452 unde
457 3388 577 3464 decidit,
601 3390 684 3453 unde
700 3389 731 3452 in
747 3393 873 3468 peccato
888 3388 979 3468 primi
994 3387 1134 3454 hominis
1152 3390 1296 3472 expulsus

97 3516 122 3553 so
151 3496 206 3553 est.
253 3497 284 3555 et
307 3491 376 3573 quis
399 3497 446 3555 est
468 3492 535 3567 iste,
567 3493 652 3556 cuias
681 3491 748 3557 haec
770 3493 880 3557 domus
903 3497 951 3557 est
973 3497 1005 3556 et
1027 3493 1080 3575 qui
1106 3494 1135 3559 ei
1160 3493 1296 3577 praeest?

195 3667 227 3716 12
245 3662 315 3716 rari.
335 3666 368 3730 n,
387 3669 404 3714 e
422 3683 461 3732 sq.
497 3667 531 3718 aa
549 3665 628 3718 nov.
648 3666 747 3731 amn,
766 3667 789 3719 a.

194 3832 227 3881 12
245 3830 360 3883 donauit
386 3831 460 3883 enim
486 3832 528 3883 illi
558 3832 610 3884 PE
663 3834 694 3885 13
712 3831 806 3885 flectat
835 3831 860 3884 Ii
883 3830 1013 3884 flectatur
1031 3831 1086 3884 PE
1143 3836 1178 3888 14
1196 3840 1226 3889 et
1243 3841 1296 3888 ter·

148 3917 278 3968 restrium
300 3915 377 3969 RP¹t
396 3919 569 3971 terrestrium
580 3914 631 3970 P²e
685 3921 717 3971 16
735 3912 766 3971 di
784 3918 875 3987 petris
898 3917 976 3971 estP
1029 3921 1060 3971 17
1080 3921 1174 3988 patris
1184 3923 1231 3976 dei
1250 3922 1300 3976 ΒΡ

147 3999 192 4052 dei
209 4003 334 4068 patrisE
383 4005 418 4058 20
435 4009 576 4057 aeternam
594 4005 635 4057 Rc
654 4021 761 4058 aeream
781 4005 807 4057 P
822 4004 978 4058 aetheream
997 4022 1018 4064 c.
1037 4005 1079 4058 tic
1097 4009 1183 4062 dean.
1202 4012 1258 4063 cod.
1275 4009 1300 4062 P

147 4088 181 4139 25
200 4087 229 4139 in
248 4106 309 4155 spes
328 4089 368 4141 nt
386 4090 415 4142 in
439 4107 504 4158 opes
523 4108 536 4142 e
588 4093 622 4145 28
640 4097 798 4144 reuertatur
815 4091 844 4144 in
863 4090 976 4171 domum
994 4090 1055 4144 eius
1075 4093 1128 4160 qui
1147 4102 1262 4163 praeest
1273 4096 1297 4149 ei

147 4174 300 4226 reuertdtur
323 4176 352 4227 in
376 4175 487 4229 domum
512 4177 559 4244 qui
586 4182 647 4242 pest
665 4178 691 4230 ei
709 4183 867 4232 reuertatur
883 4177 958 4230 enim
977 4178 1050 4230 lectio
1069 4181 1254 4253 ‘tieroymptia
1276 4193 1298 4235 et

146 4261 308 4314 aberratione
325 4271 383 4315 orta
402 4264 427 4315 R
479 4266 513 4317 30
531 4269 559 4317 et
577 4265 626 4332 qui
644 4265 669 4317 ei
687 4271 789 4332 praeest
806 4267 829 4317 la
847 4266 864 4317 l.
883 4282 932 4318 om.
950 4264 984 4318 R.
