2790 4844
285 264 467 312 tractatus
486 259 521 312 in
545 259 716 327 psalmum
736 254 856 312 CXXXI.
1080 260 1142 325 669

78 447 180 514 ferens
196 449 387 533 generositas
403 450 595 530 praedicatur.
640 457 674 512 ut
689 468 787 512 unum
803 449 895 512 ambo
914 449 985 526 sint,
1009 449 1063 514 leo·
1080 459 1142 516 est:

78 574 140 619 uns
163 564 257 636 atque
280 553 345 634 ipse
370 553 417 629 sit
441 552 560 618 catulus
583 552 680 618 leonis
704 558 759 617 est.

96 657 132 722 ld
156 658 255 738 ipsum
279 663 379 722 autem
403 659 496 723 etiam
528 657 639 738 psalmi
670 658 889 739 consequentia
919 655 1142 723 demonstrent.

79 762 145 848 nim
168 761 326 827 indelessa
347 760 400 825 illa
421 762 519 826 uirtus
543 767 574 826 et
597 759 786 841 inpassibilis
800 761 952 845 unigeniti
968 761 1018 825 dei
1035 767 1143 826 natura

78 866 106 930 is
130 885 238 931 somno
255 866 454 931 dormitatura
470 867 706 943 existimaretur,
729 885 796 930 rem
812 885 936 931 omnem
951 866 991 930 ad
1003 864 1141 931 officium
1179 896 1191 930 a

78 969 144 1047 aria,
168 969 216 1035 oui
232 970 382 1034 discessio
397 969 569 1034 inmortalis
586 970 698 1034 animae
714 988 800 1034 mors
816 974 871 1047 est,
886 969 1004 1034 rettulit
1019 969 1142 1035 dicens:

83 1072 207 1139 odero
230 1093 411 1138 somnum
434 1073 564 1140 oculis
600 1074 699 1140 meis
733 1080 771 1138 et
801 1072 1013 1155 palpebris
1044 1073 1143 1157 meis

78 1177 331 1242 mitntionem
353 1185 392 1242 et
411 1177 864 1261 requiemtemporibus
883 1177 992 1253 meis,
1016 1179 1143 1244 donec

78 1281 204 1347 aniam
226 1280 356 1346 locum
379 1281 548 1360 domino,
577 1281 893 1348 tabernaculum
915 1282 987 1347 deo
1012 1280 1141 1347 Iacob.

78 1384 231 1467 tporibns“
256 1385 429 1451 secundum
452 1385 662 1451 translationis
684 1385 777 1451 fidem
802 1406 862 1450 non
896 1385 994 1451 aemtis
1025 1386 1141 1466 spatiis,
1170 1414 1194 1450 ro

78 1489 186 1571 capitis
203 1490 343 1570 partibus
357 1490 500 1573 requiem
515 1498 618 1573 negat.
664 1496 694 1555 et
716 1489 766 1554 hae
782 1490 971 1555 adfectiones
987 1495 1059 1555 sunt
1075 1509 1141 1556 eor·

78 1614 127 1672 tes,
157 1614 233 1677 quas
257 1594 342 1658 labor
371 1594 483 1678 longus
507 1600 538 1659 et
560 1595 631 1660 uitae
654 1594 791 1659 anxietas
815 1595 980 1678 exagitant.
1026 1594 1142 1678 quieuit·

78 1717 101 1762 n
125 1697 184 1773 ille,
219 1697 267 1763 cui
291 1717 374 1763 mors
408 1718 535 1763 somnus
566 1705 629 1763 est:
660 1706 691 1763 et
719 1698 760 1776 id,
792 1699 872 1782 quod
896 1699 987 1764 nobis
1012 1696 1140 1781 poenalis

78 1802 167 1867 statio
190 1809 246 1879 est,
268 1802 428 1886 unigenito
452 1812 483 1868 et
503 1802 536 1866 in
559 1820 685 1882 corpore
709 1802 847 1867 manenti
863 1802 920 1867 deo
936 1803 1059 1885 requies
1076 1802 1141 1868 suit.

78 1916 91 1971 t.
115 1905 177 1972 Sed
200 1911 271 1970 ante
294 1905 375 1970 hane
397 1906 539 1989 requiem
563 1912 594 1971 et
616 1905 748 1987 apostoli
775 1905 932 1989 eliguntur
955 1905 1140 1973 absoluendi
1170 1933 1194 1968 a

78 2010 173 2095 gandi
197 2015 227 2075 et
249 2009 280 2073 in
305 2009 379 2075 caelo
403 2020 434 2075 et
467 2011 498 2074 iu
522 2016 604 2074 terra
626 2010 674 2075 ins
702 2011 870 2076 sortiuntur
900 2017 931 2075 et
960 2016 1140 2091 potestatem

78 2134 149 2179 rsus
172 2115 317 2179 uirtutem
340 2134 466 2179 ornnem
489 2113 699 2179 aduersariam
722 2121 848 2179 sumunt
870 2125 900 2179 et
919 2112 1068 2195 templum
1092 2114 1141 2179 dei

90 2224 122 2284 ct
145 2220 202 2299 ipsi
227 2239 264 2282 eu
287 2217 356 2302 lege
378 2218 539 2283 uenientes
562 2218 692 2302 dignum
716 2219 773 2283 deo
790 2217 881 2283 lacob
909 2217 1140 2283 tabernaculum

91 2322 216 2404 reperti.
261 2342 298 2387 ac
320 2343 358 2386 ne
382 2323 460 2387 sorte
484 2342 541 2387 nos
564 2343 619 2402 per
641 2321 842 2405 multiplicem
865 2321 993 2386 hnmani
1023 2322 1140 2406 ingenii

78 2427 242 2511 legentiam
264 2426 328 2491 nim
350 2427 472 2491 ueritati
495 2426 616 2491 adferre
641 2426 768 2509 quidam
784 2426 976 2503 arbitrantur,
999 2432 1039 2504 ut,
1060 2426 1141 2510 quod
1169 2449 1193 2487 ao

78 2531 167 2596 lauid
197 2550 330 2614 persona
359 2531 475 2595 dictum
506 2531 553 2607 sit,
583 2530 615 2594 id
645 2531 684 2594 ad
708 2531 868 2596 dominum
890 2528 1141 2614 saluatoremque

78 2654 135 2699 um
168 2634 358 2700 multimodis
388 2634 620 2699 translationum
656 2634 873 2700 subtilitatibus
906 2633 1140 2722 transferamus,

78 2739 172 2803 aenda
193 2746 273 2816 sunt,
297 2752 365 2823 quae
389 2747 542 2812 secuntur,
570 2747 602 2804 ut
623 2758 660 2803 ex
684 2738 734 2803 his
757 2738 918 2803 nentatem
940 2737 1046 2802 inuitis
1069 2737 1142 2803 licet

78 2843 247 2908 nitentibus
263 2843 450 2928 ingeramus.
495 2843 538 2907 ait
561 2843 658 2908 enim:
685 2863 777 2908 eoae
801 2843 1033 2908 audiuimus
1057 2861 1138 2907 eam

84 2946 280 3028 Ephrata,
325 2948 558 3013 inuanimus
602 2967 683 3012 eam
731 2947 768 3010 in
811 2947 965 3028 campis
1010 2944 1139 3024 siluaa;
1168 2968 1194 3004 ao

78 3050 340 3116 ·oibimus²in
380 3050 687 3116 tabernacula
721 3053 833 3128 eius,
873 3050 1141 3126 adorabimus,

81 3227 277 3333 indiscrensll
329 3278 497 3332 2estleonis
512 3277 586 3331 Vl’T
632 3276 923 3346 dipauilerasdlli
970 3233 1142 3331 demonstrant

86 3367 145 3418 ml
164 3366 190 3419 R
207 3365 380 3419 demonstrat
403 3365 476 3418 VPT
493 3364 594 3418 docent
614 3367 640 3417 E
690 3366 707 3419 5
725 3364 910 3418 dormitatura
930 3364 983 3417 TE
1002 3363 1141 3417 dormien-

78 3507 135 3558 tura
163 3505 188 3556 R
215 3503 370 3558 dormitura
391 3504 414 3556 P
465 3503 678 3593 6disceacesaio
704 3521 772 3556 corr.
791 3502 863 3556 na?
886 3449 1099 3557 Nise-2⁸23
1118 3502 1144 3555 P

78 3624 110 3678 lit
131 3626 156 3679 V
180 3625 278 3679 retulit
301 3625 407 3679 RPTE
457 3625 625 3694 'lpalfobris
654 3625 678 3678 V
702 3621 741 3692 (et
766 3625 906 3695 palpebris
933 3625 1002 3679 meis
1028 3642 1076 3677 om.
1105 3624 1141 3688 R)

78 3729 124 3764 tum
143 3714 204 3766 odd.
225 3711 298 3766 aa?
321 3712 346 3765 V
395 3712 604 3766 tabernaculum
622 3731 652 3766 aa
669 3713 848 3767 tabernaculo
867 3732 899 3766 m.
925 3712 945 3765 2
970 3712 995 3766 V
1047 3714 1077 3766 ll
1097 3727 1141 3765 re·

78 3815 180 3869 naam.
199 3818 247 3853 scr.
268 3799 293 3852 Τ
345 3802 378 3855 16
396 3816 428 3853 ao
447 3817 477 3852 aa
494 3799 546 3853 hac
567 3801 592 3852 R
645 3807 674 3854 et
697 3800 726 3853 in
751 3799 827 3855 caelo
846 3806 875 3853 et
891 3799 920 3852 in
944 3803 1020 3853 tarra
1043 3798 1143 3851 VRP'I'

94 3889 167 3940 terra
185 3891 213 3941 ct
230 3886 260 3939 in
278 3886 355 3940 coelo
375 3888 402 3939 E
452 3888 487 3941 20
505 3887 676 3940 arbitrentur
700 3903 807 3955 exque
826 3903 861 3941 ax
878 3886 963 3941 dauid
986 3887 1010 3940 V
1060 3888 1092 3940 21
1112 3885 1142 3939 id

89 3990 136 4026 scr.
155 3991 189 4027 m.
214 3974 227 4025 1
246 3974 272 4026 R
323 3975 359 4027 22
377 3973 576 4042 suptilitatibus
601 3974 626 4027 V
674 3975 709 4028 23
727 3978 758 4027 ut
775 3974 865 4027 om.V
914 3989 949 4027 cx
966 3991 1037 4045 supr.
1055 3991 1105 4027 scr.
1118 3972 1145 4025 P

78 4075 112 4113 am
135 4061 212 4114 VTE
236 4077 269 4114 ea
296 4060 348 4113 ΒΡ
398 4062 432 4113 25
450 4059 557 4114 eiratha
582 4057 662 4114 VR’a
689 4060 777 4114 efrata
796 4058 833 4114 R¹
852 4059 950 4115 effrata
969 4061 995 4112 T
1045 4062 1080 4116 26
1098 4060 1141 4114 in·

78 4145 143 4202 imus
159 4147 237 4200 VRE
253 4146 418 4200 intrabimus
431 4147 482 4199 ΡΤ
533 4147 708 4201 adorabimus
728 4148 781 4200 ΤΕ
797 4166 827 4201 α
844 4147 1020 4203 adorauimus
1037 4165 1104 4202 corr.
1117 4147 1144 4200 P

78 4233 172 4288 mimus
195 4234 221 4288 V
236 4233 413 4288 adorabimus
431 4261 466 4270 -
484 4233 568 4302 pedes
586 4234 645 4288 eius
663 4253 712 4289 om·
732 4235 764 4288 R.
