2790 4844
162 238 224 304 188
502 241 617 294 saneti
642 242 773 294 Hilarii
800 243 960 311 episcopi
1022 279 1024 282 ψ

161 451 252 495 nemo
277 431 359 495 enim
384 430 503 495 auferet
525 451 594 495 eum
617 433 657 495 ab
681 452 724 505 eo,
756 432 830 514 quia
859 433 956 497 uirtus
991 453 1047 497 sua
1080 439 1110 496 et
1144 432 1305 515 refugium

160 555 250 600 suum
284 536 332 611 sit,
363 536 393 599 in
425 536 511 599 euius
546 536 689 600 manibus
723 536 990 602 commendauerit
1022 537 1164 616 spiritum
1201 557 1305 602 suum.

160 640 247 704 ouius
270 640 483 705 misericordia
506 661 578 704 eum
602 641 777 722 praeueuiet,
797 648 831 706 ut
846 641 939 706 etiam
954 648 1027 706 ante
1042 642 1303 707 resurrectionem

159 744 208 809 dei
231 743 312 808 filius
347 743 551 827 intellegatur,
586 765 655 809 euin
690 746 841 810 moriente
875 766 920 822 oo,
956 745 1117 811 obscurato
1152 745 1228 822 sole,
1252 746 1305 810 lux

119 896 124 907 .
159 850 285 928 deperit,
321 869 390 912 oum
428 849 580 928 pendente
614 870 650 914 eo
688 849 718 912 in
754 869 843 913 eruee
878 850 982 914 tremit
1015 857 1105 927 terre,
1141 870 1214 914 eum
1250 851 1305 914 de·

158 954 324 1018 seendeate
354 975 390 1018 eo
414 954 454 1017 ad
488 954 602 1018 interos
632 960 754 1017 sanctos
784 954 851 1017 eius
881 953 971 1018 inferi
995 974 1055 1019 nou
1087 959 1202 1027 tenent,
1228 974 1308 1019 oum-

156 1058 315 1123 emitteute
364 1079 400 1122 eo
449 1058 589 1141 spiritum
642 1057 748 1122 uelum
799 1057 905 1141 templi
955 1069 1113 1141 tamquam
1158 1060 1303 1123 custodia

156 1162 239 1228 illiue
263 1161 392 1243 spiritali
426 1170 607 1244 erumpente
642 1161 832 1231 discinditur,
868 1182 937 1226 eum
972 1170 1128 1243 postremo
1163 1164 1303 1228 centurio

156 1268 339 1347 proclamat:
364 1288 457 1332 uero
481 1266 544 1331 dei
570 1265 685 1330 lilius
717 1272 803 1329 erat
833 1267 921 1330 iste.
967 1267 1119 1332 custodita
1141 1267 1240 1351 igitur
1262 1269 1304 1331 ad

156 1373 246 1438 deum
262 1373 438 1437 fortitudine
461 1392 525 1449 sua,
549 1372 620 1453 quia
643 1370 708 1434 lux
731 1369 838 1435 lucet
860 1371 898 1434 in
923 1371 1108 1437 tenebris
1132 1378 1171 1437 et
1194 1379 1300 1437 tene·

155 1478 231 1542 brae
262 1498 346 1541 eam
384 1497 458 1541 aon
498 1473 896 1556 conprehenderunt,
920 1484 951 1539 st
984 1477 1299 1556 praeuenienteeum

156 1583 366 1647 misericordia
389 1601 444 1646 sua
466 1582 599 1646 ostendit
621 1581 649 1645 ei
673 1582 752 1645 inter
774 1581 914 1644 inimicos
939 1581 1013 1658 eius,
1036 1581 1108 1664 quia
1138 1588 1299 1662 susceptor

154 1687 218 1751 eius
242 1695 332 1762 esset,
367 1706 435 1750 eum
471 1687 502 1750 id
537 1687 630 1750 etiam
653 1685 769 1749 iuimiei
801 1684 993 1749 confessione
1030 1686 1193 1764 patuisset:
1226 1705 1297 1750 uere

154 1811 223 1856 eum
249 1791 299 1855 dei
321 1790 419 1854 filium
444 1809 512 1854 esse
535 1790 671 1855 centurio
694 1788 872 1869 proclamat.
918 1796 948 1853 et
971 1788 1037 1854 haee
1070 1796 1133 1853 tum
1170 1790 1296 1873 quidem

152 1897 194 1960 ita
217 1897 339 1979 cognita
362 1910 441 1960 suat.

198 2001 245 2064 ll.
271 2001 333 2066 Sed
368 2001 440 2082 quia
474 2000 645 2064 seeundum
679 1999 769 2063 illud:
804 2004 843 2064 et
875 1998 1076 2063 uidebant
1109 1999 1147 2062 in
1179 2018 1296 2082 quem

152 2109 464 2185 ooupunreruat
487 2105 580 2169 etiam
603 2105 634 2168 ia
658 2102 792 2168 futurum
817 2103 898 2167 inter
917 2104 1058 2168 inimicos
1073 2103 1138 2167 eius
1155 2104 1299 2169 ostendet

155 2209 238 2285 deus,
252 2210 332 2291 quod
357 2203 421 2273 eius
445 2209 484 2272 sit
507 2215 675 2291 susceptor,
699 2209 812 2290 quippe
836 2227 907 2271 eum
931 2208 1099 2272 secuudum
1122 2207 1297 2287 apostolum

153 2314 343 2397 introgressa
365 2315 505 2397 gentium
538 2312 726 2393 plenitudine
750 2313 790 2380 id.
825 2314 906 2395 quod
931 2310 1052 2375 Israhel
1086 2312 1126 2375 sit
1156 2310 1298 2389 relicum,

100 2428 112 2466 2
153 2417 331 2498 seluabitur,
355 2425 387 2481 ut
410 2419 491 2501 quod
515 2419 663 2497 seriptum
688 2425 734 2481 est
763 2415 933 2497 inpleatur:
963 2416 1100 2480 ueniet
1122 2436 1168 2480 ex
1193 2415 1298 2483 Sion.

152 2523 217 2605 qui
241 2521 442 2587 liberabit
476 2528 513 2587 et
543 2528 701 2586 auertet
734 2522 974 2600 impietates
997 2521 1042 2585 ab
1067 2519 1299 2586 laoob-et

151 2626 223 2690 hoe
246 2627 456 2692 illisame
486 2634 786 2699 testamentum,
820 2646 905 2689 eum
939 2625 1119 2689 auferam
1155 2625 1297 2706 impie·

151 2740 259 2796 tates
282 2752 425 2807 eorum,
449 2736 488 2798 ad
513 2734 770 2818 significationem
794 2732 898 2814 itaque
921 2731 1064 2810 repositae
1087 2728 1178 2794 huius
1203 2732 1297 2796 mise·

150 2838 289 2903 n'eordia
313 2840 441 2922 speique
465 2839 609 2904 subiecit:
635 2859 679 2903 ue
708 2838 916 2904 occideris
951 2855 1027 2912 eos,
1057 2854 1104 2899 ne
1135 2836 1297 2917 quando

98 2947 109 2984 2
150 2943 455 3009 obliuisoantur
478 2944 585 3028 legis
608 2951 691 3008 tua.
737 2945 935 3026 disparge
958 2939 1055 3005 illos
1078 2940 1115 3003 in
1137 2941 1297 3006 uirtute

192 3108 208 3154 9
227 3104 324 3157 Matth.
344 3103 456 3169 XXVII,
475 3106 522 3167 543
540 3105 625 3158 Mare.
640 3104 696 3168 XV,
715 3105 756 3156 39.
796 3106 827 3156 10
847 3102 903 3155 loh.
922 3105 942 3156 l.
961 3106 985 3156 4.
1024 3106 1056 3158 16
1075 3103 1296 3173 zzeh.xl1,10;

150 3193 204 3246 leh.
224 3191 296 3255 xla,
315 3193 356 3245 37.
394 3191 520 3245 20Esai.
540 3192 610 3256 LIX,
629 3193 670 3243 20.
707 3193 736 3244 21
760 3190 837 3244 Rom.
856 3192 903 3258 Xl,
922 3192 963 3244 27.

196 3351 206 3400 l
230 3351 319 3401 aufert
338 3349 415 3401 Pru:
476 3353 504 3430 et
531 3349 594 3415 quie
619 3365 685 3400 corr.
704 3367 736 3401 m.
759 3349 771 3398 l
800 3349 825 3400 a
843 3353 872 3400 et
891 3348 955 3415 quia
981 3347 1053 3400 l'PE
1104 3347 1246 3417 refugium
1266 3369 1296 3404 er

148 3452 283 3520 refugium
310 3472 376 3505 corr.
405 3472 436 3505 m.
457 3450 477 3503 ί)
501 3452 525 3504 V
575 3452 639 3504 oin
658 3449 861 3515 ernost-(una
879 3452 926 3504 liu.
944 3451 1025 3511 erus.)
1055 3452 1079 3504 R
1107 3451 1135 3505 in
1164 3453 1249 3509 oruct's
1274 3456 1297 3507 Γ

148 3539 264 3594 tremuit
282 3545 356 3592 terra
375 3539 425 3590 ΡΤ
442 3539 583 3592 remittere
611 3539 633 3592 l'
679 3542 699 3592 ⁴8
717 3538 931 3605 discingiturV
981 3539 1076 3592 oneri
1100 3538 1140 3596 Va
1193 3542 1294 3594 adeum

149 3627 224 3679 RVI'
284 3629 316 3679 10
340 3625 474 3679 fortitudo
507 3625 532 3679 V
589 3628 618 3679 ll
640 3625 918 3694 conpraehenderunt
948 3626 973 3678 R
1035 3626 1233 3693 praeueniente
1265 3647 1296 3682 es

148 3719 296 3782 praeuente
324 3714 348 3764 'l'
404 3714 435 3765 13
462 3713 597 3780 potuisset
629 3714 652 3766 l'
702 3729 767 3766 uere
797 3712 871 3765 enim
901 3730 964 3765 eum
994 3713 1022 3764 Ε
1051 3713 1088 3765 du
1118 3729 1184 3767 uere
1215 3712 1250 3767 οἱ
1271 3715 1296 3767 Τ

150 3805 181 3856 14
199 3801 311 3868 quidem
329 3806 390 3853 tum
408 3800 449 3853 Po
504 3803 535 3853 17
554 3801 582 3853 in
601 3801 695 3853 futuro
715 3801 739 3851 'l'
791 3798 914 3852 ostendit
938 3799 962 3851 V
1016 3801 1047 3852 18
1065 3798 1103 3854 sit
1120 3818 1152 3852 ea
1170 3800 1294 3855 ostendit
1324 3820 1329 3830 ·

147 3906 211 3942 corr.
231 3888 301 3940 m.2
326 3889 347 3937 l'
400 3890 432 3941 19
450 3888 619 3955 introgressa
637 3906 667 3940 ea
685 3886 837 3955 introgesta
856 3906 888 3938 m.
909 3885 968 3938 :JV
1018 3886 1144 3953 gentium
1163 3887 1293 3942 multitu·

146 3976 246 4028 ‹lilielt
298 3974 411 4028 istrahel
427 3975 452 4025 V
497 3974 798 4041 reliqumRreliquum
808 3973 886 4026 PTE
930 3975 965 4026 20
983 3972 1116 4027 scribtum
1132 3973 1158 4027 V
1208 3974 1292 4029 exion

149 4065 172 4115 lt
224 4065 254 4116 ‘21
277 4061 456 4129 quilibernbit
474 4080 504 4114 ee
523 4061 706 4128 quelibet-anit
735 4059 805 4114 m?
829 4061 852 4111 l'
869 4061 915 4127 qui
934 4060 1034 4128 eripiat
1054 4059 1078 4108 R
1130 4061 1293 4130 impietates

146 4169 176 4203 ee
191 4149 335 4217 impietate
349 4148 591 4215 PimpietatemT
643 4154 673 4201 ut·
691 4148 778 4202 hooR
833 4149 868 4200 24
885 4165 936 4201 neo
954 4149 1130 4204 occideritis
1179 4150 1216 4203 25
1235 4150 1292 4205 dis·

147 4253 230 4304 perge
255 4234 317 4303 (per
339 4254 395 4305 sup.
421 4237 464 4287 lia.
490 4237 550 4287 odd.
573 4254 605 4287 m.
624 4233 657 4298 9)
683 4236 706 4287 V
727 4235 856 4304 disperge
878 4235 981 4287 RPPE
1031 4236 1060 4288 in
1088 4235 1229 4292 uirtutute
1260 4240 1292 4292 R.
