2790 4844
107 836 120 872 6

96 1357 121 1393 10

148 199 211 266 288
495 197 611 251 suncti
629 196 767 251 Hilarii
786 196 948 266 episcopi
1033 218 1039 231 ·

148 392 218 456 licet
241 390 271 454 in
295 389 438 454 omnibus
460 408 541 453 unus
565 395 656 471 etque
679 387 762 451 idem
787 394 868 452 esset
890 387 1025 467 spiritus,
1052 408 1273 455 numerosorur

148 503 250 559 tumen
273 494 424 558 uirtutum
447 492 513 556 deri
538 492 733 563 mentionem.
758 491 830 573 quio
846 493 886 557 ed
901 490 1161 572 pulchritudinem
1179 495 1273 559 domu

148 601 214 679 ipse
235 599 383 663 uirtutum
404 595 503 677 spolio
522 597 682 661 diuideret.
728 597 768 661 od
784 595 921 660 ecciesiae
937 597 1021 660 enim
1037 599 1132 663 decus
1149 598 1273 664 detroct

147 704 186 768 eb
209 702 260 768 his
283 701 404 766 diebolo
435 709 465 766 et
494 702 633 785 gentium
666 698 763 780 spolie
794 700 974 765 diuiduntur
1008 708 1100 784 etque
1135 703 1271 768 etiume

121 829 125 836 ⁴
146 806 198 871 his
221 806 326 888 spoliis
350 807 461 870 domus
484 804 678 885 pulchritudo
701 804 866 884 perficitur,
889 823 961 869 curn
984 805 1015 869 in
1039 807 1217 872 sacerdotes
1242 807 1273 871 dt

148 912 186 975 ad
216 910 381 976 ministerii
412 909 687 974 sanctificationem
723 909 762 973 ub
797 909 859 973 uris
893 909 1078 992 templisque
1112 910 1273 975 daemonun

148 1015 369 1080 abstrahuntur
399 1020 567 1097 senemque
591 1013 701 1094 spiritu
730 1014 854 1097 inrigeti
886 1012 1135 1097 euangelizuntes
1171 1013 1273 1080 effecte

148 1126 219 1185 sunt
242 1120 343 1184 dilecti
368 1139 437 1184 esse
459 1119 596 1183 uirtutes.

194 1224 240 1288 13.
266 1221 317 1288 Ad
342 1222 400 1288 hes
423 1223 506 1287 enirn
531 1223 655 1287 eosdem
688 1221 825 1295 uirtutes,
856 1243 926 1305 quse
958 1223 997 1287 od
1026 1222 1273 1306 pulchritudines

149 1331 260 1394 domus
281 1327 332 1392 uel
355 1326 453 1407 spolio
483 1327 623 1391 diuident
644 1325 693 1390 uel
717 1327 792 1406 ipsae
816 1335 888 1391 sunt
910 1327 1016 1407 spolio,
1041 1329 1165 1393 diuinus
1189 1348 1272 1393 serm

148 1453 182 1498 se
215 1431 331 1497 rettudit
353 1431 477 1496 dicens:
509 1430 541 1495 si
574 1431 791 1495 dormietis
820 1431 930 1496 inter
959 1432 1116 1496 medios
1146 1431 1273 1496 cleror

147 1538 279 1618 pinnae
302 1534 496 1601 columboe
526 1536 814 1618 deargentatae,
845 1544 882 1599 et
911 1536 1147 1615 posteriora
1177 1538 1273 1601 dors

149 1642 236 1706 eius
270 1641 309 1704 in
342 1639 561 1704 uiriditete
599 1639 696 1703 euri.
742 1638 911 1719 prophetiae
948 1646 1020 1703 uoto
1057 1648 1136 1715 sunt,
1176 1640 1273 1723 quibu

148 1765 274 1810 manere
296 1745 328 1809 in
351 1744 462 1808 mediis
485 1743 576 1807 cleris
600 1743 666 1808 haec
689 1744 728 1807 ud
752 1743 1011 1823 pulchritudinem
1043 1745 1154 1809 domus
1189 1744 1273 1810 diuis

149 1849 246 1930 spolie
269 1855 399 1928 exoptat,
422 1855 577 1930 utusque
601 1848 641 1912 ud
663 1848 936 1913 consummationis
960 1869 1024 1913 suae
1044 1849 1127 1913 diem
1154 1885 1195 1895 -
1220 1850 1273 1933 qui

149 1952 321 2037 significari
355 1973 438 2017 mors
469 1950 566 2016 soleat
598 1952 762 2016 insomne
786 1988 825 1998 -
850 1953 880 2016 in
916 1954 1028 2017 domus
1060 1951 1273 2033 pulchritudin

148 2064 356 2138 perseuerent.
402 2057 454 2139 qui
479 2057 605 2139 quidem
630 2057 754 2120 suntin
778 2076 870 2121 usum
887 2057 1112 2136 praedicetionis
1128 2062 1273 2140 temquer

149 2162 360 2245 deorgentetae
383 2161 484 2241 pinnae
508 2159 666 2236 columbus,
696 2161 727 2224 id
750 2168 798 2224 est
820 2162 918 2225 sancti
941 2160 1068 2240 spiritus
1091 2180 1225 2226 munere
1247 2183 1273 2226 oi

149 2273 285 2350 nutuque
307 2265 442 2346 pretiosi.
487 2266 517 2329 in
542 2263 590 2329 his
625 2272 735 2337 entem.
760 2284 829 2347 quae
861 2272 930 2344 post
965 2285 1017 2329 eos
1052 2271 1131 2343 sunt,
1163 2265 1196 2329 in
1229 2286 1273 2331 en:

149 2370 305 2435 uiriditete
328 2371 505 2447 consistent,
527 2377 562 2433 nt
584 2368 633 2434 his
655 2382 725 2449 post
746 2369 996 2449 predicationem
1020 2368 1175 2452 euangelii
1197 2369 1273 2434 hon(

149 2476 253 2559 regius
277 2482 306 2539 et
328 2474 485 2539 indefessa
507 2474 662 2538 eternitas
686 2493 723 2537 er
745 2473 940 2538 conscientie
964 2493 1028 2538 suae
1051 2471 1154 2537 fructu
1176 2473 1272 2539 ineu

149 2580 303 2644 uiriditute
336 2579 497 2643 reddetur:
533 2579 607 2642 dnm
642 2584 673 2641 et
706 2597 814 2641 aurum
844 2577 977 2641 refertur
1011 2577 1050 2641 ed
1085 2575 1273 2642 honorem(

149 2685 180 2748 in
215 2681 371 2748 niriditete
404 2684 494 2766 uigor
527 2689 661 2747 eternus
694 2682 873 2746 ostenditur.
918 2682 1152 2761 posteriore
1186 2681 1273 2766 itaqu

150 2789 270 2865 dorsi,
294 2807 363 2870 quae
386 2785 681 2865 interscnpilie
711 2786 814 2868 magis
837 2804 959 2869 graecus
989 2805 1092 2849 sermo
1123 2784 1273 2869 significet

150 2893 181 2957 id
231 2902 278 2956 est
322 2911 391 2974 quse
432 2892 520 2955 bonae
569 2890 763 2955 eonscientiae
812 2897 903 2972 utque
949 2890 1073 2953 honoris
1120 2890 1273 2968 posterior:

196 3122 274 3186 lsps
292 3137 363 3188 supr.
380 3115 510 3170 soron?
528 3117 554 3168 P
603 3115 780 3170 nomerouard
799 3115 834 3167 P¹
887 3115 969 3184 2qui
988 3114 1072 3168 edV
1121 3114 1218 3183 3ipse
1236 3116 1273 3170 uir

149 3207 204 3259 tuti
235 3206 261 3259 V
283 3205 342 3273 ipse
366 3205 478 3258 uirtutis
507 3204 585 3256 PPE
609 3203 683 3271 ipsae
710 3203 828 3256 uirtutes
852 3204 917 3255 coni.
942 3203 1038 3255 Bened.
1056 3203 1083 3254 in
1101 3203 1164 3254 adn.
1222 3200 1273 3256 diui

150 3294 248 3346 der-ent
274 3293 339 3345 coni.
366 3292 463 3345 Bened.
516 3291 649 3344 aeclesiae
680 3291 702 3344 V
757 3288 904 3343 ddiubolo
922 3304 1008 3342 —ex
1034 3287 1077 3340 hie
1104 3304 1154 3340 om.
1193 3289 1217 3341 V
1266 3310 1273 3343 e

149 3367 208 3433 onte
235 3380 361 3447 gentium
386 3397 457 3449 eirpr.
483 3396 531 3431 scr.
560 3378 584 3429 Τ
610 3395 658 3430 om.
686 3378 713 3428 E
764 3376 834 3430 ded
861 3375 1022 3429 ministeriis
1048 3374 1096 3426 VP
1146 3375 1242 3429 8sint
1270 3423 1273 3430 .

150 3467 245 3520 dilecti
272 3485 302 3519 ex
328 3466 430 3518 dilecte
454 3465 480 3516 P
532 3467 565 3518 10
582 3464 641 3532 ipse
660 3464 685 3517 R
703 3464 764 3531 ipse
788 3463 812 3517 V
863 3479 954 3516 sermo
982 3480 1012 3514 cr
1038 3477 1128 3513 sermo
1156 3478 1251 3515 sermo

151 3556 182 3607 ll
202 3553 298 3606 retulit
323 3550 461 3604 V¹RPTE
511 3551 584 3603 inter
611 3550 716 3603 modios
744 3568 773 3602 ex
799 3549 828 3601 in
855 3547 946 3601 medio
965 3566 999 3600 m.
1018 3547 1035 3599 1
1052 3547 1078 3600 R
1134 3549 1167 3599 ln
1185 3564 1273 3616 penm

150 3641 254 3694 RPPE
306 3642 338 3693 le
353 3638 494 3691 uiriditete
522 3657 552 3691 ec
578 3637 695 3691 uiditete
722 3636 772 3689 PT
823 3634 974 3703 prophetae
1002 3636 1039 3687 Te
1092 3636 1126 3687 14
1143 3633 1239 3688 diuina
1267 3663 1273 3690 ι

151 3728 261 3781 diuinae
279 3745 311 3778 m.
330 3725 350 3778 Σ)
367 3726 392 3778 V
444 3727 475 3778 16
494 3724 590 3777 domus
609 3742 639 3776 ec
656 3724 751 3777 domos
770 3723 796 3774 P
845 3721 1081 3790 pulchritudinem
1096 3720 1121 3773 V
1175 3723 1210 3776 18
1227 3740 1273 3792 per

151 3832 201 3867 nae
222 3813 298 3865 ΡΤΕ
331 3817 376 3879 spe
395 3817 438 3865 scs
463 3812 485 3864 V
539 3813 570 3864 19
588 3811 719 3878 praetiosi
736 3810 783 3863 VR
835 3815 899 3877 post
915 3827 988 3879 eripr.
1005 3826 1054 3861 scr.
1073 3808 1099 3859 T
1150 3809 1188 3864 20
1206 3808 1273 3866 honr

151 3901 209 3953 eius
219 3906 247 3952 et
263 3900 287 3952 V
335 3901 514 3952 tnesaurum
524 3905 591 3951 exet
601 3899 629 3950 in
639 3898 773 3951 eurumR
824 3892 1130 3961 28uiriditete(om.in)
1143 3895 1273 3953 Tbuirid

151 3989 216 4041 tetis
244 4005 274 4040 cx
300 3986 412 4039 uiritete
440 4004 471 4038 m.
499 3983 563 4038 ΞΡ
613 3986 703 4039 uictor
730 3984 753 4038 V
801 3986 836 4037 24
853 3982 1036 4050 intersaeptis
1062 3982 1088 4033 R
1112 3981 1273 4054 interscapl

152 4074 253 4143 (scepli
271 4076 299 4126 in
316 4092 368 4126 rae.
388 4074 424 4138 P)
452 4073 551 4125 1ῬΤΕ
601 4075 635 4126 25
653 4071 682 4123 id
709 4090 739 4124 ec
763 4070 806 4123 iud
824 4089 856 4123 m.
876 4070 893 4122 1
916 4069 941 4122 V
991 4084 1060 4136 qnae
1087 4069 1149 4120 add.
1178 4071 1257 4126 nu?

825 4157 839 4189 ‘7

837 4196 843 4208 ο

152 4169 206 4228 etq.
225 4160 337 4213 honoris
355 4179 425 4230 supr.
444 4178 492 4212 scr.
508 4161 532 4210 Τ
548 4158 654 4238 adquee
671 4157 789 4210 honores
815 4158 825 4209 1
