2790 4844
155 224 218 288 141
500 224 615 277 sancti
634 223 769 276 Hilarii
789 224 951 292 episcopi

154 415 361 480 resurrexisse
385 435 453 480 enm
478 436 496 479 a
518 413 645 478 mortuis
669 413 796 477 audiunt
819 413 903 478 etin
927 414 978 479 dei
1000 413 1129 480 ueritate
1163 414 1298 499 gloriam

153 537 241 584 snam
263 519 470 600 resumpsisse
493 524 693 602 cognoscunt.
737 537 811 581 nam
835 523 942 598 postea
963 518 1002 583 ob
1027 537 1152 600 poenam
1186 519 1235 584 dei
1266 519 1298 584 in

152 641 277 687 crucem
299 623 358 687 acti
393 622 475 688 fame
499 628 530 687 et
551 620 632 687 bello
655 620 809 702 absumpti
832 641 868 687 ac
891 622 1003 702 perditi
1026 631 1113 687 sunt:
1136 623 1210 688 uitae
1226 644 1299 689 auc-

152 732 249 791 torem
272 733 370 791 morte
394 728 578 793 damnantes
595 745 696 808 neque
720 726 769 790 dei
792 725 822 788 in
848 746 884 790 eo
906 726 1068 791 ueritatem
1092 746 1146 807 per
1169 747 1298 808 opernm

118 874 124 895 ‚
151 828 415 914 magnificentiam
449 831 630 915 cogitantes.
677 828 734 894 hos
768 830 864 912 igitur
901 830 1051 911 disperdit
1088 830 1137 896 dei
1171 832 1297 910 ueritas,

150 951 222 998 eum
255 936 295 999 ad
333 936 551 1002 resumendam
584 933 693 1016 gloriae
728 933 923 998 maiestatem
957 942 1093 1015 paternae
1127 955 1298 1020 resurgens

150 1037 299 1103 absolutae
324 1038 353 1102 in
377 1058 411 1104 se
435 1038 604 1104 diuinitatis
626 1037 807 1121 probauerit
828 1037 1000 1102 ueritatem.

196 1141 245 1206 12.
268 1140 357 1223 Quod
381 1150 483 1207 autem
507 1149 538 1208 et
560 1142 592 1206 in
615 1160 739 1206 crucem
762 1147 865 1205 actum
899 1142 1092 1224 unigenitum
1123 1142 1174 1208 dei
1196 1142 1298 1210 filium

151 1250 180 1310 et
203 1250 301 1311 morte
324 1247 504 1311 damnatum
528 1266 607 1323 enm,
639 1245 690 1328 qni
714 1245 884 1322 natiuitate,
920 1264 990 1328 quse
1024 1247 1083 1311 sibi
1113 1267 1151 1313 er
1181 1253 1298 1314 aeterno

151 1358 236 1430 patre
257 1356 304 1415 est
322 1351 478 1427 naturalis,
500 1358 633 1415 aeternus
652 1349 699 1427 sit
719 1348 907 1432 frequenter,
926 1350 1019 1415 immo
1031 1371 1165 1432 semper,
1186 1354 1299 1435 praedi-

151 1472 272 1518 camus:
305 1474 365 1518 non
390 1475 427 1519 ex
450 1463 569 1519 naturae
592 1454 776 1519 necessitate
800 1454 908 1534 potina,
932 1474 1026 1537 qnam
1042 1476 1081 1520 er
1103 1469 1298 1523 sacramento

150 1556 296 1622 humanae
319 1558 435 1633 salutis,
470 1558 607 1639 passioni
631 1557 727 1622 inisse
750 1557 892 1622 subditus
921 1557 1151 1643 intellegendus
1175 1568 1237 1639 cst3
1268 1570 1298 1626 et

149 1660 286 1726 uoluisse
302 1681 335 1725 se
360 1662 459 1745 magis
475 1662 610 1742 passioni
627 1661 735 1739 subici,
756 1681 849 1744 quam
866 1673 1014 1727 coactum.
1060 1670 1090 1728 et
1106 1683 1296 1748 quamquam

150 1765 251 1846 passio
264 1764 317 1828 illa
332 1784 392 1830 non
409 1766 501 1830 suerit
517 1765 708 1830 condicionis
724 1775 756 1830 et
771 1767 904 1847 generis,
921 1766 994 1849 qnia
1008 1767 1297 1834 incommutabilem

150 1869 199 1933 dei
223 1877 364 1933 naturam
387 1868 472 1933 nulla
495 1870 542 1933 uis
565 1870 722 1934 iniuriosa
738 1870 978 1949 perturbationis
997 1869 1175 1948 offenderet
1191 1877 1295 1938 tamen

148 1979 294 2053 suscepta
316 1973 487 2039 noluntaria
511 1979 565 2051 est,
590 1972 692 2038 officio
716 1974 842 2056 quidem
865 1974 933 2054 ipsa
956 1974 1152 2040 satisfactura
1170 1976 1296 2057 poenali.

148 2096 210 2141 non
234 2084 337 2142 tamen
360 2098 458 2159 poenae
482 2097 576 2143 sensu
592 2076 704 2142 laesura
720 2077 901 2158 patientem:
926 2098 986 2142 non
1000 2079 1084 2162 quod
1096 2079 1150 2143 illa
1160 2079 1296 2145 laedendi

149 2201 210 2245 non
236 2180 377 2246 habuerit
406 2202 462 2263 pro
492 2183 559 2262 ipsa
589 2182 741 2264 passionis
773 2182 920 2264 qualitate
951 2191 1102 2262 naturam,
1125 2184 1181 2248 sed
1211 2185 1296 2268 qnod

149 2283 285 2350 dolorem
317 2286 487 2350 diuinitatis
514 2294 624 2350 natura
647 2306 708 2350 non
732 2286 835 2350 sentit.
882 2306 992 2368 passus
1023 2307 1097 2372 ergo
1128 2304 1175 2353 est
1207 2289 1295 2371 deus,

148 2390 222 2471 quia
245 2409 278 2454 se
302 2390 433 2455 subiecit
455 2389 649 2456 uoluntarius
673 2389 825 2470 passioni;
860 2391 914 2455 sed
938 2391 1111 2474 suscipiens
1135 2393 1295 2457 naturales

148 2480 358 2578 ingruentium
381 2494 413 2557 in
436 2514 470 2559 se
494 2494 682 2578 passionum,
715 2494 828 2577 quibus
860 2493 997 2560 dolorem
1028 2495 1219 2576 patientibus
1242 2517 1295 2562 ne-

148 2617 236 2664 cesse
260 2610 306 2663 est
329 2618 383 2663 aas
406 2598 523 2676 inferri,
539 2599 676 2675 uirtutes,
693 2598 759 2679 ipse
784 2605 885 2663 tamen
909 2619 927 2663 a
950 2603 1068 2664 naturae
1091 2618 1156 2664 suae
1179 2600 1294 2665 uirtute

147 2722 210 2766 non
235 2702 356 2780 excidit
380 2715 414 2766 ut
437 2702 562 2768 doleret.

192 2880 206 2929 1
226 2878 457 2930 resurrectionem
477 2894 540 2930 cum
558 2893 593 2931 ex
610 2878 727 2930 mortuis
745 2875 826 2947 (supr.
846 2895 908 2930 cum
927 2879 993 2930 inter
1011 2879 1091 2931 lineas
1104 2897 1121 2930 a
1133 2896 1166 2930 m.
1181 2877 1220 2930 2:
1239 2883 1295 2946 xpo

148 2970 328 3031 conparantes
348 2964 553 3025 resurrexisset)
578 2964 603 3016 V
652 2964 825 3031 3adsurnpti
845 2963 868 3017 V
918 2981 949 3017 ac
969 2963 1071 3032 perditi
1090 2971 1154 3017 sunt
1172 2983 1230 3035 sup.
1250 2967 1293 3017 lia.

147 3048 237 3102 cm.¹.)
253 3049 276 3100 V
325 3052 418 3117 dneq.
436 3051 526 3102 dmin
541 3051 697 3103 ueritateP
746 3051 877 3119 6gloriae
887 3057 1018 3118 pateruae
1028 3052 1201 3105 maiestatem
1220 3051 1296 3105 VPE

148 3136 368 3189 7absolutame
421 3136 530 3204 dqnod
548 3141 639 3190 autem
658 3143 765 3204 spectat
783 3143 811 3190 et
839 3138 935 3189 Bened.
954 3139 980 3189 ia
998 3140 1059 3191 adn.
1118 3138 1147 3190 in
1167 3155 1252 3192 eruce
1271 3138 1297 3190 P

147 3223 164 3274 9
179 3222 325 3275 natiuitate
340 3218 420 3291 (supr.
436 3240 450 3276 e
466 3224 566 3292 aliquid
579 3221 656 3289 aas.)
667 3224 693 3275 li
747 3226 779 3277 10
797 3230 924 3278 aeternus
940 3229 981 3277 est
999 3223 1028 3277 id
1043 3221 1205 3292 frequenter
1226 3225 1252 3279 V
1265 3232 1293 3279 et

147 3314 276 3362 aeternus
285 3309 322 3361 sit
334 3308 519 3376 frequentere
571 3311 761 3377 praedicamus
779 3328 833 3363 non
847 3309 930 3380 (supr.
947 3327 999 3363 usn
1016 3309 1088 3363 3-r
1107 3312 1154 3363 litt.
1174 3309 1256 3378 erce.)
1267 3312 1292 3364 R

149 3397 181 3449 12
199 3394 319 3463 passioni
343 3413 373 3448 ex
390 3397 523 3463 passionis
542 3396 568 3449 R
586 3397 765 3464 aspersionis
785 3397 881 3450 salutis
900 3397 1032 3466 passionis
1057 3397 1080 3454 V
1130 3396 1216 3451 fuisse
1229 3399 1290 3452 sub-

147 3482 221 3535 ditus
234 3482 437 3551 intellegendus
450 3489 490 3536 ost
503 3489 531 3535 et
544 3483 598 3565 Vll
609 3482 693 3537 fuisse
705 3485 848 3538 subditum
861 3489 890 3538 et
904 3482 966 3536 PTb
1003 3485 1036 3539 13
1047 3501 1105 3538 sese
1124 3485 1151 3537 V
1200 3488 1230 3538 et
1239 3487 1290 3553 qul

148 3622 201 3675 ΗΡ
217 3620 273 3685 (aad
285 3621 309 3673 11
322 3623 348 3672 in
366 3639 447 3690 murq.
461 3624 520 3674 cdd.
540 3579 589 3690 gli)
644 3625 676 3677 14
695 3623 922 3677 indemutabilem
938 3623 1013 3677 VPE
1066 3624 1097 3677 16
1115 3623 1290 3679 uoluntariae

147 3759 173 3813 R
191 3717 487 3841 uolulta⁸uoluntariae
513 3760 536 3812 V
588 3763 620 3813 17
639 3776 725 3829 poene
749 3761 774 3812 V
798 3760 826 3812 in
851 3776 954 3828 poenae
973 3760 999 3813 R
1048 3770 1108 3830 post
1131 3775 1187 3813 non
1206 3759 1228 3813 2
1245 3763 1291 3818 lut.

147 3880 213 3915 eras.
232 3864 258 3915 a
312 3865 345 3916 18
363 3863 497 3931 qualitate
516 3882 546 3916 ea
565 3864 726 3931 qualitatem
745 3863 817 3917 aa?
840 3865 865 3917 V
915 3863 1013 3917 natura
1040 3865 1205 3919 consentit
1230 3882 1291 3934 pas·

147 3950 231 4003 sionis
255 3950 417 4023 qualitatem
445 3956 573 4002 naturam
600 3950 647 4003 sed
676 3951 749 4017 quod
775 3951 899 4004 dolorem
926 3951 1081 4003 diuinitatis
1108 3955 1211 4003 natura
1238 3969 1295 4009 uon

147 4037 231 4090 sentit
247 4037 270 4088 V
322 4040 353 4090 19
371 4054 586 4106 passura-ergo
602 4038 628 4089 lt
679 4040 714 4091 20
732 4037 865 4106 passionis
883 4038 904 4089 V
954 4042 1082 4090 naturam
1100 4037 1296 4106 ingruentium

148 4123 174 4175 P
223 4126 258 4177 22
276 4142 320 4177 eas
333 4142 380 4176 cm.
393 4125 432 4175 Pb
485 4124 587 4177 inferre
603 4125 677 4177 VRP
728 4125 850 4177 aan
899 4125 934 4178 23
952 4124 1059 4178 doleret
1068 4142 1098 4176 er
1110 4123 1224 4180 doloret
1235 4131 1296 4184 ἰιι

148 4211 174 4262 R
192 4211 300 4264 doloret
326 4211 352 4264 V.
