2790 4844
336 282 517 331 tractatus
537 278 571 329 iu
590 275 763 344 psalmum
782 275 941 329 cxxxvii.
1147 275 1209 340 735

60 477 91 534 et
117 467 176 534 boc
198 470 241 533 ita
270 488 347 546 esse,
381 488 419 533 er
453 465 643 552 euangelicis
677 466 767 531 dictis
801 474 979 547 promptum
1003 473 1049 531 est
1072 485 1209 531 noscere.

59 593 136 637 nam
160 592 231 638 cnm
256 572 298 638 ait
331 572 491 637 dominus:
525 572 733 637 confiteor
768 570 854 648 tibi,
889 579 1013 650 pater,
1049 570 1210 635 domine

59 676 152 742 caeli
177 685 214 742 et
236 684 364 754 terrae,
388 677 483 759 quia
505 674 768 740 abscondisti
799 674 881 739 haec
903 696 921 738 a
944 674 1210 755 sapientibus

59 790 100 846 et
135 780 407 862 prudentibus
442 779 581 846 saeculi
627 786 665 845 et
697 777 897 844 reuelasti
932 798 976 843 ea
1014 777 1209 860 paruulis,

60 884 187 950 leudem
220 886 271 950 dei
306 886 401 966 patris
435 885 474 950 ob
509 883 644 950 reuelato
679 884 823 964 paruulis,
847 904 915 967 quae
938 883 1081 966 ignorata
1104 890 1211 948 essent
1251 908 1263 943 a

60 990 275 1069 prudentibus,
303 988 474 1066 confitetur,
505 989 619 1054 docens
649 989 718 1054 ideo
748 989 900 1053 absconsa
923 1007 959 1052 ea
983 1005 1051 1053 asse
1075 986 1133 1065 bis,
1157 988 1209 1071 qui

60 1094 231 1174 prudentes
252 1094 441 1171 uiderentur,
473 1093 545 1177 quia
575 1112 633 1157 non
666 1091 838 1157 secundum
865 1090 1075 1157 innocentiam
1098 1112 1210 1172 paruu-

60 1195 164 1262 lorum
188 1197 351 1278 praeceptis
375 1197 563 1281 euangelicis
579 1196 792 1262 credidissent.
838 1203 869 1260 at
892 1215 975 1273 uero,
994 1197 1046 1260 ubi
1062 1195 1092 1259 in
1110 1196 1210 1261 isdem

60 1300 373 1386 euangeliisdicitur:
404 1309 441 1368 et
465 1301 782 1383 baptizabantur
805 1320 942 1365 omnes
968 1301 1006 1364 in
1034 1300 1210 1365 Iordane

61 1404 319 1471 confitentes
349 1411 520 1486 peccata
551 1426 627 1482 sua,
650 1393 713 1470 illie
738 1404 889 1470 consessio
913 1405 1210 1485 peccatorumsine
1238 1428 1262 1465 ιο

60 1510 266 1593 ambiguitate
288 1510 524 1595 significationis
547 1508 672 1576 alterius
695 1509 878 1575 continetur.

106 1614 136 1678 2.
161 1613 299 1679 blasima
322 1623 426 1680 autem
450 1621 481 1680 et
503 1613 666 1680 utilissima
694 1620 741 1679 est
764 1613 902 1679 letalium
924 1614 1068 1678 uitiorum
1091 1613 1209 1679 morbis

60 1719 93 1782 iu
117 1737 228 1782 eorum
251 1717 444 1784 consessione
474 1718 635 1784 medicina.
682 1719 737 1783 sed
759 1716 912 1783 confessio
935 1717 1055 1798 peccati
1079 1737 1140 1782 non
1164 1723 1211 1783 est

62 1830 225 1907 mmquam
248 1841 351 1887 rerum
374 1822 443 1888 aliis
465 1824 677 1906 ignoratarum
700 1823 861 1903 professio,
885 1828 919 1886 ut
942 1822 969 1886 ei
992 1822 1041 1886 sur
1064 1823 1103 1887 de
1120 1822 1209 1900 furto,

62 1932 115 1991 aut
139 1925 296 1992 homicida
319 1928 358 1992 de
381 1929 466 1993 cade
489 1928 696 2012 interrogatus
720 1927 896 2005 confitetur;
926 1947 1028 2011 neque
1050 1935 1210 2010 tamquam
1238 1947 1262 1983 ιο

62 2031 221 2116 ignoraus,
245 2032 298 2115 qui
321 2037 463 2097 scrutans
493 2031 586 2097 eorda
616 2038 647 2097 et
675 2051 766 2097 renes
790 2032 865 2097 deus
889 2038 943 2110 est,
974 2033 1014 2096 ad
1049 2031 1211 2096 scientiam

63 2136 109 2200 sui
134 2136 329 2201 consessione
353 2143 405 2200 tua
427 2137 554 2221 indiget,
577 2137 626 2201 cui
649 2142 827 2217 promptum
850 2144 897 2201 est
912 2156 972 2200 non
990 2136 1131 2220 cogitata,
1155 2137 1208 2200 sed

63 2239 229 2324 cogitanda
262 2242 447 2322 perspicere.
493 2240 645 2306 confessio
675 2248 780 2305 autem
810 2240 930 2321 pcccati
959 2261 996 2305 ea
1026 2248 1081 2316 est,
1114 2249 1147 2306 ut
1169 2241 1210 2317 id,

64 2344 146 2427 quod
171 2364 190 2407 a
213 2350 242 2409 te
265 2351 389 2429 gestum
413 2350 468 2422 est
490 2364 547 2425 per
569 2346 781 2429 coguitionem
804 2345 923 2425 peccati
942 2344 1117 2410 confitearis
1141 2364 1210 2410 esse

64 2454 235 2528 peccam
280 2469 372 2514 nemo
396 2449 487 2527 enim,
511 2449 595 2531 quod
618 2449 692 2533 agit,
715 2450 754 2512 ad
778 2449 810 2512 id
834 2450 990 2532 agendum
1013 2468 1074 2513 non
1097 2455 1150 2513 aut
1172 2470 1209 2513 ex
1236 2469 1261 2507 ao

65 2551 163 2618 fructu
193 2550 406 2618 oblectationis
440 2552 569 2617 alicuius
599 2560 652 2617 aut
682 2553 796 2617 iudicio
826 2553 916 2618 bonae
945 2553 977 2617 in
1001 2574 1037 2618 eo
1059 2553 1210 2634 opinionis

64 2656 254 2741 adgreditur,
279 2658 354 2722 dum
377 2663 431 2722 aut
453 2665 572 2722 rectum
598 2657 630 2721 id
653 2663 739 2738 putat
762 2663 814 2722 aut
830 2677 866 2722 eo
886 2658 1012 2740 gaudet.
1059 2657 1116 2723 sed
1139 2678 1208 2723 cum

64 2778 119 2841 per
142 2761 315 2825 doctrinam
339 2761 389 2826 dei
423 2761 549 2844 uerique
579 2762 729 2826 rationem
761 2782 805 2836 ea,
836 2781 906 2845 quae
936 2763 994 2826 sub
1027 2763 1129 2844 specie
1159 2769 1211 2827 aut

61 2863 202 2929 utilitatis
225 2872 279 2929 aut
295 2863 461 2946 uoluptatis
477 2866 548 2949 egit,
571 2864 726 2949 intellegit
741 2884 811 2930 esse
827 2872 999 2946 peceatum,
1022 2886 1078 2947 per
1094 2868 1210 2946 peccati

62 2966 308 3052 intellegentiam
338 2975 501 3050 peecatum
531 2970 563 3034 id
586 2990 664 3047 esse,
696 2972 780 3054 quod
804 2991 821 3034 a
848 2991 881 3036 se
903 2978 1026 3053 gestum
1051 2977 1106 3049 est,
1137 2991 1209 3036 con·
1237 2988 1262 3026 2⁶

61 3067 176 3138 fitetur.

111 3179 137 3241 3.
159 3175 271 3244 Nullus
294 3184 405 3244 eutem
429 3179 511 3262 quod
533 3186 694 3260 peccatum
718 3199 788 3245 esse
811 3179 972 3246 consessus
989 3187 1046 3254 est,
1063 3179 1209 3264 deinceps

62 3294 136 3345 eum
157 3283 248 3347 uenia
271 3283 421 3361 admittet,
445 3283 517 3367 quia
545 3285 664 3364 peccati
694 3283 847 3349 confessio
879 3283 1030 3364 professio
1060 3291 1107 3349 est
1128 3284 1209 3350 desi·

64 3385 169 3451 nendi.
212 3393 351 3452 ceterum
372 3387 404 3451 in
428 3386 591 3453 intellectis
614 3395 646 3454 et
668 3388 819 3454 confessis
842 3407 976 3466 manere,
1002 3388 1068 3454 baec
1092 3389 1209 3469 peccati

110 3524 241 3579 abach.
258 3526 306 3592 ΧΙ,
323 3527 366 3580 26.
402 3529 419 3579 9
437 3526 537 3581 Moab.
555 3528 603 3594 111,
622 3531 646 3580 6.

110 3648 126 3698 2
143 3645 254 3701 domine
265 3651 346 3716 pater
359 3647 438 3701 ΡΤΕ
446 3648 479 3712 cs.
492 3649 556 3702 Aba.
569 3648 620 3717 IV,
633 3647 673 3702 82
726 3652 742 3703 5
755 3666 814 3703 esse
826 3650 852 3703 R
905 3650 1031 3705 edonem
1042 3669 1071 3702 ex
1080 3650 1175 3703 dicens
1186 3650 1212 3702 P

69 3727 203 3787 eliadam
212 3733 306 3798 ares.
317 3734 392 3789 Neue
405 3736 582 3799 Formantll,
599 3734 656 3789 201
712 3738 744 3790 15
760 3736 897 3790 caedaeR
952 3739 984 3790 17
1000 3754 1100 3791 suamc
1152 3752 1208 3791 non

72 3819 187 3889 tofitme
206 3821 233 3874 G
249 3837 306 3875 non
333 3822 424 3876 solum
450 3823 573 3891 cogitata
591 3823 620 3874 E
671 3825 706 3878 20
724 3825 759 3877 ad
778 3823 806 3876 id
827 3824 907 3876 GRP
921 3823 950 3877 id
977 3825 1012 3877 ad
1031 3824 1056 3874 T
1108 3829 1157 3877 sut
1175 3840 1210 3878 ex

72 3900 155 3961 fructu
175 3907 202 3961 G
218 3907 310 3963 audax
327 3908 421 3964 fructu
439 3910 483 3963 Pa
510 3926 545 3963 ex
572 3909 666 3965 fructu
686 3912 711 3964 lt
728 3915 776 3964 aut
803 3910 897 3964 fructu
917 3912 951 3962 Te
1004 3914 1037 3966 21
1057 3927 1090 3964 eo
1113 3929 1162 3964 om.
1184 3913 1209 3963 G

70 3991 100 4046 la
116 3999 224 4049 rectum
250 3995 280 4049 id
310 3996 362 4050 GR
388 4001 495 4052 rectum
523 3997 604 4051 ΡΙἘ
654 3999 688 4051 28
706 3997 752 4051 dei
780 4015 828 4050 om.
858 3999 883 4051 a
936 3999 970 4051 24
988 3998 1140 4052 uoluntatis
1160 3999 1212 4052 ltP

68 4079 340 4151 monologium
389 4084 423 4137 a?
442 4083 516 4151 quod
536 4085 561 4136 G
579 4103 609 4137 er
627 4103 675 4137 usu
693 4085 781 4136 Hilur,
798 4085 832 4146 cf.
843 4087 970 4138 Addendo
980 4084 1008 4137 id
1020 4085 1092 4153 quod
1104 4085 1211 4139 RPTE

66 4167 97 4221 28
113 4183 178 4223 cnm
196 4168 280 4224 uenia
297 4168 427 4224 admittet
441 4171 493 4224 GR
505 4171 588 4225 debet
606 4171 753 4225 admittere
764 4172 844 4224 PTE
894 4173 929 4226 28
947 4172 1055 4240 peccati
1074 4171 1209 4227 consessio

63 4253 114 4311 GR
131 4255 270 4312 comasio
288 4256 397 4326 peccati
409 4257 488 4311 Vre
538 4260 573 4312 29
591 4258 658 4312 haec
672 4258 749 4310 RPT
766 4274 800 4312 ex
813 4259 909 4312 Bened.
928 4261 956 4312 io
974 4260 1035 4312 udo,
1051 4260 1115 4327 sort.
1135 4270 1208 4314 recte.
