2790 4844
148 203 211 269 232
494 203 613 256 sancti
632 202 763 258 Hilarii
781 205 945 274 episcopi

148 395 264 459 homo
287 402 326 459 et
348 413 415 458 cor
437 391 570 469 altum,
595 399 632 457 et
656 392 911 458 exaltabitur
933 395 1040 461 deus.
1062 396 1187 480 cognita
1207 397 1293 460 enim

150 499 352 564 scrutantium
367 497 550 562 ¹deiectione
573 504 604 561 et
626 499 795 563 accedente
818 497 945 565 homine
967 500 1070 566 cordis
1093 498 1146 564 alti
1170 501 1293 584 magni·

149 603 288 667 licentia*
317 600 428 667 diuinae
464 601 623 666 -bonitatis
668 602 853 684 agnoscitur.
910 608 1042 686 quantus
1087 608 1193 668 autem
1239 604 1296 686 fiet

149 708 295 772 doctrinae
334 704 479 786 spiritalis
516 704 688 788 profectus!
756 725 828 769 nam
874 707 943 790 quis
980 727 1038 770 noo
1079 706 1295 790 magnificabit

54 880 56 884 μ
109 837 121 870 r,
149 812 250 885 deum,
274 829 367 894 quem
392 809 499 873 mundi
529 807 619 874 huius
649 811 831 892 cognouerit
862 809 1079 876 conditorem?
1127 812 1198 893 quis
1233 830 1294 876 non

149 920 268 980 metuet
301 933 395 998 quem
422 914 557 978 iudicem
580 911 681 977 sciet?
727 914 796 997 quis
831 934 891 978 non
926 915 1046 980 renasci
1079 916 1111 979 in
1146 915 1296 980 innocen·

150 1020 223 1084 nam
245 1017 334 1095 uolet
365 1037 437 1083 oum
459 1018 578 1098 peceati
594 1008 750 1082 'remissio
780 1025 975 1084 sacramento
1006 1039 1093 1083 nouae
1123 1020 1295 1084 natiuitatis

149 1122 370 1206 indulgeatur?
415 1123 567 1206 quianon
598 1127 766 1201 apecoato
796 1123 919 1187 desinat
947 1124 1010 1187 iam
1040 1127 1166 1188 renatus
1197 1127 1230 1187 et
1259 1124 1292 1187 in

148 1226 323 1292 innocentia
338 1224 413 1290 uelit
428 1224 546 1306 paruuli
562 1245 754 1306 permanere,
769 1246 840 1291 oum
856 1226 999 1292 talium
1022 1228 1101 1291 sciat
1122 1246 1292 1311 regnum

149 1351 239 1396 esse
254 1329 464 1396 calorum?
509 1329 575 1395 lraec
592 1330 742 1409 professio
756 1335 862 1395 nostra
877 1331 1080 1395 scrutantium
1096 1331 1224 1415 ingenia
1240 1332 1294 1395 de-

150 1434 257 1516 bilitat,
291 1434 360 1499 haec
391 1435 538 1499 doctrinae
569 1438 681 1498 nostra
712 1433 837 1516 spicula,
868 1454 937 1517 quae
959 1454 1016 1516 per
1037 1440 1291 1519 regeneratorum

149 1540 309 1605 exordium
332 1540 454 1622 sagittas
477 1544 549 1603 sunt
571 1537 776 1618 paruulorum,
800 1538 908 1604 stultas
925 1539 1148 1620 disputationes
1172 1544 1204 1604 et
1218 1539 1294 1603 ridi·

149 1643 217 1709 cula
241 1645 279 1709 de
304 1643 361 1707 deo
385 1643 533 1726 dogmata
556 1642 725 1706 unlnerant.
770 1641 820 1708 his
843 1644 1001 1708 aduersari
1024 1643 1161 1724 prosanae
1176 1642 1292 1726 linguae

148 1746 350 1812 contradictio
380 1766 440 1811 non
470 1752 580 1827 potest,
618 1747 782 1811 aduersum
812 1748 951 1812 omnium
985 1748 1227 1828 disputationum
1263 1754 1294 1811 et

109 1896 112 1906 ·
148 1850 395 1916 adhortationum
431 1857 605 1915 nostrarum
639 1850 733 1915 fidem
769 1860 800 1916 et
833 1851 995 1932 trepidatio
1028 1851 1226 1915 abnuentium
1262 1861 1294 1914 et

147 1962 248 2020 metus
271 1962 321 2019 est
342 1955 540 2021 audientium.

193 2059 244 2126 12.
267 2060 467 2124 Adnuntiatis
491 2060 573 2124 enim
596 2061 740 2140 operibus
765 2061 813 2125 dei
837 2068 910 2126 tnnc
932 2061 1080 2141 incipient
1111 2058 1192 2123 facta
1225 2059 1293 2124 eius

149 2162 297 2249 intellegi,
332 2174 404 2228 tunc
427 2164 457 2227 in
481 2163 532 2228 his
555 2163 708 2229 laetabitur
730 2165 837 2241 iustus,
872 2171 944 2229 tuno
974 2183 1045 2228 eum
1076 2183 1184 2228 omnes
1214 2164 1293 2228 recti

148 2269 241 2333 corde
263 2267 440 2333 laudabunt.
485 2275 516 2333 et
539 2267 596 2333 hoo
618 2269 720 2350 ipsum
744 2269 881 2348 psalmus
904 2269 947 2333 ita
969 2269 1092 2332 edocet:
1120 2268 1295 2333 accedet

50 2422 53 2428 .
97 2394 107 2427 2
147 2371 263 2437 homo
294 2380 332 2438 et
362 2392 429 2437 cor
460 2371 593 2444 altum,
624 2379 663 2438 et
696 2372 1079 2437 exaltabiturdeus.
1125 2371 1294 2454 sagittae

148 2475 407 2558 paruulorum
442 2477 560 2542 sacta
595 2484 687 2541 sunt
716 2476 845 2561 plcgae
869 2496 1012 2554 eorum,
1036 2481 1075 2541 et
1098 2474 1204 2540 nihil
1231 2475 1295 2540 ha·

148 2581 324 2645 buerunt
357 2589 499 2645 contra
532 2581 643 2661 ipsos
678 2579 827 2664 lingua
858 2600 998 2645 eorum.
1052 2580 1295 2645 conturbati

148 2691 242 2749 sunt
279 2704 423 2762 omnes
462 2685 528 2768 qui
566 2684 763 2749 uidebant
801 2704 876 2758 cos,
914 2690 951 2749 et
988 2684 1125 2748 timuit
1161 2685 1295 2749 omnis

192 2824 325 2878 aMstth.
344 2825 416 2886 xlx,
438 2826 477 2878 14.

194 2947 262 3000 lad
280 2964 328 3000 eor
346 2946 466 3000 altume
518 2945 693 2999 Rhominem
713 2945 739 2997 P
788 2944 1182 2999 idoctrinaeecdoctrinaR
1237 2956 1297 3014 post

147 3033 290 3102 profectus
303 3030 515 3088 Μελ-388,
530 3033 555 3085 R
608 3037 643 3085 nd
656 3050 686 3085 cs
703 3050 739 3086 na
757 3049 823 3085 corr.
843 3051 875 3085 m.
893 3030 913 3085 3
931 3031 956 3081 R
1009 3031 1057 3099 qui
1077 3030 1103 3082 P
1152 3032 1297 3100 cougno-

344 3119 368 3158 sn

147 3173 190 3226 uit
209 3172 235 3224 P
284 3176 301 3227 6
319 3173 515 3253 innocentiam
533 3172 560 3224 P
610 3175 626 3224 7
645 3172 772 3225 remissio
791 3172 817 3225 R
835 3170 997 3225 remissione
1015 3171 1042 3223 P
1056 3169 1252 3225 remissionem
1270 3172 1301 3224 Ε

147 3271 306 3363 loramento
317 3310 552 3364 Psucrsmentum
562 3306 757 3374 (sacramentis)
768 3309 823 3361 RE
872 3311 889 3362 8
904 3308 1085 3377 indulgeatur
1095 3303 1277 3377 (indulgeat')

147 3451 212 3504 coni.
225 3449 322 3501 Bened.
341 3451 368 3501 in
387 3451 447 3502 odo.
459 3446 605 3515 indulgeat
619 3448 697 3500 RPE
759 3451 788 3502 et
805 3394 992 3501 inlaecentiam
1007 3447 1032 3500 R
1049 3451 1077 3501 et
1095 3446 1259 3502 innocentia
1272 3450 1302 3504 P

149 3535 385 3605 10pr0phossioR
438 3535 707 3603 llgeneratorumP
752 3533 1153 3604 lsssogittasdisputationesR
1190 3537 1297 3591 annl-

148 3628 277 3677 nerantes
295 3622 337 3676 his
356 3622 507 3677 aduersarii
528 3623 553 3675 P
604 3625 637 3676 lt
655 3623 803 3676 aduersum
821 3618 992 3687 (aduersum)
1010 3622 1105 3675 corrs'ecs¹
1130 3622 1251 3677 odorum
1271 3625 1299 3678 R

148 3711 182 3764 ad
194 3710 294 3763 horum
313 3709 365 3761 PE
380 3710 415 3778 cs.
429 3711 502 3763 Stud.
515 3707 587 3763 1889
601 3728 631 3779 p.
642 3708 699 3762 315
713 3719 736 3762 et
748 3709 811 3776 infr.
821 3726 849 3778 p.
869 3706 966 3776 233,d
1018 3712 1047 3762 et·
1065 3707 1298 3765 adhortationum

148 3815 196 3849 om.
207 3798 258 3850 ΗΡ
270 3799 316 3850 sed
329 3798 363 3865 cf.
381 3796 424 3850 Pa.
437 3796 559 3850 CXLIII
564 3813 620 3866 cop.
639 3793 673 3848 13
680 3796 732 3864 fin.
788 3798 820 3849 15
838 3793 921 3848 fidem
931 3796 1016 3847 onr.P
1062 3805 1123 3866 post
1140 3797 1299 3865 trepidatio

148 3884 234 3936 2lirt.
253 3901 320 3936 erus.
338 3883 364 3936 R
417 3882 597 3937 abnuentium
617 3881 746 3947 (nuentiu
765 3884 793 3935 in
810 3880 877 3946 roa.)
892 3883 918 3934 R
935 3882 1114 3936 abnuentium
1133 3886 1176 3935 est
1187 3882 1215 3935 P
1267 3892 1300 3940 et

199 3981 210 4008 s
224 3974 258 4009 est
270 3970 325 4008 audi

146 4023 342 4078 minuentium
358 4023 442 4076 Rom.
455 4023 481 4074 P
534 4025 566 4077 18
577 4029 628 4076 tun
638 3994 713 4074 {c
751 4038 814 4076 eum
828 4022 853 4074 R
907 4024 939 4074 19
952 4019 1014 4090 ipsu
1026 4040 1056 4074 aa·
1068 4021 1150 4089 ipsud
1169 4022 1197 4074 P
1211 4025 1299 4093 ipsud

148 4162 174 4214 R
197 4164 243 4214 sed
265 4163 299 4230 rs.
320 4163 400 4214 Acad.
423 4181 450 4231 p.
470 4159 509 4214 28
561 4163 591 4214 21
620 4107 708 4214 nihilh
721 4138 849 4243 abierunt
865 4162 890 4213 R
908 4178 959 4229 pro
977 4160 1065 4213 nihilo
1081 4160 1245 4218 habuerunt
1266 4165 1299 4219 P.
