2790 4844
372 282 553 331 tractatus
572 279 606 330 in
625 278 799 345 psalmum
818 278 938 333 cxvffl.
1163 278 1225 344 397

83 467 242 533 oblitus.
289 467 379 534 nobis
410 470 493 534 euim
532 468 600 533 haeo
637 470 678 534 ad
715 470 925 548 cognitionem
963 471 1114 550 posterius
1145 472 1227 536 dieta

83 580 169 645 sunt;
192 573 250 638 sed
272 573 423 653 propheta
446 574 477 638 in
499 572 550 638 his
573 580 606 639 et
627 574 703 638 uiuit
725 580 755 638 et
777 573 921 657 loquitur.

126 677 175 741 10.
199 675 344 743 (lohaeret
366 682 468 744 autem
494 679 552 743 sibi
581 679 727 743 doetrinae
751 685 781 743 et
803 676 1006 744 confessionis
1035 678 1225 760 prophetice

82 799 201 859 serm03
239 782 282 846 ait
315 783 414 847 enim:
452 781 605 847 adhaesi
637 783 894 847 testimoniis
930 783 1018 856 tuis,
1053 784 1224 864 domiue,

82 884 163 950 noli
199 905 257 950 me
291 885 550 964 confundere,
585 887 658 970 quia
686 894 827 951 ueterum
851 895 881 950 et
904 888 1092 952 anteriorum
1114 906 1224 968 pecea-

84 993 181 1054 torum
205 991 328 1054 ueniam
354 992 538 1074 testimoniis
568 991 683 1056 domini
712 990 898 1056 adhaerendo
921 991 963 1055 sit
985 992 1122 1056 meritus.
1166 992 1224 1056 soit

86 1094 164 1157 enim
199 1094 304 1158 uerbis
337 1096 386 1159 dei
422 1096 537 1161 dietum
572 1115 656 1161 esse:
695 1115 788 1160 eoee
819 1095 976 1160 deleam
1005 1102 1046 1159 ut
1079 1096 1223 1162 nubem

87 1194 318 1263 iniustitias
341 1207 430 1263 tuas
453 1206 490 1264 et
514 1206 715 1283 tamquam
739 1197 926 1265 nebulam
956 1207 1126 1280 peecata
1150 1206 1222 1265 tue.

89 1299 225 1367 domiuus
247 1310 357 1383 potens
380 1310 428 1369 est
449 1305 553 1368 omnia
583 1324 628 1378 ea,
659 1322 728 1387 quae
757 1305 789 1367 in
819 1304 907 1368 nobis
937 1304 1063 1384 pudoris
1093 1310 1125 1369 et
1152 1323 1224 1370 oon·

91 1401 209 1471 lusionis
232 1414 312 1484 sunt,
335 1427 488 1483 amouere,
512 1409 538 1473 si
562 1416 593 1474 et
616 1427 671 1473 nos
690 1409 793 1473 dioere
809 1427 879 1472 oum
897 1407 1039 1474 libertate
1054 1409 1223 1489 possimus:
1250 1437 1253 1441 ·

92 1509 236 1576 adbaesi
271 1513 526 1577 testimoniis
561 1514 651 1578 tuis.
697 1511 747 1576 his
778 1513 861 1578 enim
892 1511 1087 1577 odbaerentes
1109 1533 1127 1576 a
1150 1532 1221 1578 oon-

92 1610 201 1680 lusione
224 1617 435 1697 pudendomm
460 1626 492 1681 et
513 1618 701 1682 anteriorum
725 1617 888 1681 eriminum
913 1615 1089 1682 liberamur.

132 1719 177 1784 11.
201 1720 265 1785 Sed
289 1720 512 1787 concluduntur
527 1721 631 1786 omnia
646 1742 700 1787 suo
716 1723 832 1787 ordine.
856 1722 920 1785 suis
935 1722 1037 1785 rebus.
1082 1722 1224 1802 superius

87 1822 246 1889 enimait:
270 1826 372 1889 uiam
404 1826 626 1890 iniustitiae
649 1845 827 1890 amoueo
850 1845 916 1901 mo,
940 1825 1052 1890 deinde
1075 1825 1222 1896 subiecit:

86 1924 186 1991 uiam
208 1929 556 2006 ueritatisdileui
574 1930 910 2013 tertiumidsequitur:
934 1928 1086 1994 adhaesi
1110 1929 1224 1995 testi·
1251 1949 1277 1990 re

85 2033 228 2097 moniis
251 2035 341 2112 tuis
366 2054 447 2100 nuno
470 2034 582 2099 deinde
605 2036 649 2099 ita
671 2033 754 2098 finit:
779 2035 817 2099 in
840 2035 904 2098 uia
926 2040 1223 2115 preceptorum

86 2133 236 2201 tuorum
260 2138 432 2219 cucurri,
457 2158 541 2202 oum
565 2138 757 2203 dilatasti
781 2158 848 2203 eor
872 2158 1004 2203 meum.
1041 2139 1224 2221 pergradus

86 2232 130 2294 ad
154 2236 179 2302 id
199 2250 323 2306 neutum
349 2248 404 2307 est.
449 2243 507 2307 uiae
530 2244 701 2326 iniquitatis
724 2250 843 2318 amotos,
866 2243 923 2307 uiae
946 2243 1085 2307 ueritatis
1103 2241 1224 2307 dileotae

89 2340 328 2410 testimoniorum
351 2346 532 2411 indiuisibili
555 2348 710 2422 societate,
740 2358 772 2411 ut
795 2348 825 2411 in
849 2348 899 2410 uia
929 2346 1144 2411 mandatorum
1175 2345 1223 2410 dei

91 2450 263 2515 sumeretur.
308 2451 364 2515 sed
388 2451 445 2528 uia,
468 2471 537 2535 quae
561 2452 645 2516 ducit
668 2452 707 2515 ad
731 2452 835 2525 uitam,
866 2457 897 2515 et
919 2458 1052 2534 angusta
1076 2457 1105 2515 et
1129 2449 1224 2514 tribu·
1251 2469 1276 2507 ao

94 2533 154 2606 ¹⁸18
172 2562 229 2629 est;
252 2564 392 2636 angusta
415 2555 488 2638 qnia
511 2554 677 2639 diligenter
704 2562 736 2620 et
757 2562 847 2620 caute
869 2555 900 2618 in
924 2574 961 2620 ea
983 2553 1224 2637 ingrediendum

96 2652 155 2717 θδῑς
173 2657 318 2724 tribulata
343 2659 417 2742 quie
438 2678 495 2738 per
518 2658 630 2723 multas
654 2659 867 2724 tribulationes
890 2666 921 2723 et
935 2659 1095 2739 passiones
1114 2658 1224 2722 editur.

98 2750 127 2806 et
147 2751 270 2827 insolens
304 2761 454 2844 propheta
477 2763 708 2841 existimabitur,
742 2764 794 2845 qui
818 2782 851 2827 se
874 2761 955 2827 bano
985 2763 1068 2826 uiam
1101 2780 1226 2826 ourrere

99 2844 254 2930 glorietur?

141 2956 182 3030 ¹2·
202 2969 345 3036 Meminit
366 2978 470 3037 autem
493 2973 573 3037 inter
602 2971 783 3038 innocentiae
813 2972 949 3036 studium
981 2979 1011 3036 et
1041 2968 1224 3035 humilitatis
1249 2989 1276 3030 as

104 3063 310 3139 eollsessionem
345 3095 523 3141 sermonum
557 3095 682 3140 suorum
712 3076 937 3141 moderandam
971 3094 1040 3140 esse
1069 3075 1224 3139 uirtutem.

142 3239 168 3293 ¹⁷
184 3249 250 3306 usar.
269 3252 367 3319 xmo,
385 3254 427 3307 ee.

123 3378 236 3463 ,leiim
253 3398 282 3446 et
306 3391 341 3445 ad
367 3393 390 3446 V
440 3392 862 3461 cognitionemsszposterius
890 3393 915 3445 R
941 3392 1108 3460 cogitatione
1135 3396 1226 3460 poste-

111 3466 155 3515 ΠΨ
176 3473 193 3526 l'
238 3478 388 3533 3coheret
417 3479 470 3536 VR
517 3480 665 3534 eadhaesi
692 3479 859 3534 testimoniis
885 3479 941 3533 tuis
968 3482 991 3532 l.
1019 3481 1034 3533 l.
1062 3496 1110 3532 om.
1136 3478 1224 3549 l'RCp

113 3549 190 3627 Mel.
211 3584 275 3634 quoe
300 3576 420 3619 secamur
473 3559 539 3620 'Idi
565 3567 588 3619 l'
603 3560 634 3620 di
661 3585 691 3620 ex
717 3567 797 3621 uobis
824 3567 865 3620 ael
891 3560 984 3620 uerbis
1011 3584 1077 3619 corr.
1105 3584 1137 3619 m.
1164 3552 1226 3619 IR

114 3640 161 3694 ΜΘ
181 3653 234 3706 odd.
262 3671 296 3705 m.
324 3652 344 3705 2
368 3653 393 3707 V
441 3654 579 3709 Snebula
605 3654 631 3707 R
689 3656 756 3708 bes
782 3672 831 3707 om.
865 3654 912 3707 1’0
967 3668 1037 3721 quae
1064 3652 1143 3706 nobis
1172 3652 1225 3722 Cpb

115 3724 188 3788 lllori
204 3744 230 3792 et
247 3739 403 3794 confusioni
418 3742 455 3811 pb
508 3742 621 3810 desupr.
639 3759 688 3794 sor.
708 3760 740 3794 m.
756 3742 772 3792 1
791 3741 817 3793 R
870 3743 904 3795 10
921 3740 978 3794 sint
1002 3739 1025 3792 V
1077 3742 1107 3793 ll
1127 3756 1143 3793 a
1161 3755 1226 3793 oon-

114 3803 194 3877 buono
225 3826 249 3879 V
273 3826 433 3882 confusione
460 3828 486 3881 R
550 3830 582 3881 13
600 3827 647 3881 sed
678 3830 738 3881 odd.
769 3846 801 3880 m.
829 3826 849 3878 2
880 3827 906 3880 V
964 3826 1172 3880 nouoluduntur
1199 3826 1225 3879 R

114 3899 137 3954 ¹4
146 3921 195 3974 post
210 3929 307 3967 smoue
325 3931 341 3966 a
358 3931 403 3968 me
422 3915 448 3967 R
465 3917 526 3968 odd.
537 3915 599 3969 dein
612 3915 674 3984 lege
692 3921 741 3969 tue
758 3914 891 3967 miserere
908 3913 963 3967 mei
1017 3914 1050 3968 lb
1068 3912 1229 3966 adhaesitC

109 3988 294 4053 lttuisom.('
342 3999 405 4054 finit
423 4019 453 4055 ex
470 4000 519 4056 fiet
537 4019 569 4055 m.
589 4000 648 4055 2V
700 4005 731 4055 17
748 4019 800 4071 per
817 4000 903 4069 gredo
923 3998 961 4054 R¹
1016 4001 1047 4054 18
1065 3998 1095 4052 id
1113 4017 1143 4053 a
1160 3999 1227 4053 inR

104 4081 164 4137 usu
180 4084 367 4154 iniquitatisll'
416 4089 451 4143 20
468 4088 694 4143 sed-§zeias
747 4087 781 4142 ad
797 4087 884 4141 uitem
899 4087 977 4141 duait
991 4087 1084 4156 Vl'pE
1132 4088 1165 4140 21
1176 4102 1225 4138 an·

97 4175 169 4244 gusto
193 4185 252 4226 onte
279 4173 345 4241 quia
371 4192 419 4228 om.
444 4175 470 4228 R
521 4176 551 4229 in
578 4192 610 4230 ea
637 4194 685 4228 om.
710 4176 736 4228 R
788 4176 823 4230 28
848 4173 924 4227 uiam
951 4176 1019 4233 (tem
1047 4172 1076 4238 α)
1102 4173 1173 4227 hano
1198 4172 1227 4224 E

89 4262 125 4322 25
140 4258 211 4313 iuter
227 4261 288 4312 odd.
307 4278 340 4313 m.
359 4258 379 4313 2
404 4261 428 4314 l'
476 4264 511 4317 26
529 4263 700 4318 oonlessione
719 4262 751 4315 R.
