2790 4844
146 259 210 324 822
495 259 610 311 sarrcti
630 258 764 311 Hilarii
784 257 947 326 episcopi

148 461 195 515 est
217 448 355 514 fidelium
380 451 419 513 ad
442 448 648 513 innocentiam
673 454 849 513 renatorum
872 447 969 511 uerba
993 460 1157 531 tamquam
1178 451 1281 532 sagitta

148 553 270 618 emissae
293 552 360 617 illos
383 552 539 617 fumantes
564 560 684 617 montes
708 551 943 628 conturbabunt,
967 572 1039 616 cum
1057 554 1152 637 regni
1168 552 1283 618 caelestis

149 657 305 722 beatitudo
321 663 351 722 et
366 657 522 721 aeternitas
537 657 730 736 praedicetur,
753 676 824 720 cum
841 655 940 720 honor
956 656 1062 721 saeculi
1080 666 1283 722 contemnatur

150 770 179 826 et
202 760 317 825 Christi
341 759 438 844 gloria
461 770 610 843 speretur,
634 779 705 824 cum
729 758 817 824 lorus
840 765 871 823 et
893 760 1031 825 ebrietas
1050 761 1283 845 relinquaturet

110 892 122 927 a
150 885 260 946 eorpus
297 864 419 929 ieiuniis
458 872 613 947 purgetur,
651 884 722 929 cum
759 864 888 928 auaritia
923 865 1068 930 uincetur
1109 877 1140 930 et
1177 866 1284 950 largitio

150 976 338 1046 exerceatur,
358 987 431 1033 curu
448 968 586 1050 uirgines
606 988 716 1047 corpus
736 989 825 1033 suum
841 968 971 1044 oderint
987 989 1059 1034 cum
1083 970 1186 1035 uiduae
1201 970 1282 1034 luisse

150 1073 288 1154 uirgines
319 1071 506 1145 maluissent,
537 1091 605 1136 cum
634 1072 826 1136 comessores
853 1072 948 1136 uitam
975 1093 1066 1137 suam
1096 1075 1281 1138 demuntur.

150 1197 220 1242 cum
244 1176 322 1240 mori
346 1175 534 1258 martyribus
565 1175 604 1240 sit
632 1175 773 1256 optabile.
818 1185 849 1240 et
871 1175 929 1241 hoe
952 1184 1049 1242 totum
1073 1179 1198 1261 sagittae
1218 1178 1281 1245 ista.

149 1281 181 1344 id
205 1288 250 1344 est
266 1280 413 1344 doctrinae
430 1287 460 1344 et
476 1279 723 1344 adhortationum
740 1281 836 1344 uerba
850 1281 1060 1361 praestiterint,
1086 1301 1157 1364 quae
1174 1283 1280 1346 emissa

98 1412 123 1446 ιο
151 1405 211 1460 eos,
247 1385 298 1468 qni
333 1383 382 1448 his
417 1385 669 1457 aduersabantur‚
703 1385 892 1461 conturbant
925 1405 995 1450 cum
1032 1394 1175 1451 cessante
1197 1406 1280 1470 regno

151 1509 256 1553 eorum
280 1487 394 1552 Christi
419 1488 507 1572 regui
531 1489 702 1568 expectatio
725 1489 916 1570 preadicatur.

194 1627 244 1691 14.
269 1626 330 1691 Sed
353 1635 442 1692 etex
465 1627 525 1692 alto
556 1647 668 1692 manus
697 1628 813 1691 domini
837 1629 992 1692 emittitur.
1040 1650 1167 1694 manum
1190 1643 1276 1693 auten

151 1731 200 1794 dei
235 1731 393 1795 dominum
428 1716 565 1796 nostrum
599 1732 701 1796 lesum
733 1730 889 1796 Christum
921 1732 1091 1817 significari
1123 1735 1153 1797 in
1183 1734 1276 1813 spiritu

151 1855 210 1898 non
234 1835 365 1899 obscura
388 1836 529 1899 doctrina
552 1845 605 1901 est.
653 1857 705 1916 per
738 1857 807 1900 eum
842 1836 925 1900 enim
960 1837 1042 1902 lacta
1075 1849 1147 1902 sunt
1179 1837 1274 1900 rirnnia

99 1962 123 1998 ra
151 1943 181 2002 et
196 1940 344 2018 scriptum
364 1939 512 2022 legimus:
536 1960 681 2014 manus,
703 1940 809 2024 inquit,
834 1961 919 2004 mea
942 1942 1214 2006 auxiliabitur
1233 1940 1273 2004 ei:

151 2043 223 2125 quia
246 2063 301 2123 per
323 2043 421 2107 filium
444 2044 494 2108 dei
519 2043 609 2108 homo
633 2046 814 2124 adsumptus
845 2044 963 2127 laqueis
994 2046 1103 2111 mortis
1127 2055 1156 2110 et
1177 2043 1273 2109 iudicia

149 2147 262 2229 iniquae
286 2148 490 2211 damnationis
514 2169 569 2228 per
592 2148 721 2231 gloriam
746 2148 978 2214 resurrectionis
1002 2150 1136 2229 eripitur.

196 2285 410 2370 assequitur
441 2287 537 2350 enim:
568 2288 680 2367 eripe
714 2307 768 2352 me
792 2289 836 2352 de
859 2288 976 2370 aquis
1000 2288 1149 2353 multis.
1191 2305 1270 2371 aquas

150 2389 278 2470 populos
294 2391 364 2466 dici,
380 2391 493 2456 usitata
509 2391 642 2473 cognitio
658 2400 705 2456 est
717 2429 756 2437 —-
770 2401 803 2457 ut
818 2393 909 2457 etiam
927 2412 981 2474 per
994 2392 1119 2457 Esaiam
1136 2394 1267 2457 dicentem

98 2512 123 2549 ao
151 2495 312 2558 docemur:
343 2501 509 2575 propter
540 2495 610 2559 hoc
641 2516 733 2560 ecee
765 2496 949 2561 dominus
978 2497 1146 2562 inducet
1167 2513 1268 2575 super

151 2619 219 2662 uns
257 2618 398 2681 aquam
436 2597 557 2663 fluuii
597 2598 774 2664 ualidam
809 2607 845 2664 et
879 2599 1044 2665 multam
1082 2610 1120 2666 et
1153 2617 1265 2683 regen

151 2703 203 2766 As
214 2703 414 2786 syriorum
434 2741 481 2779 --,
499 2723 631 2787 quorum
645 2704 745 2768 uirtus
761 2710 853 2787 atque
869 2704 932 2768 uita
947 2705 979 2768 in
995 2704 1176 2771 abolendum
1191 2704 1264 2767 finem

150 2806 288 2886 exemplo
312 2827 400 2890 aquae
424 2807 633 2872 transfluentis
657 2806 795 2872 elabitur.
831 2821 874 2889 ut
895 2807 947 2872 hic
966 2808 1052 2874 idem
1069 2805 1262 2890 prophetaait:

151 2912 362 2990 perierunt
386 2913 492 2976 sieut
515 2932 617 2995 aqua
640 2911 947 2992 praeterfluens:
973 2914 1262 2997 quianaturaearun

96 3033 122 3069 aa
150 3021 288 3080 cessante
311 3016 500 3080 incremento
524 3016 629 3092 maris,
653 3015 684 3079 in
708 3017 790 3098 quod
814 3016 962 3091 feruutur,
988 3018 1137 3082 eximitur.
1179 3024 1209 3079 et
1227 3012 1260 3074 de

150 3140 263 3183 rnanu
286 3119 427 3203 iniqua
450 3118 633 3184 liliorum
658 3119 890 3184 alienorum.
936 3121 987 3186 dei
1011 3123 1094 3187 enim
1110 3142 1174 3186 esse
1188 3115 1260 3182 desti

150 3236 260 3301 terunt,
285 3225 323 3288 de
344 3224 455 3308 quibus
472 3223 586 3288 dietum
603 3230 664 3288 est:
690 3223 771 3287 lilii
795 3223 921 3289 alieni
946 3224 1259 3291 inueteranerunt

150 3337 179 3393 et
203 3328 313 3411 quibus
337 3328 453 3392 dictum
479 3334 540 3393 est:
564 3347 634 3392 uos
658 3328 703 3392 de
727 3328 892 3393 diaholo
917 3337 1031 3412 patre
1055 3330 1160 3395 estis.

195 3538 277 3590 15Ps.
289 3536 515 3603 Lxxxvfflaa.
552 3536 782 3604 aensatvtlar.
809 3538 1025 3605 eupalimna.
1054 3541 1088 3594 117
1099 3530 1256 3592 Pantitae

149 3626 182 3678 ‘28
201 3624 257 3678 Ioh.
276 3622 350 3688 Vlll,
368 3626 410 3676 44.

788 3796 891 3835 doctr-lna

192 3852 208 3902 3
227 3855 438 3919 contempnatur
457 3851 483 3901 n
538 3851 569 3903 14
588 3867 641 3902 non
660 3850 777 3902 obscure
795 3867 882 3919 psona
899 3868 965 3903 corr.
985 3871 1018 3905 m.
1033 3853 1049 3904 1
1062 3854 1088 3904 lt
1140 3853 1169 3903 15
1185 3855 1256 3900 rurantS

149 3971 244 4036 inquid
266 3972 290 4023 lt
308 3989 404 4024 manus
424 3971 497 4025 enim
517 3971 608 4038 inquit
625 3973 652 4023 E
704 3973 736 4022 16
754 3971 954 4025 et=÷aiudicio
973 3991 1003 4025 ex
1021 3979 1047 4025 et
1067 3971 1191 4027 inindicio
1206 3965 1224 4019 ll
1237 3968 1257 4011 el

149 4056 284 4110 aiudicio
308 4078 327 4108 α
382 4062 413 4112 17
432 4059 490 4125 iniq
517 4057 691 4125 ddpnationis
719 4059 744 4110 R
801 4061 831 4112 19
848 4059 967 4112 usitatae
995 4061 1020 4112 R
1072 4062 1107 4113 24
1124 4074 1207 4112 eornm
1226 4048 1257 4101 114

148 4144 183 4211 q.
199 4147 287 4211 praa:
340 4147 374 4199 aa
393 4146 559 4198 restiterant
579 4146 603 4196 c
622 4144 787 4198 destiterant
805 4146 859 4198 ns
909 4147 944 4201 aa
967 4145 1001 4199 ae
1021 4147 1130 4202 arama
1149 4146 1210 4197 aaa
1224 4136 1258 4204 e·-

150 4231 268 4282 Subutier
288 4231 340 4295 III,
361 4231 414 4283 t-'tl
433 4242 455 4283 el
475 4231 560 4293 Lucis.
578 4233 615 4282 ed.
637 4231 730 4283 Hortel
745 4249 773 4302 p.
793 4231 854 4290 118.
872 4232 924 4297 31)
942 4251 957 4286 e
975 4233 1087 4288 diabolo
1104 4254 1123 4287 r.
