2790 4844
336 258 519 309 tractatur
538 255 572 309 in
591 256 764 325 psalmum
783 254 928 309 CXXXVI.
1144 253 1205 319 731

54 446 116 510 scit
138 451 170 509 et
193 445 231 509 de
262 443 321 522 bie,
355 445 409 527 qui
443 450 635 510 mortuorum
669 446 762 510 modo
798 444 881 510 taciti
916 445 947 509 iu
984 444 1033 510 dei
1063 444 1207 510 laudibus

55 550 208 625 uiuerent,
243 548 361 613 dietum
395 568 479 614 esse:
518 547 755 630 sepulcrum
788 558 935 630 pateus
971 555 1033 614 est
1066 555 1208 632 guttur·

55 672 203 729 eorum,
227 653 302 736 quia
324 653 356 715 iu
379 659 502 737 gulture
525 673 643 734 eorum,
669 641 829 736 tamquam
852 653 884 716 iu
909 651 1052 733 sepulcro
1076 658 1207 733 patente,

54 757 89 822 iu
125 755 232 822 laudes
266 757 315 821 dei
350 763 489 822 emortua
522 777 581 822 uox
616 757 729 823 sileret.
776 756 850 822 huic
873 757 967 841 igitur
1002 776 1071 821 sese
1094 754 1208 821 silentii

55 881 161 943 poeuae
184 862 240 926 sub
265 861 428 926 obliuiouis
450 862 630 926 condicione
658 860 795 938 subiecit,
818 862 844 926 si
869 880 987 925 memor
1011 859 1206 926 Hierusalem
1248 885 1260 924 e

56 986 120 1031 uon
143 964 262 1040 fuisset,
286 966 457 1031 sedetiam
481 985 536 1046 per
558 965 600 1048 id,
617 967 699 1049 quod
720 965 874 1049 sequitur:
905 965 938 1030 ei
962 985 1037 1029 nou
1061 984 1208 1045 praepo·

57 1090 179 1135 suero
204 1067 533 1135 Hierusalemiu
563 1069 773 1149 principio
807 1068 1084 1134 iucunditatis
1107 1089 1207 1135 mea.

56 1173 225 1256 uuicuique
248 1178 388 1238 nostrum
412 1174 582 1238 secuudum
606 1172 774 1239 uoluntatis
797 1192 860 1238 suae
884 1173 1070 1238 seutentiam
1092 1172 1208 1238 latitia

57 1297 155 1343 eausa
178 1276 317 1342 subiecta
340 1286 386 1342 est
409 1282 439 1343 et
461 1297 498 1342 ex
520 1275 631 1342 affectu
654 1277 752 1342 animi
776 1278 823 1341 eui
846 1277 967 1342 initium
984 1276 1090 1360 gaudii
1106 1276 1208 1356 sumit,

57 1388 92 1446 ut
114 1386 236 1462 potator
258 1402 296 1447 ex
319 1381 477 1457 ebrietate,
501 1387 535 1445 ut
557 1380 630 1465 gulo
653 1401 691 1446 eu
714 1381 801 1454 cibis,
825 1387 857 1446 ut
871 1401 984 1446 auarus
1008 1401 1046 1446 ex
1068 1381 1207 1461 pecunia,
1235 1406 1261 1441 ιο

57 1492 92 1551 ut
115 1484 301 1551 ambitiosus
317 1505 354 1550 ex
371 1485 548 1562 honoribus,
572 1492 605 1550 ut
620 1485 786 1551 seditiosus
801 1507 838 1550 eu
856 1485 962 1564 turbis
977 1491 1011 1550 ut
1026 1483 1208 1551 libidinosus

60 1611 97 1656 ex
122 1590 247 1671 stupris.
292 1589 360 1655 baeo
383 1610 458 1674 ergo
482 1591 655 1674 uuicuique,
686 1597 777 1671 prout
806 1589 856 1655 bis
887 1589 1065 1667 delectatur,
1096 1589 1209 1655 lactitiae

58 1693 206 1759 adserunt
227 1713 362 1758 causam.
409 1693 464 1758 sed
487 1692 638 1775 propbeta
663 1692 859 1759 Hierusalem
875 1693 934 1759 sibi
949 1693 1072 1758 initium
1095 1692 1208 1759 latitia

58 1799 220 1880 praepouit,
251 1796 325 1863 hiuc
356 1797 516 1863 exordium
547 1797 653 1881 gaudii
683 1817 816 1875 sumens,
852 1799 935 1881 quod
958 1798 988 1862 iu
1014 1796 1207 1863 Hierusalem

58 1908 203 1986 receptus
219 1901 404 1967 immortalis
420 1922 457 1967 ex
473 1901 595 1969 mortali
614 1902 679 1980 erit,
703 1904 785 1985 quod
802 1902 982 1986 augelorum
999 1899 1206 1984 frequentium
1235 1924 1261 1962 ιι

58 2013 142 2073 eoetu
164 2006 397 2079 admiscebitur,
421 2006 504 2090 quod
526 2007 558 2071 in
581 2026 678 2088 reguo
701 2005 818 2071 domiui
840 2005 1014 2087 recipietur,
1039 2007 1120 2088 quod
1136 2025 1208 2071 oon·

58 2111 172 2176 lormie
194 2108 302 2194 gloria
332 2110 429 2190 ipsius
451 2110 514 2176 fiet.
560 2110 661 2176 nescit
683 2130 759 2195 ergo
783 2110 842 2176 alia
864 2110 978 2194 gaudia
1001 2129 1102 2193 neque
1124 2108 1207 2175 aliud

58 2213 165 2289 habet,
199 2215 281 2279 uude
314 2213 443 2291 laetetur,
482 2213 579 2279 solam
618 2214 678 2279 sibi
717 2213 913 2280 Hierusalem
947 2214 1050 2298 gaudii
1086 2213 1207 2278 initium

59 2338 253 2400 praepouens.

103 2439 155 2504 12.
179 2438 221 2504 Et
242 2440 316 2523 quia
349 2440 493 2504 meminit
527 2460 583 2521 per
616 2438 729 2504 multas
759 2440 818 2505 sibi
841 2440 979 2523 corporis
1001 2438 1207 2515 infirmitates,
1235 2458 1260 2496 ao

58 2564 114 2628 per
136 2542 253 2609 multas
275 2544 401 2627 spiritus
424 2545 593 2628 augustiae,
616 2565 672 2624 per
694 2542 793 2608 multa
815 2543 1045 2624 subrepentium
1060 2543 1206 2607 uitiorum

57 2648 217 2714 iuceutiua
238 2668 275 2713 eo
298 2667 367 2713 esse
391 2647 587 2724 ueniendum,
610 2654 745 2729 peretur,
770 2668 808 2712 ue
827 2647 902 2731 quid
918 2647 978 2714 sibi
993 2667 1049 2728 per
1063 2654 1207 2711 naturam

58 2752 198 2833 corporis
228 2772 266 2817 ex
295 2752 380 2817 uitiis
410 2751 610 2817 adhaerescet.
655 2759 726 2833 post
758 2751 816 2817 boc
838 2752 923 2816 euim
945 2752 985 2816 ed
1008 2752 1103 2817 deum
1136 2769 1206 2831 pre-

57 2862 147 2921 catur
181 2857 302 2921 dicens:
342 2862 551 2933 memento,
586 2855 756 2933 domine,
796 2855 979 2920 liliorum
1012 2855 1134 2921 Hdom
1167 2855 1207 2919 iu

101 3066 119 3118 2
138 3065 184 3118 Pe.
204 3063 236 3131 V,
257 3067 297 3118 11.

101 3253 417 3323 Heepulehrumlr.l.R
469 3254 670 3323 dguttureell
721 3253 787 3308 din
805 3253 901 3307 laudea
920 3254 999 3308 RPE
1015 3254 1111 3308 laudea
1130 3251 1209 3320 (ilT

59 3342 158 3397 sileret
176 3359 207 3394 a
224 3340 326 3396 ualeret
343 3340 371 3394 P
420 3344 508 3409 fiper
524 3359 574 3394 om.
594 3342 620 3393 R
673 3356 857 3410 praeposuero
876 3341 916 3393 Po
939 3357 1088 3411 fppoeuero
1107 3341 1147 3395 Re
1164 3343 1210 3394 red

58 3430 94 3499 cs.
110 3447 140 3501 p.
160 3426 261 3494 730‚5
315 3431 331 3481 7
356 3426 538 3482 iucunditatis
557 3428 583 3481 R
601 3428 636 3496 cs.
655 3428 775 3481 Sabaria
793 3428 832 3493 11,
857 3426 917 3482 266
935 3431 996 3481 odo.
1015 3428 1139 3482 laetitiae
1157 3428 1210 3480 PE

59 3570 139 3622 beet
166 3571 195 3621 et
222 3581 258 3621 ex
285 3565 340 3619 RE
357 3570 371 3620 e
390 3583 425 3621 ex
443 3568 469 3620 P
524 3569 555 3620 10
572 3518 655 3636 pellor
682 3584 748 3620 corr.
777 3585 809 3618 m.
836 3529 895 3620 lli
948 3567 1014 3636 gulo
1033 3568 1058 3620 R
1076 3523 1211 3636 gulomP

58 3653 177 3724 gulosus
205 3653 233 3707 E
303 3655 335 3708 13
362 3669 474 3708 usuum
502 3654 556 3707 RE
583 3671 632 3706 om.
661 3653 687 3706 P
757 3655 790 3707 14
815 3654 914 3722 ppouit
941 3654 968 3706 R
996 3653 1127 3722 proponit
1157 3654 1211 3706 PE

130 3749 147 3779 11

59 3809 154 3849 sume·
173 3791 200 3844 P
251 3793 285 3847 lb
304 3791 420 3846 mortale
439 3791 465 3845 R
519 3793 552 3845 16
570 3796 652 3845 coetu
670 3791 725 3844 ΚΡ
746 3793 781 3860 cs.
806 3793 837 3845 de
860 3793 906 3845 boc
924 3793 1012 3845 datico
1031 3792 1156 3846 Bucteler
1174 3819 1209 3830 -

67 3881 229 3934 Windekilde
255 3879 329 3932 Ded.
352 3896 391 3950 pr
410 3878 465 3930 110
489 3878 582 3932 coetui
600 3878 629 3929 E
679 3877 709 3931 iu
726 3894 814 3947 reguo
831 3877 883 3931 dus
899 3878 952 3932 ΒΡ
968 3879 996 3931 iu
1015 3895 1101 3948 reguo
1120 3879 1166 3933 dei
1184 3879 1210 3932 T

59 3968 89 4022 iu
107 3981 228 4037 reguum
246 3965 332 4020 deiE
384 3966 418 4019 17
437 3964 524 4034 ipsius
537 3965 592 4018 RE
608 3965 734 4018 uuaePT
788 3967 820 4018 18
837 3965 1076 4020 ἰετιιεαΞΙειυΙί
1127 3968 1162 4020 20
1180 3971 1209 4021 et

59 4054 127 4124 quin
145 4053 227 4108 m
244 4052 310 4122 quia
327 4051 354 4105 P
387 4051 439 4107 eibi
468 4052 508 4105 Re
534 4069 582 4106 om.
611 4051 677 4104 Pru
730 4054 762 4106 21
782 4053 990 4121 subrepentium
1018 4052 1098 4105 RPE
1122 4054 1209 4107 surri-

58 4140 208 4212 pientidT
260 4141 294 4193 28
312 4138 365 4194 hoo
383 4139 409 4193 R
425 4137 587 4193 haeoPTE
638 4138 686 4192 dm
704 4139 744 4193 Re
762 4139 904 4193 domiuum
917 4140 981 4192 [Ἠ
1034 4141 1069 4193 al
1086 4140 1115 4192 iu
1134 4140 1208 4194 diem

56 4228 140 4284 RPE
156 4227 186 4281 iu
205 4224 251 4280 die
270 4226 300 4279 Τ.
