2790 4844
152 241 214 307 582
500 244 619 299 saneti
638 244 773 297 Hilarii
793 243 957 312 episcopi

153 452 278 516 quoque
301 433 456 512 apostolus
480 433 538 497 ait:
570 432 705 516 qualis
730 433 904 515 delimo,
930 431 1302 514 talasetdelima;

153 543 192 602 et
226 537 363 620 qualis
398 537 591 613 caelestis,
627 537 735 602 tales
766 536 1024 602 etoaalestes.
1069 537 1205 603 caelestis
1228 559 1301 624 erga

154 648 202 706 θεῖ
236 644 390 706 secundus
425 642 529 705 Adam
568 651 598 705 et
632 641 747 706 idcireo
782 641 922 719 caelestis,
957 641 1029 726 quia
1061 642 1197 707 uerbum
1233 664 1301 708 caro

154 745 270 810 saelum
295 752 349 824 θεῖ,
374 766 410 809 ex
434 746 542 826 spiritu
566 745 683 810 scilicet
706 752 736 810 et
759 745 815 809 deo
839 745 931 809 homo
955 752 1052 810 naurs.
1098 745 1130 810 in
1150 745 1209 811 hoo
1229 767 1300 832 ergo

112 877 124 912 a
152 850 256 927 uerbo,
281 870 342 915 non
366 849 449 913 inani
474 869 549 914 sono
572 850 665 925 uocis,
690 850 744 914 sed
768 849 800 913 in
823 850 880 914 deo
903 851 1007 928 uerbo,
1030 870 1133 934 neque
1153 851 1185 915 in
1211 851 1298 916 dissi·

152 954 238 1018 denti
262 974 280 1017 a
303 974 337 1018 se
361 953 546 1037 diuersaque
570 954 751 1031 substantia,
786 953 896 1019 sedin
920 955 969 1018 dei
1000 955 1096 1019 uerbo
1121 955 1200 1019 deus
1225 963 1298 1019 tam·

152 1078 249 1141 quam
272 1058 304 1120 in
327 1057 401 1122 calo
425 1056 552 1121 habitat.
576 1057 608 1120 iu
633 1078 669 1121 eo
692 1056 818 1135 scilieet,
842 1059 924 1140 quod
949 1079 985 1123 ex
1009 1078 1043 1123 se
1067 1078 1103 1123 aa
1127 1079 1221 1124 suum
1246 1073 1296 1124 est.

153 1181 300 1239 manens;
330 1181 480 1242 pereum
505 1163 536 1225 in
561 1161 604 1225 eis
629 1180 760 1244 quoque,
785 1161 837 1244 qui
869 1161 1006 1227 caelestes
1038 1168 1117 1239 sunt,
1142 1161 1297 1229 habitans.

153 1265 320 1345 sicutipse
345 1267 384 1329 ad
407 1273 528 1346 patrem
553 1266 609 1330 ait:
643 1271 683 1329 ut
716 1285 853 1330 omnes
884 1286 1001 1329 unum
1032 1266 1123 1343 sint,
1155 1287 1231 1352 ego
1262 1267 1297 1330 in

99 1396 124 1432 ιο
152 1368 250 1447 illis,
274 1378 311 1434 et
334 1376 372 1434 tu
396 1370 434 1433 in
457 1390 523 1434 me.
571 1390 646 1454 ergo
671 1370 704 1446 si,
722 1370 775 1452 qui
791 1371 822 1433 in
839 1371 943 1434 Adam
959 1369 1051 1435 limus
1069 1370 1194 1447 fuimus,
1220 1391 1298 1436 nuno

152 1473 290 1538 caelestes
314 1493 421 1538 sumus
444 1474 475 1537 iu
494 1472 617 1539 Christo
640 1481 672 1538 et
696 1472 838 1538 Christus
863 1472 1015 1538 habitator
1041 1481 1089 1539 est
1113 1475 1222 1547 nost-ri,
1245 1495 1297 1556 per

152 1575 344 1641 habitantem
368 1576 526 1642 Christum
551 1579 582 1641 in
605 1578 694 1642 nobis
717 1577 812 1641 etiam
837 1577 887 1641 ille
911 1597 1034 1660 quoque
1066 1576 1225 1643 habitator
1256 1586 1297 1644 est·

152 1680 257 1758 nostri,
283 1680 331 1745 eui
355 1687 402 1746 est
424 1681 570 1746 habitans
593 1682 623 1746 in
648 1680 738 1745 nobis
762 1680 904 1746 Christus
928 1680 1086 1746 habit-atio.

196 1785 224 1849 4.
248 1783 288 1849 m.
319 1785 392 1867 quia
422 1786 590 1850 secundum
622 1784 812 1865 corporalem
844 1784 1087 1868 intellegentiam
1124 1785 1175 1851 ille
1212 1787 1297 1851 nobis

100 1912 125 1949 n
153 1888 261 1953 subest
284 1908 402 1967 sensus,
427 1897 460 1953 ut
483 1888 601 1958 aaelum.
619 1890 701 1972 quod
725 1887 805 1953 ult-ra
824 1888 1013 1954 firmamenti
1037 1888 1132 1955 huius
1156 1898 1295 1956 naturam

152 1998 208 2067 ast,
244 1994 319 2058 daus
353 1991 528 2058 inhabitare
567 1993 764 2070 existimetur,
810 2013 870 2056 non
909 1993 1101 2058 excludimus
1141 1995 1296 2076 publicam

151 2095 236 2161 illam
260 2098 297 2161 de
322 2098 395 2162 sede
419 2098 468 2162 dei
491 2097 674 2178 opinionem,
690 2105 725 2162 ut
748 2098 774 2162 ei
799 2096 907 2162 eaelum
932 2097 995 2162 oali
1020 2097 1151 2164 thronus
1172 2100 1222 2179 sit,
1246 2100 1296 2165 sed

151 2206 182 2265 θῖ
204 2200 290 2265 illam
313 2201 441 2286 dignam
467 2201 523 2266 deo
546 2200 769 2266 habitationem
793 2203 824 2265 in
848 2201 961 2265 calesti
986 2203 1090 2266 Adam
1121 2223 1178 2267 suo
1203 2205 1296 2288 signi·

151 2304 277 2369 licatnm
294 2326 361 2370 essa
378 2307 549 2371 credentes.
585 2307 677 2370 etiam
694 2305 753 2371 hoa
770 2305 863 2385 igitur
875 2304 984 2370 calum
998 2308 1075 2371 daus
1088 2305 1236 2374 habitare
1248 2329 1296 2372 no·

99 2430 124 2467 20
153 2411 286 2474 suendus
310 2417 363 2485 θεῖ,
389 2431 443 2490 per
466 2430 538 2475 eum
562 2430 684 2493 quaque
716 2409 901 2477 inhabitans.
926 2409 1058 2492 quasin
1082 2430 1118 2474 eo
1144 2413 1298 2477 constituit

152 2533 220 2578 esse
245 2514 390 2579 caelestes.

196 2618 223 2681 5,
248 2616 374 2697 Oportet
398 2625 497 2682 autem
524 2639 583 2692 eos,
607 2618 661 2701 qui
685 2619 724 2681 ad
748 2618 841 2682 deum
865 2617 968 2683 caulos
999 2619 1111 2684 mentis
1136 2624 1299 2695 erexerint,

151 2741 212 2784 non
236 2729 413 2805 retorquere
434 2743 486 2787 eos
503 2731 595 2805 atque
612 2722 784 2798 deflectere,
798 2721 879 2806 quia,
895 2729 928 2787 ut
943 2723 976 2786 in
991 2723 1168 2807 euangeliis
1184 2726 1300 2791 dietum

151 2835 207 2904 est,
231 2845 344 2891 nemo
368 2833 479 2890 retro
502 2826 984 2906 respiciensetaratrum
1008 2832 1158 2894 teneus
1182 2842 1301 2911 aptus

97 2951 122 2988 2⁵
151 2938 213 2996 est
236 2949 359 3014 regno
384 2930 579 2995 calorum.
626 2929 835 3012 relinquentes
860 2931 942 2994 enim
959 2929 1083 3009 templa,
1109 2952 1194 3001 aras.
1220 2934 1303 3015 cupi-

150 3036 270 3112 ditates,
295 3034 439 3099 lasciuius
456 3042 487 3099 θῖ
502 3055 593 3099 omne
609 3035 752 3099 uitiorum
768 3035 956 3114 profundum
976 3035 1125 3100 conuenit
1141 3037 1301 3104 indefesso

149 3140 256 3204 obtutu
279 3138 454 3222 inmotaque
478 3139 652 3219 persistere.
698 3139 723 3202 si
747 3139 831 3202 anim
854 3144 963 3223 gentes
998 3157 1102 3203 errore
1129 3161 1188 3207 suo
1212 3163 1302 3209 oaaae

196 3316 208 3367 l
229 3315 240 3367 1
261 3313 321 3366 Cor.
342 3315 382 3380 15,
400 3315 443 3366 48.
479 3312 571 3366 eloh.
589 3312 675 3379 XVII,
694 3315 735 3366 21.
772 3315 806 3366 ‘24
824 3313 890 3366 Luc.
910 3313 956 3379 lx,
974 3314 1016 3367 62.

195 3455 207 3506 l
228 3453 318 3520 qualia
336 3452 371 3505 de
389 3452 456 3504 limo
477 3451 529 3503 PE
546 3450 595 3520 (cf.
616 3452 792 3512 Tischeadorl'.
820 3451 889 3505 Nou.
911 3452 977 3505 Τθει.
1003 3451 1059 3503 l'ot.
1078 3451 1167 3522 1475,
1187 3456 1304 3511 Romam

149 3540 185 3593 N.
206 3541 273 3592 Τθεῖ.
294 3540 403 3592 Tertull.
424 3538 490 3604 all)
511 3539 601 3605 qualis
621 3537 782 3591 &delimo
802 3539 828 3590 R
846 3537 935 3605 qualis
955 3545 996 3590 θεῖ
1014 3538 1048 3590 da
1067 3538 1141 3593 limo
1162 3543 1189 3595 T
1243 3547 1305 3599 2et

546 3629 568 3662 et

148 3679 237 3745 qualis
255 3676 289 3743 lis
308 3696 338 3730 aa
355 3694 385 3731 es
405 3675 439 3744 Τ)
457 3678 537 3729 RTE
566 3677 655 3743 qualis
677 3677 700 3727 P
751 3679 767 3729 5
786 3676 900 3730 dissenti
916 3688 1006 3746 postea
1024 3676 1100 3730 1—2
1119 3681 1172 3736 liar.
1192 3702 1262 3739 eras.
1282 3686 1305 3738 R

147 3766 212 3817 ltin
231 3765 275 3818 dei
294 3765 380 3817 uerbo
399 3764 478 3816 RPE
494 3764 522 3817 in
542 3763 576 3816 do
595 3764 726 3817 uerboT
778 3763 899 3816 Sinala
919 3763 1160 3820 TEineosRP
1213 3774 1304 3826 enim

148 3869 178 3903 ea
196 3850 232 3904 sit
252 3852 277 3903 Ι)
328 3853 359 3905 11
381 3850 505 3903 Christos
524 3869 571 3903 orn.
592 3851 618 3901 1’
668 3849 757 3902 nostri
776 3851 830 3902 RE
845 3846 946 3904 ffrPT
999 3851 1031 3903 13
1051 3851 1097 3903 aui
1119 3853 1205 3909 PTE
1222 3860 1306 3927 quill

149 3939 181 3991 15
205 3939 280 3991 altra
307 3937 474 3991 firmamenti
500 3938 554 3990 RE
578 3938 652 3990 ultra
680 3937 732 4024 oeli
760 3935 927 3991 firmamenti
955 3937 1005 3989 PT
1071 3940 1105 3992 16
1135 3946 1257 4013 puplici
1283 3947 1308 4000 P

150 4044 180 4097 17
199 4041 233 4095 de
252 4042 316 4094 sede
334 4041 379 4093 dei
399 4041 450 4094 RT
467 4042 501 4094 de
520 4058 555 4094 se.
576 4041 604 4094 di
624 4042 650 4094 P
700 4041 904 4109 opinionionem
924 4041 950 4094 R
1004 4041 1036 4095 19
1055 4041 1151 4111 igitur
1170 4049 1254 4103 caelu
1272 4051 1305 4104 ds

146 4127 272 4181 habitare
293 4128 317 4179 R
335 4128 423 4196 igitur
441 4128 507 4181 deus
527 4129 633 4181 eaelum
652 4127 777 4181 habitare
788 4128 838 4180 PT
846 4144 913 4196 ergo
932 4127 1039 4180 eaelum
1058 4128 1196 4188 habiture
1216 4137 1305 4191 deuse

146 4216 182 4268 23
200 4219 377 4281 retorquaere
396 4215 422 4267 R
475 4215 564 4282 adque
585 4216 610 4267 G
664 4218 698 4268 ‘24
717 4220 744 4268 θῖ
763 4220 886 4267 aratrum
907 4215 931 4266 G
950 4219 1075 4268 aratrum
1095 4216 1187 4275 m.
