2790 4844
158 141 200 205 74
498 141 616 195 cuncti
640 140 776 195 Hilarii
801 141 961 209 episcopi

157 349 219 414 quo
243 330 267 394 si
293 349 353 394 non
378 328 605 418 adprehensam
629 329 759 394 anobis
790 329 986 411 disciplinam
1017 330 1199 405 tenebimus,
1235 352 1304 413 per·

157 434 213 498 diti
236 455 255 499 a
276 433 356 498 iusta
385 434 435 497 nia
465 434 589 497 erimus.
634 435 797 517 unicnique
833 434 916 498 enim
950 435 994 499 rei
1028 433 1116 515 perit,
1151 436 1303 519 quidquid

156 538 310 616 aufertur3
339 543 369 602 et
391 539 474 621 quod
505 538 601 613 deest,
631 539 668 615 ei,
699 539 747 602 cui
777 539 872 614 deest
903 539 965 603 iam
999 539 1119 603 uidetur
1141 539 1303 603 amissum.

155 662 230 706 nam
245 643 370 707 tametsi
384 662 440 723 per
462 647 605 705 naturam
628 662 716 706 suam
736 649 850 719 manet,
874 643 902 707 ei
926 650 1039 720 tamen,
1063 643 1112 707 cui
1127 641 1225 721 abest,
1241 663 1302 707 non

117 773 130 811 s
157 750 271 810 manet.
317 747 481 811 etidcirco
515 747 553 810 de
575 746 627 810 uia
649 747 730 810 iusta
752 747 837 827 impii
862 752 999 829 pereunt,
1031 748 1103 830 qnia
1125 747 1156 810 in
1180 766 1218 811 ea
1239 766 1301 811 non

157 857 255 914 erunt.
279 855 409 931 pereunt
431 856 533 915 autem
557 851 595 914 de
611 851 763 928 uiaiusta,
787 871 871 915 cum
894 851 1102 916 exarserit
1123 851 1162 915 in
1185 851 1301 917 breui

155 973 216 1018 rra
239 974 334 1019 erus.

199 1074 250 1139 49.
274 1074 345 1140 Non
362 1095 484 1140 morosa
500 1074 701 1151 becennest,
723 1095 885 1158 perquam
901 1096 920 1140 a
935 1077 1015 1141 iusta
1028 1077 1079 1141 nia
1101 1081 1237 1158 pereunt,
1262 1095 1301 1140 ne

155 1180 225 1262 quis
259 1179 318 1244 sibi
352 1180 477 1244 interim
507 1198 606 1263 poencc
637 1178 719 1243 lucro
749 1181 830 1244 inter
864 1198 966 1244 moras
988 1180 1093 1244 iudicii
1115 1178 1300 1244 blandiatur.

103 1310 128 1348 n
155 1281 186 1346 in
209 1282 296 1348 breui
318 1302 454 1366 numque
478 1284 652 1348 exardescit
674 1285 728 1347 ira.
774 1284 886 1364 excipit
904 1285 989 1348 enim
1011 1302 1068 1348 nos
1090 1283 1197 1348 statim
1219 1282 1301 1348 ultor

154 1385 308 1451 infernus:
332 1393 362 1452 et
385 1387 563 1452 decidentes
586 1387 624 1451 de
648 1407 783 1468 corpore,
806 1388 831 1452 si
855 1389 898 1453 ita
927 1388 1104 1465 alrammus,
1135 1387 1300 1452 confestim

154 1490 212 1554 niae
246 1496 337 1555 rectae
367 1492 513 1571 perimus.
561 1496 656 1556 testes
689 1490 779 1556 nobis
813 1497 886 1555 sont
919 1490 1116 1575 euangelicus
1150 1491 1239 1555 dines
1266 1495 1299 1554 et

155 1613 286 1675 pauper:
311 1614 441 1677 qnorum
463 1615 559 1658 unum
582 1593 688 1675 angeli
704 1596 735 1659 in
752 1595 877 1679 sedibus
893 1595 1054 1659 beatorum
1071 1600 1102 1660 et
1116 1594 1147 1659 in
1160 1593 1301 1659 Abrahae

155 1697 273 1762 sinibus
303 1697 487 1773 locanemnt,
520 1698 614 1764 alium
645 1701 749 1764 statim
780 1719 881 1783 poenae
911 1700 997 1782 regio
1031 1699 1176 1781 suscepit.
1220 1699 1300 1763 adeo

102 1828 128 1865 rs
154 1806 259 1865 antem
293 1803 399 1867 statim
434 1823 525 1883 poena
558 1809 713 1868 mortuum
749 1803 876 1884 excepit,
907 1809 941 1866 ut
971 1803 1065 1867 etiam
1095 1801 1209 1868 fratres
1232 1803 1298 1867 eins

153 1904 255 1970 adhuc
278 1906 308 1969 in
340 1907 480 1987 supernis
512 1913 685 1972 manerent.
729 1905 806 1971 nibil
845 1905 908 1971 illic
938 1907 1092 1971 dilationis
1123 1912 1175 1970 ant
1205 1925 1301 1970 morae

153 2016 210 2074 est.
256 2009 361 2075 iudicii
385 2010 467 2075 enirn
492 2011 559 2075 dies
582 2010 632 2075 nel
655 2010 856 2076 beatitudinis
880 2010 1040 2075 retributio
1056 2016 1104 2075 est
1117 2015 1237 2074 aeterna
1249 2008 1300 2075 uel

153 2131 261 2193 poenae.
307 2119 429 2195 tempus
452 2135 525 2179 uero
556 2115 664 2180 mortis
692 2114 788 2180 habet
810 2114 934 2179 interim
957 2133 1210 2198 unumquemque
1235 2114 1300 2178 suis

153 2213 284 2299 legibus,
308 2218 382 2281 dnm
406 2220 446 2283 ad
470 2219 615 2283 iudicium
638 2238 892 2302 unumquemque
908 2224 960 2282 ant
973 2216 1135 2282 Abraham
1151 2224 1300 2296 resernat

102 2347 127 2384 20
154 2326 207 2384 aut
229 2341 329 2402 poena.

198 2441 248 2506 50.
277 2442 315 2506 Et
338 2444 454 2508 idcirco
478 2445 636 2525 copiosum
667 2443 749 2510 hunc
780 2445 982 2509 sacramentis
1013 2441 1187 2508 celestibus
1219 2442 1301 2525 psal-

152 2564 237 2608 mum
263 2546 307 2611 sic
327 2546 477 2629 propheta
501 2547 663 2613 conclusit:
688 2548 801 2613 beati
825 2567 972 2625 omnes,
989 2548 1056 2632 qui
1079 2545 1301 2612 confidunt

151 2648 190 2713 in
229 2669 323 2714 eum.
379 2671 439 2715 non
478 2653 632 2735 trepidam
671 2673 757 2733 spem
797 2672 896 2736 neque
934 2652 1111 2736 ambiguam
1150 2651 1301 2733 perfectio

152 2751 351 2818 beatitudinis
376 2755 480 2838 exigit.
527 2756 715 2822 confidentia
748 2758 789 2822 ad
813 2757 843 2820 id
867 2777 944 2838 opus
968 2761 1026 2836 est,
1055 2754 1154 2819 firmae
1179 2752 1301 2820 scilicet

99 2880 125 2920 ec
152 2857 313 2937 opinionis,
337 2864 368 2922 et
401 2859 614 2925 indemutabili
647 2860 818 2925 uoluntate:
854 2861 926 2944 qnia
957 2859 1025 2941 plus
1060 2859 1101 2923 sit
1131 2855 1300 2934 confidere,

152 2977 247 3043 qnam
299 2981 433 3043 sperare.
500 2963 717 3029 confidendum
770 2984 845 3048 ergo
898 2969 956 3040 est,
1001 2983 1041 3028 ne
1084 2980 1141 3027 nos
1185 2982 1206 3026 a
1248 2961 1300 3028 nia

152 3069 237 3129 recta
281 3067 483 3132 exardescens
524 3067 608 3132 breui
654 3068 703 3133 dei
750 3070 795 3132 ira
839 3069 997 3149 deperdat.
1064 3065 1167 3131 fidelis
1213 3064 1299 3130 enim

195 3325 842 3396 2011101001010101ον.οε0111001010010
865 3329 939 3384 Vde
957 3329 1003 3383 uia
1020 3329 1135 3382 instaE
1185 3292 1315 3383 00ὲᾶ

150 3412 168 3462 4
194 3413 306 3464 tametsi
332 3430 362 3464 er
389 3415 476 3466 temet
504 3432 535 3465 m.
565 3417 584 3467 2
616 3416 641 3469 V
691 3422 785 3470 menet
810 3435 841 3471 aa
867 3421 961 3471 namet
988 3414 1061 3471 m?
1092 3416 1117 3471 V
1141 3420 1257 3471 maneat
1273 3416 1310 3470 E

151 3513 174 3568 ἅ
193 3519 285 3568 tamen
304 3517 330 3568 R
382 3520 399 3571 b
416 3517 495 3586 impii
514 3526 631 3587 pereunt
649 3547 683 3559 -
701 3521 736 3575 dc
759 3521 807 3574 uia
830 3522 903 3575 insta
921 3540 969 3574 om.
988 3522 1015 3575 R
1071 3525 1089 3577 8
1114 3540 1166 3591 per
1191 3487 1299 3591 qna·a

150 3601 224 3655 iusta
243 3603 266 3656 V
280 3620 331 3671 per
348 3621 431 3672 quam
449 3606 522 3659 iusta
536 3606 560 3656 R
578 3624 628 3675 per
645 3624 728 3675 quam
740 3608 775 3661 de
793 3609 866 3661 iusta
877 3609 905 3660 Ε
954 3611 971 3662 9
984 3609 1013 3661 in
1024 3625 1113 3677 poene
1125 3610 1205 3663 luem
1219 3609 1246 3662 R
1258 3608 1293 3673 (b)

151 3691 185 3742 10
212 3688 241 3742 in
267 3690 346 3743 breui
365 3710 396 3744 ea
419 3692 448 3744 in
466 3693 546 3746 brebi
563 3710 595 3746 cr.
616 3694 634 3745 2
659 3695 682 3747 V
734 3698 764 3747 ll
784 3694 943 3748 decidentes
962 3714 992 3748 ex
1010 3695 1164 3750 decidintea
1182 3712 1217 3749 m.
1237 3695 1253 3747 1
1274 3693 1294 3749 V

150 3773 317 3829 decedentes
335 3778 364 3828 E
417 3780 448 3831 12
478 3780 512 3832 dc
542 3781 589 3833 uia
617 3785 693 3833 recta
725 3781 752 3832 Ε
802 3787 867 3835 aunt
897 3801 944 3835 om.
975 3784 989 3835 b
1051 3784 1083 3836 lc
1111 3780 1291 3836 habrahtell

151 3862 185 3913 14
202 3861 264 3915 ainu
283 3864 312 3914 E
363 3866 396 3917 16
414 3864 504 3919 adhuc
521 3883 570 3919 om.
588 3867 630 3919 Vc
682 3869 717 3921 20
734 3872 783 3921 aut
800 3887 856 3938 step.
876 3870 921 3921 lin.
940 3887 956 3921 o
975 3887 1008 3922 m.
1027 3867 1048 3921 2
1064 3869 1090 3921 V
1148 3885 1290 3938 menaea

149 3964 239 4015 poena
257 3968 290 4002 m.
307 3948 327 4002 3
346 3951 371 4003 R
423 3953 456 4005 21
485 3954 665 4007 sacramentis
691 3972 722 4007 ea
748 3960 951 4008 sacramentum
978 3973 1010 4008 m.
1030 3954 1049 4008 2
1072 3957 1098 4009 V
1146 3958 1182 4011 114
1200 3954 1290 4012 firmae

150 4034 258 4088 scilicet
276 4036 383 4105 opionis
401 4036 436 4091 V¹
462 4037 557 4092 firmae
575 4040 713 4108 opinionis
732 4040 839 4094 scilicet
852 4041 880 4092 E
938 4042 972 4095 ab
985 4043 1089 4111 sitnrp.
1102 4044 1148 4095 lin.
1161 4061 1178 4096 a
1192 4041 1293 4097 0027

149 4121 183 4175 117
201 4120 231 4174 in
248 4122 329 4176 breui
347 4142 377 4175 err
394 4124 473 4178 breui
492 4144 524 4178 nr.
544 4124 564 4178 2
586 4126 611 4178 V
661 4126 703 4179 ira
720 4126 765 4179 dei
785 4128 817 4180 E.
