2790 4844
193 244 233 308 48
531 246 646 299 sancti
671 248 805 299 llilarii
830 248 991 314 episcopi

191 438 292 519 glanis
328 445 358 499 et
392 436 464 500 fidoi
498 437 679 518 obsequium
718 438 792 500 dens
830 436 967 516 postulat.
1013 439 1109 501 arnari
1141 459 1173 501 se
1204 438 1335 500 ariolus

192 541 294 623 exigit,
331 561 389 604 non
425 542 530 622 ntique
565 542 679 604 auroris
714 542 743 604 in
779 561 812 605 se
844 543 938 604 nostri
971 541 1101 604 sructurn
1127 541 1263 623 aliquem
1288 544 1332 604 sui

192 664 283 707 cansa
306 645 371 724 ipse
396 645 576 724 percipiens,
609 646 663 709 sed
695 665 798 709 {uariare
823 646 888 724 ipso
920 646 1007 709 nobis
1038 647 1146 724 potius,
1178 647 1230 728 qui
1262 666 1332 709 euni

191 749 372 822 amabimus,
396 748 559 828 proditura.
605 770 677 812 narn
701 750 796 813 arnari
821 770 864 823 se,
888 749 1008 831 sibique
1040 770 1094 812 nas
1125 749 1252 831 obsequi
1288 751 1334 813 id·

153 873 164 906 a
192 853 272 915 circo
296 859 328 915 nt
352 852 439 915 nobis
464 852 542 916 bene
565 855 612 931 sit,
637 861 786 933 expectat,
812 861 841 916 nt
866 854 950 934 digni
977 853 1172 917 beatitudinis
1195 873 1231 916 ac
1249 853 1334 916 boni-

193 957 263 1020 tatis
286 976 349 1021 sua
373 977 500 1021 inunere
523 977 578 1037 per
601 959 745 1021 rneriturn
760 959 874 1021 amoris
891 959 937 1020 sui
953 966 984 1021 et.
999 958 1138 1039 obsequii
1154 958 1335 1020 iudicemur.

192 1060 336 1124 bonitatis
366 1070 471 1124 atrtenr
493 1082 575 1139 usus,
599 1069 632 1124 ut
655 1061 800 1142 splendor
823 1060 906 1139 solis,
930 1070 963 1124 ut
978 1060 1081 1125 lunren
1098 1062 1187 1144 ignis,
1213 1068 1245 1123 ut
1260 1061 1335 1124 odor

192 1166 265 1238 snei,
288 1185 349 1227 non
372 1164 522 1244 praebenti
546 1165 673 1245 proficit,
699 1168 753 1229 sed
777 1167 883 1230 utenti.
930 1167 1010 1248 quid
1028 1186 1103 1249 ergo
1127 1185 1241 1241 suiuus,
1265 1185 1334 1244 pro·

191 1269 289 1332 fectus
313 1275 418 1332 noster
440 1276 485 1332 est
510 1271 618 1349 patius
643 1291 734 1352 quani
760 1271 833 1345 eius,
850 1272 900 1352 qui
927 1291 980 1332 nus
1003 1271 1033 1332 in
1058 1270 1095 1339 id,
1120 1270 1200 1352 quod
1217 1289 1334 1334 sunrus.

191 1374 336 1450 institnit;
360 1374 431 1454 qnia
447 1373 522 1436 dens
539 1374 685 1437 birriarum
705 1395 819 1451 eornnr,
837 1395 903 1456 qna*
928 1376 957 1436 in
983 1395 1015 1438 se
1039 1386 1109 1437 snut
1131 1382 1255 1450 aeterna,
1274 1393 1332 1435 nun

190 1477 332 1540 irnridons
349 1478 378 1540 in
396 1496 518 1540 sensurn
545 1498 599 1540 nos
616 1487 708 1559 atque
724 1498 812 1541 usnnr
832 1479 927 1541 beratze
945 1499 1006 1542 suin
1031 1478 1173 1540 bonitatis
1189 1477 1333 1540 adsumit.

237 1579 286 1642 16.
311 1580 372 1644 Sed
389 1582 439 1662 qni
464 1582 619 1660 perfectus
643 1601 678 1645 ao
701 1582 806 1655 brunus,
833 1589 862 1646 et
886 1581 1019 1645 lumitate
1043 1582 1073 1644 in
1098 1601 1152 1643 nos
1175 1603 1211 1642 nc
1236 1580 1333 1644 beati-

192 1685 296 1747 tudine
321 1705 374 1747 sne
399 1705 457 1747 non
482 1686 548 1747 sina
573 1686 688 1748 ratione
712 1706 747 1748 ae
772 1687 863 1749 rrrodo
886 1706 958 1748 usus
982 1694 1037 1748 est.
1084 1685 1333 1767 rrarnnnicuiqne

191 1797 329 1850 nostrnnr
354 1788 526 1853 libertatern
550 1790 620 1852 nitar
643 1809 814 1871 sensusque
845 1791 993 1869 permisit,
1030 1809 1088 1852 nnn
1114 1790 1331 1852 necessitatem

190 1892 220 1954 in
256 1891 435 1956 altenrtrunr
470 1893 619 1976 adfigens,
653 1902 684 1956 nt
718 1914 970 1976 nnurnqnenrqne
1003 1915 1039 1957 ex
1074 1900 1180 1955 natura
1217 1894 1330 1956 laonnnr

190 1995 346 2061 nialurnue
381 2017 450 2060 esse
482 1996 528 2060 lex
560 2009 700 2080 cogeret:
733 2000 787 2062 sed
827 1999 878 2079 qni
911 2019 964 2061 nas
1003 2019 1056 2077 per
1091 1996 1328 2062 beniuolentiam

190 2102 311 2163 utendae
335 2100 532 2164 beatitudinis
563 2121 624 2164 suan
656 2109 800 2169 creasset.
833 2101 1004 2181 profectum
1034 2102 1121 2164 nubis
1153 2101 1190 2163 ad
1222 2101 1252 2163 id
1278 2121 1332 2180 per

190 2205 333 2267 rneritnnr
366 2205 434 2270 uitae
465 2206 635 2268 irnnuzentis
673 2205 869 2287 honestisque
907 2205 1070 2268 constituit.
1124 2204 1196 2286 quid
1227 2215 1330 2268 autern

190 2307 314 2371 honoris
345 2331 379 2371 ac
411 2310 528 2388 prannii
560 2307 704 2372 bonitatis
736 2311 902 2374 necessitas
935 2318 1112 2384 inereretur,
1137 2330 1207 2371 <narn
1232 2306 1331 2371 inulas

189 2431 248 2474 non
280 2432 348 2476 esse
377 2413 425 2475 nis
456 2414 597 2494 <prauam
630 2413 717 2477 nobis
749 2420 888 2477 conserte
919 2434 977 2476 non
1003 2413 1139 2477 sineret?
1184 2412 1331 2477 uoluntati

189 2535 263 2599 ergo
287 2518 436 2594 pennissn
462 2518 582 2581 lnnritus
607 2526 660 2594 est,
699 2526 729 2580 ut
753 2519 914 2598 pranrinnr
940 2517 996 2581 silai
1022 2517 1159 2580 ruduntas
1183 2516 1330 2580 bonitatis

189 2619 373 2702 adquireret.
397 2629 427 2684 et-
451 2628 533 2684 esset
557 2622 644 2685 nubis
675 2629 797 2685 aterna
828 2621 918 2685 huius
949 2621 1144 2684 beatitudinis
1176 2621 1333 2700 profectus

188 2730 280 2805 atque
304 2744 376 2788 usus
400 2744 435 2787 ex
459 2726 576 2801 nierito,
601 2746 658 2789 niun
684 2728 852 2789 necessitas
876 2727 1041 2789 indisereta
1066 2745 1120 2805 per
1142 2724 1257 2808 legent.
1302 2732 1333 2788 et

189 2848 377 2910 quamquam
395 2849 448 2890 nos
464 2831 503 2893 ad
520 2829 707 2913 utaluntatern
725 2831 874 2908 bonitatis,
898 2831 928 2892 id
953 2841 1001 2893 est
1023 2831 1061 2892 ad
1087 2829 1163 2892 bene
1190 2827 1333 2893 honeste·

137 2956 141 2968 ·
189 2950 248 3013 qne
279 2932 444 2996 uiuendunr
477 2954 532 3012 per
563 2954 649 3013 spem
685 2935 896 3013 pnnnerenda
920 2941 950 2997 et
972 2932 1331 2998 utendresnaebonitntis

188 3033 335 3108 inliceret,
359 3056 483 3115 poenanr
509 3045 609 3101 'tarnen
636 3039 775 3102 deniare
797 3047 827 3102 et
843 3044 1026 3117 enitternptae
1043 3037 1187 3100 bonitatis
1204 3036 1330 3101 adiecit:

188 3146 227 3215 nt,
251 3159 322 3202 euin
344 3139 518 3204 libertatem
543 3143 631 3206 nobis
653 3141 815 3206 uoluntatis
839 3144 876 3204 ad
902 3141 1066 3206 bonitatem
1091 3141 1329 3221 promerendam

188 3242 370 3325 reliquisset,
394 3246 464 3327 qnia
487 3246 631 3308 nieritunr
656 3254 771 3308 naturae
795 3246 965 3310 necessitas
989 3265 1048 3308 non
1073 3244 1208 3321 heberet,
1239 3243 1330 3309 liber-

188 3355 282 3410 tatern
307 3345 406 3426 ipsarn
430 3349 540 3412 attidie
557 3350 728 3428 prepositus
747 3370 763 3412 e
780 3351 932 3413 contrario
948 3370 1046 3429 neena
1063 3355 1161 3414 terror
1176 3359 1327 3432 argueret.

230 3543 315 3590 dnos
332 3557 361 3591 esc
380 3539 548 3592 nobisne?
570 3541 593 3592 V
643 3542 757 3608 obsequi
772 3561 801 3594 er
819 3542 932 3608 absequi
951 3560 983 3593 m.
1003 3541 1061 3593 21⁷
1122 3487 1329 3608 sexpectits

187 3625 291 3691 expetit
304 3645 316 3673 e
368 3625 547 3679 beatitudinis
561 3644 625 3680 snae
639 3644 670 3680 ae
682 3628 840 3681 bonitatisc
864 3628 1043 3681 beatitudinis
1063 3644 1127 3680 auae
1145 3644 1177 3680 ao
1196 3627 1328 3680 bonitatis

186 3728 250 3764 suae
269 3713 283 3761 h
353 3713 462 3765 8sucoi
483 3714 510 3764 F,
561 3714 704 3781 praebenti
724 3733 753 3767 ea·
771 3715 899 3783 probanti
927 3734 958 3766 an.
986 3716 1006 3766 2
1029 3715 1053 3767 V
1123 3716 1154 3766 12
1180 3730 1213 3766 ao
1240 3715 1328 3767 bonus

187 3804 235 3863 est,
263 3799 417 3851 bonitates
470 3801 496 3851 in
525 3820 573 3852 one.
599 3799 642 3849 lla
698 3804 729 3853 la
748 3801 896 3868 unicuique
925 3801 992 3869 (que
1016 3821 1071 3863 sun.
1094 3803 1138 3852 liu.
1162 3818 1179 3853 a
1197 3819 1231 3852 m.
1251 3800 1284 3866 2)
1310 3801 1331 3852 V

188 3885 421 3938 recusaturus
475 3891 507 3940 lu
526 3888 655 3954 malumq.
674 3889 694 3939 l'
746 3906 795 3955 per
807 3889 1050 3941 beneuolentiama
1106 3889 1136 3939 19
1155 3886 1329 3940 aeeahaelt

186 3974 220 4024 20
257 3979 383 4025 conserta
419 3992 448 4024 er
483 3975 608 4027 conseris
643 3993 708 4026 corr.
739 3995 768 4026 ne.
797 3976 816 4024 ‚3
844 3973 868 4022 n
947 3975 1083 4026 uoluntati
1112 4001 1145 4009 —-
1173 3974 1328 4041 praemium

186 4058 238 4112 sibi
251 4077 298 4110 orn.
317 4060 338 4110 1¹
346 4060 404 4116 (scd
415 4062 481 4112 lineo
495 4063 603 4113 ‹lirnidio
615 4078 699 4112 vaccua
712 4063 813 4118 relicto)
877 4063 910 4112 22
922 4067 1049 4114 aeternae
1062 4080 1091 4111 arn:
1109 4065 1266 4113 aeternam.
1279 4062 1297 4112 ¹.)
1310 4061 1331 4113 V

186 4147 232 4197 litt.
244 4151 370 4199 aeternae
383 4146 420 4199 hu
433 4149 457 4199 ia
473 4166 524 4199 ras.
538 4146 561 4194 R
608 4149 642 4200 28
655 4147 743 4214 adque
762 4147 808 4199 t'lt
862 4150 896 4200 24
909 4164 1073 4214 quamquam
1090 4166 1119 4199 aa:
1132 4163 1216 4213 quam
1229 4151 1292 4200 nest.)
1311 4148 1350 4200 1Γ

184 4231 369 4300 lnssrnesteeqne
391 4233 413 4280 ll
465 4237 498 4285 211
518 4234 654 4287 denitatae
674 4254 702 4284 ca·
721 4235 835 4286 deniteli
856 4233 926 4285 aa?
951 4235 978 4286 l'.
