2790 4844
148 226 211 290 316
486 226 603 281 sancti
628 227 762 280 Hilarii
786 226 948 295 episcopi

147 436 209 481 non
240 422 312 493 erat
344 435 404 479 non
435 416 497 480 iam
520 436 618 499 usque
648 417 686 481 ad
718 416 828 493 earnis
860 435 967 480 uerum
998 416 1091 480 etiam
1122 433 1223 498 usque
1252 415 1283 480 ad

147 520 256 586 mortis
279 520 428 601 profunda
452 521 622 597 deseendit,
647 528 677 585 et
700 520 800 584 omnis
823 521 853 584 in
878 540 948 585 eum
972 524 1070 585 terror
1093 519 1283 585 desaeuientir

147 624 178 688 in
212 644 267 689 nos
302 625 495 706 tempestatis
534 625 680 688 incubuit.
726 644 797 688 oum
836 625 919 690 enim
957 644 990 688 se
1029 630 1137 689 eontra
1175 629 1283 688 natura

147 728 278 794 eaelestIs
302 736 495 812 terrenaque
519 728 729 794 diuersitatem
753 728 783 792 iu
806 727 889 792 huno
912 728 1020 793 limum
1042 728 1205 808 potestatis
1228 747 1283 793 sua

108 867 121 906 5
147 833 259 898 uirtute
283 833 391 899 defixit
414 871 454 880 -
480 832 551 915 quia
575 853 619 914 ea,
644 851 713 916 quae
744 838 851 896 natura
881 833 1033 898 dissident
1062 833 1103 896 ad
1134 833 1283 915 quandau

148 938 326 1002 (enesionis
360 957 424 1002 suae
457 936 645 1002 soliditatem
680 957 741 1001 non
776 936 901 1020 generis
935 937 1031 1020 ipsius
1060 936 1283 1022 propinquitate

148 1043 342 1120 conueniunt,
368 1043 421 1107 sed
447 1042 562 1123 potiore
586 1042 616 1105 ui
639 1053 796 1126 tamquam
820 1041 941 1105 confixa
974 1042 1130 1106 sociantur
1154 1079 1196 1086 -
1221 1048 1283 1105 tun(

148 1152 179 1210 et
201 1147 264 1226 pati
287 1147 381 1230 eoepit
403 1156 434 1211 et
456 1146 537 1210 mori
559 1165 661 1230 posse,
696 1166 750 1226 per
784 1165 927 1210 oooasum
962 1145 1068 1210 mortis
1102 1145 1132 1209 in
1169 1144 1283 1210 inseror

149 1251 352 1315 descendens.

96 1387 121 1424 ιο
192 1353 220 1419 5.
245 1354 387 1439 Sequitur
403 1355 500 1418 enim:
524 1354 617 1419 ueni
640 1355 678 1417 in
702 1353 962 1419 altitudinem
987 1355 1118 1431 maris,
1141 1359 1181 1418 et
1200 1359 1283 1418 tem·

148 1467 288 1539 postas
311 1458 511 1524 demersit
534 1478 600 1522 me.
646 1457 779 1522 imitator
802 1456 853 1522 ille
878 1466 909 1523 et
931 1457 1093 1523 dominioae
1127 1457 1238 1522 mortis
1262 1471 1283 1522 er

149 1563 294 1646 temporis
319 1562 410 1628 Iones
435 1563 511 1626 mari
536 1581 655 1627 mersus
679 1568 808 1644 cetoque
832 1569 992 1642 susceptus
1008 1582 1070 1626 non
1087 1572 1150 1626 tam
1166 1561 1199 1625 in
1215 1563 1283 1625 marl

148 1686 190 1745 se,
215 1687 306 1750 quam
328 1668 361 1731 in
383 1666 504 1731 insumo
520 1666 653 1747 positum
670 1672 812 1731 testatur:
837 1665 1010 1730 olemaui
1033 1666 1071 1730 in
1094 1684 1283 1746 pressura

148 1791 232 1835 mea
254 1771 301 1835 ad
325 1773 437 1836 deum
462 1790 596 1841 meum,
629 1775 667 1835 et
690 1770 902 1835 exaudiuit
935 1771 981 1835 de
1015 1775 1160 1836 uentre
1192 1769 1283 1834 inse·

97 1905 122 1942 a
148 1894 279 1939 rorum
310 1874 503 1940 clamoris
538 1875 624 1939 mei.
670 1883 700 1938 et
723 1875 864 1958 quamuis
888 1894 958 1939 eum
983 1880 1068 1939 retus
1091 1875 1130 1939 ad
1154 1872 1283 1954 speeiem

148 1977 277 2044 infernae
300 1979 405 2043 mortis
428 1977 590 2057 hausisset,
625 1979 680 2041 ait:
715 1978 910 2042 introiuit
942 1985 1062 2061 eaput
1096 1996 1220 2042 meum
1250 1977 1283 2040 in

149 2083 357 2148 scissuras
379 2089 594 2166 petrarum
612 2082 809 2147 descendi
833 2082 869 2145 in
887 2082 1283 2159 terramouiussera

149 2195 317 2252 tenaces
340 2194 379 2252 et
401 2194 568 2252 soterum.
615 2193 720 2251 saneto
744 2186 836 2251 etiam
858 2183 914 2249 Iob
946 2191 1016 2266 post
1049 2185 1133 2250 illum
1168 2185 1283 2250 uniuer-

149 2311 251 2356 sorum
277 2292 454 2372 passionum
478 2290 736 2374 gloriosissImum
762 2289 885 2367 bellum,
909 2309 978 2354 oum
998 2289 1110 2374 diguus
1125 2289 1187 2354 iam
1208 2295 1283 2354 esset

97 2423 122 2461 ro
150 2395 270 2479 eloquio
293 2397 395 2461 diuino
419 2396 608 2480 scientiaque
632 2401 756 2473 naturae,
780 2402 850 2478 post
873 2393 1020 2459 confracti
1045 2395 1124 2459 intra
1147 2414 1182 2459 se
1198 2393 1283 2458 maria

149 2506 251 2584 porms
274 2500 495 2585 rugientesque
518 2500 584 2564 eins
607 2501 638 2564 in
661 2499 769 2563 matris
793 2517 856 2562 suae
878 2505 986 2563 uentre
1002 2504 1146 2573 terrores,
1170 2517 1283 2563 rursum

149 2604 225 2687 quid
248 2605 338 2670 etiam
363 2605 393 2668 in
425 2605 501 2668 mari
535 2603 770 2688 significaretur,
805 2603 949 2673 dominus
982 2601 1132 2667 reuelauit
1167 2603 1274 2667 dicens

149 2708 301 2773 uenisti
326 2715 458 2773 autem
475 2706 748 2787 supersuntes
771 2705 918 2791 abyssi,
942 2712 1009 2771 out
1031 2707 1070 2770 in
1093 2706 1283 2791 uestigiis

148 2813 272 2877 maris
317 2811 562 2877 ambulasti?
624 2812 867 2893 aperiuntur
910 2817 1042 2875 autem
1088 2811 1168 2876 tibi
1213 2829 1283 2892 pra

97 2939 122 2980 aa
148 2917 293 2981 timore
317 2923 441 2996 portae
471 2917 674 2989 martinio
699 2915 839 2995 uestigiis
861 2915 968 2998 utique
991 2914 1097 2989 maris,
1129 2924 1283 3000 tamquam

192 3040 396 3106 laron.11,3.
436 3041 466 3090 16
484 3038 554 3091 lbid.
573 3041 588 3091 7
608 3036 712 3102 (LXX).
748 3040 782 3092 23
800 3039 849 3091 Iob
867 3037 1018 3104 XXXVIII,
1038 3040 1070 3091 16
1089 3055 1130 3105 sq.

194 3155 282 3205 lnon
311 3151 366 3205 iem
397 3170 445 3206 om.
479 3153 503 3204 V
561 3152 650 3205 uerbo
680 3151 763 3204 etiam
798 3152 821 3202 V
870 3150 1044 3204 2disoendit
1076 3151 1100 3204 V
1151 3153 1181 3205 in
1211 3169 1244 3206 eo
1271 3152 1283 3204 l

148 3242 380 3307 dterraenaeque
400 3240 425 3292 R
443 3245 623 3306 terraeneque
648 3239 673 3290 V
722 3239 860 3290 buirtute
888 3239 915 3289 in
942 3255 994 3290 ros.
1013 3256 1045 3290 or.
1067 3238 1081 3289 1
1100 3239 1127 3290 Id
1145 3239 1283 3293 uirtutdl

148 3325 345 3411 doonffimonis
370 3312 396 3390 (e
414 3328 441 3378 in
459 3324 524 3387 ros.)
548 3327 574 3378 P
590 3325 744 3379 conixionie
769 3323 802 3376 V¹
856 3341 911 3377 non
929 3342 979 3377 om.
1002 3324 1027 3376 V
1076 3327 1242 3408 'lpotIotrd
1266 3345 1282 3378 o

149 3435 289 3497 tamquam
306 3431 329 3482 V
344 3431 452 3498 potiore
470 3431 529 3484 uita
547 3447 629 3499 quam
648 3431 673 3483 R
691 3429 826 3498 potiorem
845 3430 932 3482 uitam
950 3430 1070 3497 quamP
1121 3429 1283 3485 confixaml

149 3537 248 3602 Bpoes
276 3536 298 3589 dr
325 3552 375 3603 per
402 3553 469 3588 corr.
498 3554 529 3586 m.
559 3535 574 3586 l
601 3535 627 3586 R
679 3533 788 3586 inferna
814 3530 873 3599 (om.
900 3534 939 3597 in)
973 3534 997 3588 V
1047 3533 1250 3588 9disoendens
1272 3535 1282 3586 1

151 3639 183 3690 12
200 3654 306 3691 mersus
325 3657 354 3691 es
372 3655 482 3691 mensus
502 3638 528 3690 P
577 3644 693 3705 cetoque
712 3656 741 3690 en
760 3642 878 3705 eytoque
892 3637 918 3689 Ρ
931 3642 1062 3705 coetoque
1075 3655 1105 3690 ea
1118 3639 1283 3706 coetuquel

149 3729 324 3793 estooetoquo
334 3731 486 3792 exertoque
497 3744 528 3776 ru.
541 3723 560 3777 ἑ)
576 3725 600 3777 V
644 3729 729 3777 irtam
739 3743 810 3793 supr.
819 3742 869 3777 sor.
880 3725 906 3777 P
951 3726 1076 3792 laquem
1086 3723 1116 3776 in
1126 3743 1158 3776 err
1167 3741 1253 3792 quam
1262 3744 1283 3777 ru

150 3811 232 3864 ’ΝΡ
282 3812 387 3879 positus
405 3812 426 3865 l'
479 3814 511 3865 15
523 3811 653 3865 clamoris
666 3811 721 3864 mei
739 3811 804 3876 Vof.
818 3812 937 3865 Sobotier
947 3810 984 3875 II,
994 3808 1048 3863 937
1059 3809 1196 3864 clamores
1206 3811 1283 3866 mail

149 3898 281 3951 clamores
310 3915 385 3951 meos
416 3899 468 3950 PE
527 3902 559 3952 16
577 3898 707 3951 introibit
743 3898 767 3951 V
823 3898 913 3966 capud
947 3896 995 3950 Vn
1059 3899 1090 3949 17
1109 3895 1239 3952 discendi
1276 3900 1283 3952 l

149 4002 240 4038 serrae
263 3985 339 4038 VRP
391 3987 422 4038 18
440 3986 546 4039 tenonis
566 3985 589 4038 V
640 3992 667 4038 et
685 4003 756 4055 supr.
774 4003 824 4037 scr.
844 3985 869 4037 R
886 3983 978 4036 om.V
1027 3982 1112 4036 etiam
1131 3983 1214 4037 ionae
1234 3984 1283 4050 (na

149 4073 208 4123 odd.
228 4091 259 4123 m.
279 4070 312 4136 9)
329 4073 354 4122 V
403 4071 483 4124 illum
500 4072 524 4125 V
540 4072 590 4125 ills
608 4073 634 4124 R
653 4070 722 4124 illud
733 4071 786 4122 PE
800 4072 835 4140 os.
855 4072 926 4122 Srod.
946 4068 1018 4123 1889
1032 4087 1061 4139 p.
1079 4067 1138 4123 318
1193 4074 1228 4126 al
1248 4091 1283 4129 ra

147 4159 303 4226 gientieque
329 4160 352 4210 V
422 4159 518 4212 matris
537 4177 567 4211 ex
584 4159 704 4210 marisR
767 4157 882 4211 terroris
908 4157 929 4207 V
992 4157 1027 4211 28
1045 4155 1130 4210 fontis
1156 4158 1193 4210 V²
1249 4178 1283 4216 au

148 4245 177 4297 in
195 4262 226 4297 rx
243 4249 335 4298 autem
354 4245 382 4297 in
401 4245 472 4298 nal)
498 4245 520 4298 V
569 4247 604 4298 25
623 4245 681 4313 itaq
699 4244 783 4297 maris
802 4244 834 4297 R.
