2790 4844
149 243 212 308 712
484 243 602 296 sancti
628 241 761 295 Hilarii
786 241 949 310 episcopi

149 432 350 509 omnibuS,
380 431 446 514 qui
478 431 672 496 inuocant
702 451 841 496 nornen
866 431 1019 496 domini
1043 433 1182 497 nostri
1207 431 1294 497 Iesu

149 537 323 613 Christi,
361 543 393 600 ut
426 536 509 600 aliud
543 543 673 608 uocatos,
711 535 795 600 allud
829 541 959 610 sanctos,
993 534 1078 599 aliud
1114 537 1294 601 inuocantes

148 662 260 707 nomen
296 640 412 706 domini
446 659 516 704 esse
550 639 713 723 significet.
759 660 840 705 nnnc
873 645 977 705 autem
1011 640 1152 720 primum
1177 639 1292 704 Israhel

149 746 317 829 nuncupari
341 744 491 820 uidemus
515 744 775 821 seeundonaron,
799 744 889 808 tertio
906 743 991 815 Leni.
1016 751 1131 826 quarto
1151 744 1292 808 timentes

110 870 122 907 s
151 851 319 914 dominnm.
365 855 396 914 et
417 849 448 913 in
472 850 577 914 Aaron
609 848 785 913 sacerdotes
815 847 986 930 significari
1017 867 1080 912 non
1113 848 1291 932 ambignum

150 960 211 1018 est:
246 953 390 1018 sacerdos
424 953 506 1018 enim
541 951 573 1017 in
607 952 677 1036 lege
701 953 803 1016 Aaron
829 951 944 1031 primus
967 950 1026 1016 suit
1054 955 1087 1015 et
1117 952 1232 1017 exinde
1263 952 1290 1015 in

150 1057 346 1122 successione
380 1056 446 1122 eius
484 1057 678 1121 sacerdotum
713 1054 811 1120 honor
845 1055 966 1120 mansit.
1011 1054 1043 1118 in
1079 1054 1157 1120 Leui
1194 1063 1289 1119 autem

150 1161 306 1226 ministros
330 1161 451 1226 ostendi
475 1158 645 1225 ahsolutum
663 1166 725 1225 est:
750 1158 817 1223 hac
832 1159 915 1224 enirn
928 1159 1024 1224 tribus
1037 1159 1067 1222 ln
1084 1159 1290 1224 ministerium

150 1263 247 1330 electa
270 1270 325 1329 est.
371 1264 507 1348 reliquus
531 1270 634 1328 autem
658 1263 796 1345 populus,
831 1262 879 1327 cui
913 1284 973 1326 non
996 1263 1163 1328 sacerdotii
1195 1282 1289 1346 neque

98 1393 122 1428 lo
150 1367 322 1442 ministerii,
347 1369 402 1432 sed
426 1367 544 1432 timoris
567 1366 702 1432 officium
723 1372 778 1444 est,
802 1367 832 1430 in
850 1367 906 1444 his,
930 1367 982 1450 qui
998 1367 1111 1431 timent
1127 1366 1288 1437 dominun,

149 1476 351 1551 nuncupatur
398 1472 489 1536 docet
511 1477 613 1535 autern
636 1491 692 1535 nos
715 1470 879 1550 analdus,
903 1491 966 1551 prae
994 1489 1105 1535 omnes
1136 1470 1195 1535 hos
1225 1488 1286 1535 esse

150 1574 279 1652 Israhel,
302 1594 374 1640 oum
397 1575 453 1638 eit:
489 1582 527 1639 et
560 1581 762 1658 quotquot
796 1573 946 1657 regulae
980 1573 1073 1638 huic
1098 1574 1286 1640 obsecun-

150 1680 308 1753 dabunt,
342 1699 413 1759 par
448 1699 569 1759 super
603 1699 667 1743 ecs
702 1685 740 1743 et
774 1677 1073 1748 misericordia,
1097 1685 1137 1743 et
1170 1695 1284 1757 super

151 1781 321 1847 Israhel.
367 1783 542 1848 sacerdotes
577 1788 608 1847 et
640 1783 798 1848 ministros
832 1781 925 1847 officii
959 1782 1006 1847 sui
1039 1781 1150 1865 regula
1183 1781 1213 1845 in
1242 1800 1281 1852 eo,

98 1910 124 1945 m
151 1888 234 1970 quod
257 1892 361 1971 agunt,
384 1888 537 1964 continet;
568 1888 623 1951 sed
648 1893 773 1967 praestat
796 1886 887 1971 louge
917 1884 1074 1950 uoluntate
1104 1885 1207 1970 magis
1234 1883 1304 1947 all·

151 1991 227 2073 qnid
250 2010 344 2074 agere
367 2011 459 2074 qnam
485 1990 562 2075 lege
608 2000 639 2056 et
661 1991 811 2070 optimum
829 1996 877 2055 est
892 2010 947 2071 per
963 1989 1129 2055 ministerii
1151 1988 1276 2054 ordinem

151 2112 213 2159 non
237 2094 336 2159 solnm
359 2095 538 2160 satisfacere
562 2093 741 2172 ministerio,
765 2095 821 2159 sed
844 2115 900 2175 per
923 2094 1070 2158 doctrinae
1086 2094 1240 2159 scientiam
1254 2095 1276 2154 et

150 2197 223 2265 fidei
248 2198 381 2264 calorem
413 2200 452 2263 ad
483 2199 691 2282 cognitionem
715 2198 763 2263 dei
788 2197 1142 2280 contemplationemque
1165 2200 1272 2263 conten·

151 2304 235 2368 deret
281 2323 351 2367 eum
376 2322 459 2385 ergo,
491 2302 543 2385 qui
568 2304 660 2368 deum
685 2301 870 2385 intellegens
894 2308 924 2366 et
946 2302 1057 2367 uidens
1088 2313 1178 2377 esset¹
1206 2294 1270 2382 quod

98 2424 123 2461 ²0
152 2413 200 2471 est
221 2407 379 2490 proprium
404 2404 532 2482 Israhel,
557 2407 586 2469 in
610 2406 711 2487 primo
727 2406 974 2471 benedicentium
990 2406 1099 2470 ordine
1114 2399 1267 2473 consent

151 2511 202 2593 qui
226 2509 371 2587 officium
394 2511 424 2574 in
449 2530 509 2594 quo
532 2517 623 2587 esset,
646 2516 739 2593 atque
763 2508 913 2575 honorem
936 2510 1107 2575 sacerdotis
1137 2507 1193 2574 hac
1217 2505 1266 2586 ipa

151 2614 266 2699 cogniti
289 2635 345 2695 per
368 2614 462 2679 tidem
487 2622 519 2679 et
540 2614 738 2694 contemplati
763 2614 811 2678 dei
836 2614 947 2678 uirtute
977 2612 1180 2693 precelleret:
1207 2607 1264 2692 quit
1320 2604 1322 2692 ξ

151 2737 221 2783 cum
259 2717 363 2798 plures
408 2719 470 2783 sint
508 2719 627 2795 Aaron,
670 2719 702 2782 id
743 2723 790 2782 est
827 2720 1022 2793 sacerdotes,
1061 2718 1150 2798 pauci
1185 2722 1261 2779 umen

150 2821 277 2900 Israhel
315 2822 347 2887 id
385 2829 432 2887 est
472 2823 524 2905 qui
565 2823 742 2906 cognitione
776 2822 890 2887 mentis
927 2822 1019 2886 deum
1058 2808 1261 2900 contemplaturi

97 2943 123 2979 aa
151 2926 221 3003 sint,
264 2927 462 3007 reperientur.
515 2926 546 2989 hi
589 2946 662 3010 ergo
703 2926 837 3006 primum
879 2927 917 2991 ad
957 2925 1196 2990 benedicendum
1224 2913 1259 2979 ld·

150 3036 308 3109 uocantur,
343 3031 454 3096 ceteris
489 3029 558 3095 aliis
591 3035 660 3110 post
693 3051 746 3094 eos
780 3030 811 3094 in
846 3050 890 3107 ec,
922 3049 982 3113 quc
1018 3036 1049 3093 et
1083 3029 1142 3110 ipsi
1176 3021 1258 3091 esent

150 3134 251 3199 officio
273 3135 492 3200 benedicturis.
538 3135 593 3198 sed
615 3134 803 3199 benedicunt
825 3133 917 3199 deum
941 3140 972 3199 et
994 3135 1103 3198 domus
1120 3124 1222 3197 Israhel
1239 3121 1259 3182 ll

151 3241 258 3304 domus
282 3240 385 3304 Aaron
417 3246 446 3304 et
470 3240 578 3303 domus
603 3239 679 3303 Leni
703 3245 733 3303 et
755 3257 871 3315 omnes,
901 3237 953 3321 qui
984 3237 1096 3302 timent
1125 3232 1258 3301 dominun

151 3363 221 3408 eum
255 3342 381 3425 scilicet,
416 3343 468 3426 qui
502 3350 551 3407 est
584 3342 765 3408 benedIctus
799 3343 875 3408 deus
909 3361 947 3406 er
970 3341 1053 3418 Sion,
1088 3341 1140 3425 qui
1172 3330 1260 3403 habitl

96 3458 123 3497 ³0
151 3446 355 3524 Hierusalem,
395 3453 534 3511 sanctum
572 3452 710 3511 montem
749 3445 822 3511 Sion
861 3451 893 3510 et
929 3445 1088 3510 ciuitatem
1126 3442 1260 3510 caelestem·

150 3550 314 3616 ecclesiam
346 3551 579 3632 primitiuorum
609 3550 800 3615 manentium
831 3554 863 3615 et
885 3550 1067 3630 scriptorum
1091 3549 1122 3613 in
1146 3535 1262 3614 calisifl

195 3727 227 3778 12
246 3725 304 3779 oar.
323 3725 369 3792 vr,
390 3729 427 3778 re.

192 3882 347 3934 dseoundo
375 3878 452 3945 (sedo
470 3879 506 3946 T)
534 3881 587 3933 TE
612 3882 689 3934 scdm
710 3881 735 3932 Ρ
784 3877 956 3933 9sacerd0ti
976 3878 1003 3930 P
1055 3881 1086 3932 ll
1106 3894 1173 3947 prao
1192 3869 1277 3944 Th?

150 4035 233 4086 super
263 4019 327 4086 (sup
354 4017 383 4084 α)
412 4019 440 4072 Ε
496 4036 590 4072 omnes
616 4018 667 4072 hos
693 4019 746 4071 ΤΕ
770 4019 845 4104 ⁰¹³¹II'.
873 4015 912 4082 (ib
945 4035 978 4070 m.
1002 4015 1022 4069 2
1049 4019 1077 4070 in
1106 4015 1172 4085 roe.)
1199 3963 1244 4100 hdo
1267 4015 1286 4067 Ρ

152 4124 184 4174 12
202 4122 350 4191 quodquod
369 4121 405 4175 P¹
460 4123 653 4176 reminiscor
672 4122 906 4176 I'Taministrib
976 4122 1009 4175 al
1037 4120 1092 4176 hac
1124 4123 1162 4176 Te
1191 4139 1224 4178 ao
1252 4121 1289 4176 Pu

149 4210 184 4261 22
202 4208 306 4277 cogniti
327 4210 384 4275 PE,
403 4228 451 4262 οηι.
471 4208 531 4274 (sed
547 4211 573 4262 in
592 4228 673 4279 morq.
689 4210 822 4277 >addidisse
842 4206 955 4273 uidetur)
977 4209 1008 4260 T.
