<?xml version="1.0" encoding="UTF-8"?>
<!DOCTYPE html PUBLIC "-//W3C//DTD XHTML 1.0 Transitional//EN"
    "http://www.w3.org/TR/xhtml1/DTD/xhtml1-transitional.dtd">
<html xmlns="http://www.w3.org/1999/xhtml" xml:lang="en" lang="en">
 <head>
  <title>
</title>
<meta http-equiv="Content-Type" content="text/html;charset=utf-8" />
  <meta name='ocr-system' content='tesseract 3.04.00' />
  <meta name='ocr-capabilities' content='ocr_page ocr_carea ocr_par ocr_line ocrx_word'/>
</head>
<body>
  <div class='ocr_page' id='page_1' title='image "./shilariiepiscop00hilagoog_0120.png"; bbox 0 0 2790 4844; ppageno 0'>
   <div class='ocr_carea' id='block_1_1' title="bbox 152 249 958 320">
    <p class='ocr_par' dir='ltr' id='par_1_1' title="bbox 152 249 958 320">
     <span class='ocr_line' id='line_1_1' title="bbox 152 249 958 320; baseline 0.004 -18"><span class='ocrx_word' id='word_1_1' title='bbox 152 249 193 314; x_wconf 86' lang='lat'>88</span> <span class='ocrx_word' id='word_1_2' title='bbox 493 252 610 305; x_wconf 85' lang='lat' dir='ltr'>sancti</span> <span class='ocrx_word' id='word_1_3' title='bbox 634 250 771 305; x_wconf 86' lang='lat' dir='ltr'>Hilarii</span> <span class='ocrx_word' id='word_1_4' title='bbox 794 253 958 320; x_wconf 75' lang='lat' dir='ltr'>episcopi</span> 
     </span>
    </p>
   </div>
   <div class='ocr_carea' id='block_1_2' title="bbox 97 441 1302 3333">
    <p class='ocr_par' dir='ltr' id='par_1_2' title="bbox 97 441 1302 3333">
     <span class='ocr_line' id='line_1_2' title="bbox 152 441 1296 526; baseline 0.001 -21"><span class='ocrx_word' id='word_1_5' title='bbox 152 443 228 507; x_wconf 88' lang='lat' dir='ltr'>deus</span> <span class='ocrx_word' id='word_1_6' title='bbox 258 447 324 506; x_wconf 87' lang='lat' dir='ltr'>erat</span> <span class='ocrx_word' id='word_1_7' title='bbox 345 447 376 506; x_wconf 90' lang='grc' dir='ltr'>θῖ</span> <span class='ocrx_word' id='word_1_8' title='bbox 398 441 429 505; x_wconf 92' lang='lat' dir='ltr'>in</span> <span class='ocrx_word' id='word_1_9' title='bbox 450 461 514 525; x_wconf 71' lang='lat' dir='ltr'>,que</span> <span class='ocrx_word' id='word_1_10' title='bbox 544 443 620 507; x_wconf 89' lang='lat' dir='ltr'>deus</span> <span class='ocrx_word' id='word_1_11' title='bbox 650 448 698 507; x_wconf 89' lang='lat' dir='ltr'>est</span> <span class='ocrx_word' id='word_1_12' title='bbox 721 450 753 508; x_wconf 91' lang='grc' dir='ltr'>θῖ</span> <span class='ocrx_word' id='word_1_13' title='bbox 776 463 832 522; x_wconf 87' lang='lat' dir='ltr'>per</span> <span class='ocrx_word' id='word_1_14' title='bbox 854 444 937 525; x_wconf 90' lang='lat' dir='ltr'>quod</span> <span class='ocrx_word' id='word_1_15' title='bbox 968 441 1198 526; x_wconf 84' lang='lat' dir='ltr'>transfiguruuit</span> <span class='ocrx_word' id='word_1_16' title='bbox 1229 461 1296 507; x_wconf 86' lang='lat' dir='ltr'>ccr-</span> 
     </span>
     <span class='ocr_line' id='line_1_3' title="bbox 152 544 1296 629; baseline 0.001 -20"><span class='ocrx_word' id='word_1_17' title='bbox 152 565 209 625; x_wconf 86' lang='lat' dir='ltr'>pus</span> <span class='ocrx_word' id='word_1_18' title='bbox 247 545 428 610; x_wconf 89' lang='lat' dir='ltr'>humilitatis</span> <span class='ocrx_word' id='word_1_19' title='bbox 466 551 578 611; x_wconf 76' lang='lat' dir='ltr'>nostrae</span> <span class='ocrx_word' id='word_1_20' title='bbox 616 545 841 611; x_wconf 87' lang='lat' dir='ltr'>conformatum</span> <span class='ocrx_word' id='word_1_21' title='bbox 881 547 999 626; x_wconf 81' lang='lat' dir='ltr'>corpori</span> <span class='ocrx_word' id='word_1_22' title='bbox 1031 544 1137 629; x_wconf 71' lang='lat' dir='ltr'>gloriae</span> <span class='ocrx_word' id='word_1_23' title='bbox 1168 566 1240 623; x_wconf 72' lang='lat' dir='ltr'>surr,</span> <span class='ocrx_word' id='word_1_24' title='bbox 1270 547 1296 610; x_wconf 87' lang='lat' dir='ltr'>si</span> 
     </span>
     <span class='ocr_line' id='line_1_4' title="bbox 152 649 1297 730; baseline 0 -17"><span class='ocrx_word' id='word_1_25' title='bbox 152 656 256 714; x_wconf 87' lang='lat' dir='ltr'>tamen</span> <span class='ocrx_word' id='word_1_26' title='bbox 279 655 312 714; x_wconf 88' lang='lat' dir='ltr'>et</span> <span class='ocrx_word' id='word_1_27' title='bbox 334 669 390 714; x_wconf 89' lang='lat' dir='ltr'>nos</span> <span class='ocrx_word' id='word_1_28' title='bbox 413 649 487 713; x_wconf 88' lang='lat' dir='ltr'>uitia</span> <span class='ocrx_word' id='word_1_29' title='bbox 509 650 645 730; x_wconf 89' lang='lat' dir='ltr'>corporis</span> <span class='ocrx_word' id='word_1_30' title='bbox 676 652 773 714; x_wconf 87' lang='lat' dir='ltr'>nostri</span> <span class='ocrx_word' id='word_1_31' title='bbox 804 652 886 716; x_wconf 88' lang='lat' dir='ltr'>cruci</span> <span class='ocrx_word' id='word_1_32' title='bbox 917 652 983 715; x_wconf 87' lang='lat' dir='ltr'>eius</span> <span class='ocrx_word' id='word_1_33' title='bbox 1013 650 1241 728; x_wconf 77' lang='lat' dir='ltr'>confixerimus,</span> <span class='ocrx_word' id='word_1_34' title='bbox 1263 658 1297 714; x_wconf 90' lang='lat' dir='ltr'>ut</span> 
     </span>
     <span class='ocr_line' id='line_1_5' title="bbox 151 753 1296 838; baseline 0 -21"><span class='ocrx_word' id='word_1_35' title='bbox 151 756 183 817; x_wconf 90' lang='lat' dir='ltr'>iu</span> <span class='ocrx_word' id='word_1_36' title='bbox 206 753 271 818; x_wconf 89' lang='lat' dir='ltr'>eius</span> <span class='ocrx_word' id='word_1_37' title='bbox 293 773 422 833; x_wconf 87' lang='lat' dir='ltr'>corpere</span> <span class='ocrx_word' id='word_1_38' title='bbox 445 773 653 838; x_wconf 81' lang='lat' dir='ltr'><strong>resurgamus.</strong></span> <span class='ocrx_word' id='word_1_39' title='bbox 698 755 738 819; x_wconf 89' lang='lat' dir='ltr'>ad</span> <span class='ocrx_word' id='word_1_40' title='bbox 761 753 835 819; x_wconf 93' lang='lat' dir='ltr'>illud</span> <span class='ocrx_word' id='word_1_41' title='bbox 859 755 943 819; x_wconf 88' lang='lat' dir='ltr'>enim</span> <span class='ocrx_word' id='word_1_42' title='bbox 973 762 1041 834; x_wconf 87' lang='lat' dir='ltr'>post</span> <span class='ocrx_word' id='word_1_43' title='bbox 1072 754 1296 818; x_wconf 83' lang='lat' dir='ltr'>habitationem</span> 
     </span>
     <span class='ocr_line' id='line_1_6' title="bbox 111 856 1297 941; baseline -0.001 -19"><span class='ocrx_word' id='word_1_44' title='bbox 111 886 125 923; x_wconf 80' lang='lat' dir='ltr'>s</span> <span class='ocrx_word' id='word_1_45' title='bbox 153 856 292 922; x_wconf 73' lang='lat' dir='ltr'>ecclesiae</span> <span class='ocrx_word' id='word_1_46' title='bbox 315 857 482 936; x_wconf 80' lang='lat' dir='ltr'><strong>scanditur,</strong></span> <span class='ocrx_word' id='word_1_47' title='bbox 505 857 611 922; x_wconf 87' lang='lat' dir='ltr'>inille</span> <span class='ocrx_word' id='word_1_48' title='bbox 634 858 666 922; x_wconf 90' lang='lat' dir='ltr'>in</span> <span class='ocrx_word' id='word_1_49' title='bbox 690 858 808 922; x_wconf 89' lang='lat' dir='ltr'>demini</span> <span class='ocrx_word' id='word_1_50' title='bbox 831 857 1019 923; x_wconf 87' lang='lat' dir='ltr'>sublimitate</span> <span class='ocrx_word' id='word_1_51' title='bbox 1035 859 1249 941; x_wconf 80' lang='lat' dir='ltr'>requiescitur,</span> <span class='ocrx_word' id='word_1_52' title='bbox 1264 858 1297 921; x_wconf 90' lang='lat' dir='ltr'>in</span> 
     </span>
     <span class='ocr_line' id='line_1_7' title="bbox 150 960 1295 1045; baseline -0.002 -20"><span class='ocrx_word' id='word_1_53' title='bbox 150 960 201 1025; x_wconf 90' lang='lat' dir='ltr'>illo</span> <span class='ocrx_word' id='word_1_54' title='bbox 225 980 297 1026; x_wconf 90' lang='lat' dir='ltr'>cum</span> <span class='ocrx_word' id='word_1_55' title='bbox 328 960 512 1045; x_wconf 84' lang='lat' dir='ltr'>angelorum</span> <span class='ocrx_word' id='word_1_56' title='bbox 535 961 645 1032; x_wconf 76' lang='lat' dir='ltr'>charis,</span> <span class='ocrx_word' id='word_1_57' title='bbox 670 980 740 1027; x_wconf 89' lang='lat' dir='ltr'>cum</span> <span class='ocrx_word' id='word_1_58' title='bbox 765 970 796 1026; x_wconf 88' lang='lat' dir='ltr'>et</span> <span class='ocrx_word' id='word_1_59' title='bbox 819 983 874 1026; x_wconf 86' lang='lat' dir='ltr'>nas</span> <span class='ocrx_word' id='word_1_60' title='bbox 898 964 995 1026; x_wconf 85' lang='lat' dir='ltr'>simus</span> <span class='ocrx_word' id='word_1_61' title='bbox 1027 963 1075 1027; x_wconf 89' lang='lat' dir='ltr'>dei</span> <span class='ocrx_word' id='word_1_62' title='bbox 1105 962 1223 1037; x_wconf 86' lang='lat' dir='ltr'>ciuitas,</span> <span class='ocrx_word' id='word_1_63' title='bbox 1246 983 1295 1025; x_wconf 85' lang='lat' dir='ltr'>sc-</span> 
     </span>
     <span class='ocr_line' id='line_1_8' title="bbox 150 1065 1296 1149; baseline 0.002 -21"><span class='ocrx_word' id='word_1_64' title='bbox 150 1066 315 1130; x_wconf 74' lang='lat' dir='ltr'>ciabimum</span> <span class='ocrx_word' id='word_1_65' title='bbox 355 1066 523 1149; x_wconf 76' lang='lat' dir='ltr'>quiescitur</span> <span class='ocrx_word' id='word_1_66' title='bbox 552 1073 665 1142; x_wconf 83' lang='lat' dir='ltr'>autem,</span> <span class='ocrx_word' id='word_1_67' title='bbox 697 1067 767 1149; x_wconf 82' lang='lat' dir='ltr'>quia</span> <span class='ocrx_word' id='word_1_68' title='bbox 799 1066 898 1130; x_wconf 88' lang='lat' dir='ltr'>nullus</span> <span class='ocrx_word' id='word_1_69' title='bbox 929 1065 964 1130; x_wconf 87' lang='lat' dir='ltr'>fit</span> <span class='ocrx_word' id='word_1_70' title='bbox 993 1087 1030 1130; x_wconf 85' lang='lat' dir='ltr'>ex</span> <span class='ocrx_word' id='word_1_71' title='bbox 1063 1065 1296 1130; x_wconf 82' lang='lat' dir='ltr'>infirmitatibus</span> 
     </span>
     <span class='ocr_line' id='line_1_9' title="bbox 151 1168 1297 1250; baseline 0 -17"><span class='ocrx_word' id='word_1_72' title='bbox 151 1168 244 1246; x_wconf 85' lang='lat' dir='ltr'>dolor,</span> <span class='ocrx_word' id='word_1_73' title='bbox 268 1169 368 1235; x_wconf 88' lang='lat' dir='ltr'>nullus</span> <span class='ocrx_word' id='word_1_74' title='bbox 391 1189 429 1234; x_wconf 83' lang='lat' dir='ltr'>ex</span> <span class='ocrx_word' id='word_1_75' title='bbox 451 1170 554 1250; x_wconf 80' lang='lat' dir='ltr'>inopia</span> <span class='ocrx_word' id='word_1_76' title='bbox 576 1177 687 1247; x_wconf 82' lang='lat' dir='ltr'>metus,</span> <span class='ocrx_word' id='word_1_77' title='bbox 722 1172 779 1235; x_wconf 87' lang='lat' dir='ltr'>sed</span> <span class='ocrx_word' id='word_1_78' title='bbox 809 1171 953 1234; x_wconf 87' lang='lat' dir='ltr'>amnibus</span> <span class='ocrx_word' id='word_1_79' title='bbox 985 1169 1131 1234; x_wconf 80' lang='lat' dir='ltr'>firmitate</span> <span class='ocrx_word' id='word_1_80' title='bbox 1162 1190 1297 1249; x_wconf 85' lang='lat' dir='ltr'>suaper</span> 
     </span>
     <span class='ocr_line' id='line_1_10' title="bbox 151 1273 1296 1357; baseline 0 -20"><span class='ocrx_word' id='word_1_81' title='bbox 151 1274 298 1339; x_wconf 88' lang='lat' dir='ltr'>uirtutem</span> <span class='ocrx_word' id='word_1_82' title='bbox 320 1275 502 1339; x_wconf 75' lang='lat' dir='ltr'>aternitatis</span> <span class='ocrx_word' id='word_1_83' title='bbox 525 1275 681 1338; x_wconf 85' lang='lat' dir='ltr'>utentibus</span> <span class='ocrx_word' id='word_1_84' title='bbox 704 1275 736 1338; x_wconf 89' lang='lat' dir='ltr'>in</span> <span class='ocrx_word' id='word_1_85' title='bbox 761 1274 809 1339; x_wconf 87' lang='lat' dir='ltr'>his</span> <span class='ocrx_word' id='word_1_86' title='bbox 832 1276 880 1349; x_wconf 84' lang='lat' dir='ltr'>sit,</span> <span class='ocrx_word' id='word_1_87' title='bbox 915 1281 1000 1338; x_wconf 84' lang='lat' dir='ltr'>extra</span> <span class='ocrx_word' id='word_1_88' title='bbox 1024 1295 1092 1357; x_wconf 67' lang='lat' dir='ltr'>quia</span> <span class='ocrx_word' id='word_1_89' title='bbox 1115 1273 1193 1338; x_wconf 85' lang='lat' dir='ltr'>nilril</span> <span class='ocrx_word' id='word_1_90' title='bbox 1215 1274 1296 1338; x_wconf 89' lang='lat' dir='ltr'>iudi·</span> 
     </span>
     <span class='ocr_line' id='line_1_11' title="bbox 150 1377 510 1461; baseline 0 -19"><span class='ocrx_word' id='word_1_91' title='bbox 150 1382 254 1461; x_wconf 86' lang='lat' dir='ltr'>geant,</span> <span class='ocrx_word' id='word_1_92' title='bbox 277 1377 510 1461; x_wconf 88' lang='lat' dir='ltr'>quiescendum.</span> 
     </span>
     <span class='ocr_line' id='line_1_12' title="bbox 194 1480 1296 1565; baseline 0 -20"><span class='ocrx_word' id='word_1_93' title='bbox 194 1481 225 1545; x_wconf 87' lang='grc'>6.</span> <span class='ocrx_word' id='word_1_94' title='bbox 248 1480 333 1565; x_wconf 81' lang='lat' dir='ltr'>Ergo</span> <span class='ocrx_word' id='word_1_95' title='bbox 356 1483 397 1546; x_wconf 89' lang='lat' dir='ltr'>ed</span> <span class='ocrx_word' id='word_1_96' title='bbox 419 1481 459 1560; x_wconf 83' lang='lat' dir='ltr'>id,</span> <span class='ocrx_word' id='word_1_97' title='bbox 483 1484 565 1565; x_wconf 87' lang='lat' dir='ltr'>quod</span> <span class='ocrx_word' id='word_1_98' title='bbox 589 1483 753 1565; x_wconf 88' lang='lat' dir='ltr'>quaesitum</span> <span class='ocrx_word' id='word_1_99' title='bbox 776 1490 839 1548; x_wconf 90' lang='grc' dir='ltr'>θεῖ;</span> <span class='ocrx_word' id='word_1_100' title='bbox 863 1483 1032 1561; x_wconf 84' lang='lat' dir='ltr'>domine,</span> <span class='ocrx_word' id='word_1_101' title='bbox 1063 1483 1153 1565; x_wconf 89' lang='lat' dir='ltr'>quis</span> <span class='ocrx_word' id='word_1_102' title='bbox 1184 1481 1296 1546; x_wconf 90' lang='lat' dir='ltr'>habi-</span> 
     </span>
     <span class='ocr_line' id='line_1_13' title="bbox 152 1585 1296 1670; baseline -0.001 -21"><span class='ocrx_word' id='word_1_103' title='bbox 152 1585 257 1650; x_wconf 87' lang='lat' dir='ltr'>tabit</span> <span class='ocrx_word' id='word_1_104' title='bbox 289 1586 328 1649; x_wconf 87' lang='lat' dir='ltr'>iu</span> <span class='ocrx_word' id='word_1_105' title='bbox 362 1586 631 1651; x_wconf 87' lang='lat' dir='ltr'>tabernaculo</span> <span class='ocrx_word' id='word_1_106' title='bbox 666 1593 730 1651; x_wconf 89' lang='lat' dir='ltr'>tuo</span> <span class='ocrx_word' id='word_1_107' title='bbox 765 1595 832 1651; x_wconf 87' lang='lat' dir='ltr'>aut</span> <span class='ocrx_word' id='word_1_108' title='bbox 865 1588 956 1670; x_wconf 90' lang='lat' dir='ltr'>quis</span> <span class='ocrx_word' id='word_1_109' title='bbox 987 1587 1226 1670; x_wconf 79' lang='lat' dir='ltr'>requiescet</span> <span class='ocrx_word' id='word_1_110' title='bbox 1256 1586 1296 1649; x_wconf 90' lang='lat' dir='ltr'>iu</span> 
     </span>
     <span class='ocr_line' id='line_1_14' title="bbox 151 1687 1297 1771; baseline 0 -18"><span class='ocrx_word' id='word_1_111' title='bbox 151 1695 452 1755; x_wconf 80' lang='lat' dir='ltr'>montesancto</span> <span class='ocrx_word' id='word_1_112' title='bbox 475 1691 561 1755; x_wconf 84' lang='lat' dir='ltr'>tuo?</span> <span class='ocrx_word' id='word_1_113' title='bbox 592 1691 753 1771; x_wconf 88' lang='lat' dir='ltr'>respoudit</span> <span class='ocrx_word' id='word_1_114' title='bbox 776 1691 900 1771; x_wconf 87' lang='lat' dir='ltr'>spiritus</span> <span class='ocrx_word' id='word_1_115' title='bbox 923 1696 1048 1756; x_wconf 87' lang='lat' dir='ltr'>sauctus</span> <span class='ocrx_word' id='word_1_116' title='bbox 1078 1709 1133 1770; x_wconf 89' lang='lat' dir='ltr'>per</span> <span class='ocrx_word' id='word_1_117' title='bbox 1160 1687 1297 1770; x_wconf 87' lang='lat' dir='ltr'>prophe-</span> 
     </span>
     <span class='ocr_line' id='line_1_15' title="bbox 152 1794 1297 1878; baseline 0.002 -21"><span class='ocrx_word' id='word_1_118' title='bbox 152 1803 231 1858; x_wconf 88' lang='lat' dir='ltr'>tam:</span> <span class='ocrx_word' id='word_1_119' title='bbox 255 1794 322 1877; x_wconf 91' lang='lat' dir='ltr'>qui</span> <span class='ocrx_word' id='word_1_120' title='bbox 345 1794 685 1878; x_wconf 85' lang='lat' dir='ltr'>ingreditursina</span> <span class='ocrx_word' id='word_1_121' title='bbox 709 1794 1297 1874; x_wconf 79' lang='lat' dir='ltr'>maculastiustitiamcpera-</span> 
     </span>
     <span class='ocr_line' id='line_1_16' title="bbox 151 1897 1297 1982; baseline 0.003 -22"><span class='ocrx_word' id='word_1_122' title='bbox 151 1904 220 1961; x_wconf 91' lang='lat' dir='ltr'>tur.</span> <span class='ocrx_word' id='word_1_123' title='bbox 244 1897 339 1981; x_wconf 87' lang='lat' dir='ltr'>igitur</span> <span class='ocrx_word' id='word_1_124' title='bbox 360 1898 526 1980; x_wconf 87' lang='lat' dir='ltr'>inpollutus</span> <span class='ocrx_word' id='word_1_125' title='bbox 550 1899 731 1982; x_wconf 85' lang='lat' dir='ltr'>ingrediens</span> <span class='ocrx_word' id='word_1_126' title='bbox 755 1907 784 1963; x_wconf 91' lang='grc' dir='ltr'>θῖ</span> <span class='ocrx_word' id='word_1_127' title='bbox 807 1907 894 1964; x_wconf 86' lang='lat' dir='ltr'>extra</span> <span class='ocrx_word' id='word_1_128' title='bbox 909 1920 1039 1975; x_wconf 52' lang='lat' dir='ltr'>,omnem</span> <span class='ocrx_word' id='word_1_129' title='bbox 1056 1898 1176 1980; x_wconf 87' lang='lat' dir='ltr'>peccati</span> <span class='ocrx_word' id='word_1_130' title='bbox 1192 1897 1297 1963; x_wconf 90' lang='lat' dir='ltr'>labem</span> 
     </span>
     <span class='ocr_line' id='line_1_17' title="bbox 149 2001 1297 2084; baseline 0.001 -19"><span class='ocrx_word' id='word_1_131' title='bbox 149 2002 257 2066; x_wconf 88' lang='lat' dir='ltr'>uiuens</span> <span class='ocrx_word' id='word_1_132' title='bbox 303 2001 354 2067; x_wconf 91' lang='lat' dir='ltr'>hic</span> <span class='ocrx_word' id='word_1_133' title='bbox 388 2023 456 2068; x_wconf 89' lang='lat' dir='ltr'>csse</span> <span class='ocrx_word' id='word_1_134' title='bbox 491 2022 658 2084; x_wconf 84' lang='lat' dir='ltr'>responsus</span> <span class='ocrx_word' id='word_1_135' title='bbox 692 2011 748 2081; x_wconf 77' lang='lat' dir='ltr'>est,</span> <span class='ocrx_word' id='word_1_136' title='bbox 783 2004 832 2068; x_wconf 91' lang='lat' dir='ltr'>cui</span> <span class='ocrx_word' id='word_1_137' title='bbox 863 2011 932 2083; x_wconf 86' lang='lat' dir='ltr'>past</span> <span class='ocrx_word' id='word_1_138' title='bbox 962 2003 1107 2084; x_wconf 81' lang='lat' dir='ltr'>baptismi</span> <span class='ocrx_word' id='word_1_139' title='bbox 1137 2001 1297 2067; x_wconf 87' lang='lat' dir='ltr'>lauacrum</span> 
     </span>
     <span class='ocr_line' id='line_1_18' title="bbox 151 2103 1300 2191; baseline 0.003 -23"><span class='ocrx_word' id='word_1_140' title='bbox 151 2103 243 2170; x_wconf 83' lang='lat' dir='ltr'>nullae</span> <span class='ocrx_word' id='word_1_141' title='bbox 266 2104 455 2172; x_wconf 82' lang='lat' dir='ltr'>adhaeserint</span> <span class='ocrx_word' id='word_1_142' title='bbox 477 2109 594 2185; x_wconf 84' lang='lat' dir='ltr'>sordes,</span> <span class='ocrx_word' id='word_1_143' title='bbox 618 2109 674 2172; x_wconf 89' lang='lat' dir='ltr'>sed</span> <span class='ocrx_word' id='word_1_144' title='bbox 695 2107 737 2171; x_wconf 89' lang='lat' dir='ltr'>sit</span> <span class='ocrx_word' id='word_1_145' title='bbox 760 2107 965 2173; x_wconf 79' lang='lat' dir='ltr'>inmaculatus</span> <span class='ocrx_word' id='word_1_146' title='bbox 992 2114 1023 2173; x_wconf 93' lang='lat' dir='ltr'>et</span> <span class='ocrx_word' id='word_1_147' title='bbox 1046 2107 1171 2183; x_wconf 88' lang='lat' dir='ltr'>nitidus,</span> <span class='ocrx_word' id='word_1_148' title='bbox 1195 2107 1300 2191; x_wconf 87' lang='lat' dir='ltr'>sitque</span> 
     </span>
     <span class='ocr_line' id='line_1_19' title="bbox 150 2209 1300 2291; baseline 0.002 -17"><span class='ocrx_word' id='word_1_149' title='bbox 150 2209 176 2274; x_wconf 90' lang='lat' dir='ltr'>ei</span> <span class='ocrx_word' id='word_1_150' title='bbox 212 2230 273 2274; x_wconf 87' lang='lat' dir='ltr'>nou</span> <span class='ocrx_word' id='word_1_151' title='bbox 308 2229 420 2290; x_wconf 88' lang='lat' dir='ltr'>corpus</span> <span class='ocrx_word' id='word_1_152' title='bbox 457 2211 572 2291; x_wconf 89' lang='lat' dir='ltr'>stupris</span> <span class='ocrx_word' id='word_1_153' title='bbox 610 2211 860 2285; x_wconf 82' lang='lat' dir='ltr'>contaminatum,</span> <span class='ocrx_word' id='word_1_154' title='bbox 898 2231 958 2275; x_wconf 87' lang='lat' dir='ltr'>narr</span> <span class='ocrx_word' id='word_1_155' title='bbox 996 2210 1072 2275; x_wconf 87' lang='lat' dir='ltr'>oculi</span> <span class='ocrx_word' id='word_1_156' title='bbox 1111 2210 1300 2290; x_wconf 74' lang='lat' dir='ltr'>spectaculis</span> 
     </span>
     <span class='ocr_line' id='line_1_20' title="bbox 151 2312 1299 2393; baseline 0.002 -16"><span class='ocrx_word' id='word_1_157' title='bbox 151 2312 356 2380; x_wconf 78' lang='lat' dir='ltr'>theatralibus</span> <span class='ocrx_word' id='word_1_158' title='bbox 387 2315 513 2392; x_wconf 87' lang='lat' dir='ltr'>sordidi,</span> <span class='ocrx_word' id='word_1_159' title='bbox 543 2334 604 2379; x_wconf 89' lang='lat' dir='ltr'>neu</span> <span class='ocrx_word' id='word_1_160' title='bbox 635 2334 723 2380; x_wconf 89' lang='lat' dir='ltr'>mens</span> <span class='ocrx_word' id='word_1_161' title='bbox 753 2315 823 2379; x_wconf 90' lang='lat' dir='ltr'>uiuo</span> <span class='ocrx_word' id='word_1_162' title='bbox 855 2315 948 2390; x_wconf 87' lang='lat' dir='ltr'>ebria,</span> <span class='ocrx_word' id='word_1_163' title='bbox 979 2335 1039 2378; x_wconf 88' lang='lat' dir='ltr'>uon</span> <span class='ocrx_word' id='word_1_164' title='bbox 1071 2315 1207 2393; x_wconf 71' lang='lat' dir='ltr'>pecuniae</span> <span class='ocrx_word' id='word_1_165' title='bbox 1231 2315 1299 2379; x_wconf 88' lang='lat' dir='ltr'>uita</span> 
     </span>
     <span class='ocr_line' id='line_1_21' title="bbox 151 2416 1302 2502; baseline 0.003 -21"><span class='ocrx_word' id='word_1_166' title='bbox 151 2416 269 2482; x_wconf 89' lang='lat' dir='ltr'>ancilla.</span> <span class='ocrx_word' id='word_1_167' title='bbox 316 2437 464 2501; x_wconf 83' lang='lat' dir='ltr'>maguum</span> <span class='ocrx_word' id='word_1_168' title='bbox 499 2424 548 2483; x_wconf 89' lang='lat' dir='ltr'>est</span> <span class='ocrx_word' id='word_1_169' title='bbox 580 2418 677 2502; x_wconf 86' lang='lat' dir='ltr'>igitur</span> <span class='ocrx_word' id='word_1_170' title='bbox 712 2417 762 2482; x_wconf 88' lang='lat' dir='ltr'>his</span> <span class='ocrx_word' id='word_1_171' title='bbox 796 2418 967 2496; x_wconf 89' lang='lat' dir='ltr'>abstinere;</span> <span class='ocrx_word' id='word_1_172' title='bbox 1001 2420 1057 2483; x_wconf 87' lang='lat' dir='ltr'>sed</span> <span class='ocrx_word' id='word_1_173' title='bbox 1092 2438 1151 2481; x_wconf 86' lang='lat' dir='ltr'>neu</span> <span class='ocrx_word' id='word_1_174' title='bbox 1183 2417 1215 2481; x_wconf 91' lang='lat' dir='ltr'>in</span> <span class='ocrx_word' id='word_1_175' title='bbox 1247 2417 1302 2484; x_wconf 83' lang='lat' dir='ltr'>uis</span> 
     </span>
     <span class='ocr_line' id='line_1_22' title="bbox 150 2522 1300 2606; baseline 0.002 -21"><span class='ocrx_word' id='word_1_176' title='bbox 150 2522 256 2586; x_wconf 86' lang='lat' dir='ltr'>statim</span> <span class='ocrx_word' id='word_1_177' title='bbox 279 2522 413 2587; x_wconf 82' lang='lat' dir='ltr'>confecti</span> <span class='ocrx_word' id='word_1_178' title='bbox 435 2522 554 2587; x_wconf 84' lang='lat' dir='ltr'>itineris</span> <span class='ocrx_word' id='word_1_179' title='bbox 577 2530 625 2587; x_wconf 90' lang='lat' dir='ltr'>est</span> <span class='ocrx_word' id='word_1_180' title='bbox 647 2522 786 2606; x_wconf 87' lang='lat' dir='ltr'>requies:</span> <span class='ocrx_word' id='word_1_181' title='bbox 810 2530 911 2605; x_wconf 85' lang='lat' dir='ltr'>coepta</span> <span class='ocrx_word' id='word_1_182' title='bbox 934 2524 1017 2587; x_wconf 89' lang='lat' dir='ltr'>enim</span> <span class='ocrx_word' id='word_1_183' title='bbox 1041 2523 1071 2587; x_wconf 90' lang='lat' dir='ltr'>iu</span> <span class='ocrx_word' id='word_1_184' title='bbox 1095 2522 1144 2586; x_wconf 90' lang='lat' dir='ltr'>his</span> <span class='ocrx_word' id='word_1_185' title='bbox 1168 2522 1220 2586; x_wconf 89' lang='lat' dir='ltr'>uia</span> <span class='ocrx_word' id='word_1_186' title='bbox 1240 2533 1300 2603; x_wconf 88' lang='lat' dir='ltr'>est,</span> 
     </span>
     <span class='ocr_line' id='line_1_23' title="bbox 150 2626 1300 2709; baseline 0.002 -21"><span class='ocrx_word' id='word_1_187' title='bbox 150 2646 210 2690; x_wconf 88' lang='lat' dir='ltr'>nou</span> <span class='ocrx_word' id='word_1_188' title='bbox 233 2632 367 2706; x_wconf 89' lang='lat' dir='ltr'>peracta.</span> <span class='ocrx_word' id='word_1_189' title='bbox 392 2646 465 2690; x_wconf 90' lang='lat' dir='ltr'>nam</span> <span class='ocrx_word' id='word_1_190' title='bbox 488 2626 640 2709; x_wconf 86' lang='lat' dir='ltr'>sequitur:</span> <span class='ocrx_word' id='word_1_191' title='bbox 665 2635 702 2691; x_wconf 93' lang='grc' dir='ltr'>θῖ</span> <span class='ocrx_word' id='word_1_192' title='bbox 724 2632 917 2706; x_wconf 87' lang='lat' dir='ltr'>operatur</span> <span class='ocrx_word' id='word_1_193' title='bbox 939 2626 1155 2690; x_wconf 82' lang='lat' dir='ltr'>iustitiam.</span> <span class='ocrx_word' id='word_1_194' title='bbox 1179 2627 1300 2691; x_wconf 89' lang='lat' dir='ltr'>bonum</span> 
     </span>
     <span class='ocr_line' id='line_1_24' title="bbox 130 2729 1300 2814; baseline 0.003 -22"><span class='ocrx_word' id='word_1_195' title='bbox 130 2749 211 2794; x_wconf 83' lang='lat' dir='ltr'>rien</span> <span class='ocrx_word' id='word_1_196' title='bbox 234 2736 297 2794; x_wconf 90' lang='lat' dir='ltr'>tam</span> <span class='ocrx_word' id='word_1_197' title='bbox 321 2731 520 2813; x_wconf 85' lang='lat' dir='ltr'>cogitandum</span> <span class='ocrx_word' id='word_1_198' title='bbox 543 2738 598 2809; x_wconf 86' lang='lat' dir='ltr'>est,</span> <span class='ocrx_word' id='word_1_199' title='bbox 630 2750 724 2814; x_wconf 89' lang='lat' dir='ltr'>quam</span> <span class='ocrx_word' id='word_1_200' title='bbox 748 2731 996 2813; x_wconf 83' lang='lat' dir='ltr'>exsequendunr;</span> <span class='ocrx_word' id='word_1_201' title='bbox 1028 2738 1058 2794; x_wconf 90' lang='lat' dir='ltr'>et</span> <span class='ocrx_word' id='word_1_202' title='bbox 1087 2729 1300 2795; x_wconf 84' lang='lat' dir='ltr'>beniuolentia</span> 
     </span>
     <span class='ocr_line' id='line_1_25' title="bbox 150 2833 1301 2915; baseline 0.003 -19"><span class='ocrx_word' id='word_1_203' title='bbox 150 2853 211 2898; x_wconf 88' lang='lat' dir='ltr'>nen</span> <span class='ocrx_word' id='word_1_204' title='bbox 235 2835 367 2899; x_wconf 89' lang='lat' dir='ltr'>ineunda</span> <span class='ocrx_word' id='word_1_205' title='bbox 391 2840 444 2912; x_wconf 87' lang='lat' dir='ltr'>est,</span> <span class='ocrx_word' id='word_1_206' title='bbox 478 2835 533 2899; x_wconf 90' lang='lat' dir='ltr'>sed</span> <span class='ocrx_word' id='word_1_207' title='bbox 557 2834 718 2915; x_wconf 84' lang='lat' dir='ltr'>explenda.</span> <span class='ocrx_word' id='word_1_208' title='bbox 765 2835 915 2900; x_wconf 88' lang='lat' dir='ltr'>iustitium</span> <span class='ocrx_word' id='word_1_209' title='bbox 938 2835 1022 2898; x_wconf 89' lang='lat' dir='ltr'>enim</span> <span class='ocrx_word' id='word_1_210' title='bbox 1053 2833 1131 2898; x_wconf 89' lang='lat' dir='ltr'>uelle</span> <span class='ocrx_word' id='word_1_211' title='bbox 1160 2833 1214 2898; x_wconf 90' lang='lat' dir='ltr'>hic</span> <span class='ocrx_word' id='word_1_212' title='bbox 1238 2837 1301 2899; x_wconf 85' lang='lat' dir='ltr'>erit</span> 
     </span>
     <span class='ocr_line' id='line_1_26' title="bbox 97 2936 1297 3022; baseline 0.003 -21"><span class='ocrx_word' id='word_1_213' title='bbox 97 2968 102 2982; x_wconf 53' lang='grc' dir='ltr'>ι</span> <span class='ocrx_word' id='word_1_214' title='bbox 152 2936 276 3015; x_wconf 82' lang='lat' dir='ltr'>fructus,</span> <span class='ocrx_word' id='word_1_215' title='bbox 302 2944 336 3002; x_wconf 89' lang='lat' dir='ltr'>ut</span> <span class='ocrx_word' id='word_1_216' title='bbox 359 2937 420 3002; x_wconf 88' lang='lat' dir='ltr'>fiat.</span> <span class='ocrx_word' id='word_1_217' title='bbox 466 2939 643 3022; x_wconf 89' lang='lat' dir='ltr'>etquidem</span> <span class='ocrx_word' id='word_1_218' title='bbox 667 2940 698 3003; x_wconf 92' lang='lat' dir='ltr'>in</span> <span class='ocrx_word' id='word_1_219' title='bbox 723 2938 772 3003; x_wconf 88' lang='lat' dir='ltr'>his</span> <span class='ocrx_word' id='word_1_220' title='bbox 796 2939 877 3004; x_wconf 90' lang='lat' dir='ltr'>utilis</span> <span class='ocrx_word' id='word_1_221' title='bbox 908 2945 957 3004; x_wconf 89' lang='lat' dir='ltr'>est</span> <span class='ocrx_word' id='word_1_222' title='bbox 979 2939 1018 3003; x_wconf 88' lang='lat' dir='ltr'>ad</span> <span class='ocrx_word' id='word_1_223' title='bbox 1041 2938 1201 3002; x_wconf 87' lang='lat' dir='ltr'>domiuum</span> <span class='ocrx_word' id='word_1_224' title='bbox 1227 2959 1297 3004; x_wconf 89' lang='lat' dir='ltr'>cur-</span> 
     </span>
     <span class='ocr_line' id='line_1_27' title="bbox 151 3040 706 3126; baseline 0 -20"><span class='ocrx_word' id='word_1_225' title='bbox 151 3062 219 3115; x_wconf 90' lang='lat' dir='ltr'>sus;</span> <span class='ocrx_word' id='word_1_226' title='bbox 243 3061 351 3105; x_wconf 87' lang='lat' dir='ltr'>uerum</span> <span class='ocrx_word' id='word_1_227' title='bbox 373 3040 462 3123; x_wconf 88' lang='lat' dir='ltr'>plura</span> <span class='ocrx_word' id='word_1_228' title='bbox 484 3049 557 3108; x_wconf 88' lang='lat' dir='ltr'>sunt</span> <span class='ocrx_word' id='word_1_229' title='bbox 579 3042 706 3126; x_wconf 88' lang='lat' dir='ltr'>reliqua.</span> 
     </span>
     <span class='ocr_line' id='line_1_28' title="bbox 192 3143 1296 3230; baseline 0.004 -22"><span class='ocrx_word' id='word_1_230' title='bbox 192 3146 220 3209; x_wconf 79' lang='grc'>7.</span> <span class='ocrx_word' id='word_1_231' title='bbox 245 3143 354 3209; x_wconf 84' lang='lat' dir='ltr'>Restat</span> <span class='ocrx_word' id='word_1_232' title='bbox 377 3146 477 3209; x_wconf 88' lang='lat' dir='ltr'>enim:</span> <span class='ocrx_word' id='word_1_233' title='bbox 502 3146 568 3228; x_wconf 92' lang='lat' dir='ltr'>qui</span> <span class='ocrx_word' id='word_1_234' title='bbox 591 3146 828 3230; x_wconf 85' lang='lat' dir='ltr'>ingreditur</span> <span class='ocrx_word' id='word_1_235' title='bbox 855 3146 943 3210; x_wconf 89' lang='lat' dir='ltr'>sine</span> <span class='ocrx_word' id='word_1_236' title='bbox 967 3145 1125 3210; x_wconf 87' lang='lat' dir='ltr'>macula</span> <span class='ocrx_word' id='word_1_237' title='bbox 1149 3156 1187 3210; x_wconf 90' lang='grc' dir='ltr'>θῖ</span> <span class='ocrx_word' id='word_1_238' title='bbox 1210 3168 1296 3227; x_wconf 89' lang='lat' dir='ltr'>ope-</span> 
     </span>
     <span class='ocr_line' id='line_1_29' title="bbox 149 3249 1294 3333; baseline 0.003 -21"><span class='ocrx_word' id='word_1_239' title='bbox 149 3256 263 3312; x_wconf 89' lang='lat' dir='ltr'>ratur</span> <span class='ocrx_word' id='word_1_240' title='bbox 286 3249 500 3313; x_wconf 86' lang='lat' dir='ltr'>iustitiam.</span> <span class='ocrx_word' id='word_1_241' title='bbox 546 3249 613 3330; x_wconf 90' lang='lat' dir='ltr'>qui</span> <span class='ocrx_word' id='word_1_242' title='bbox 636 3249 819 3333; x_wconf 90' lang='lat' dir='ltr'>loquitur</span> <span class='ocrx_word' id='word_1_243' title='bbox 849 3250 1068 3314; x_wconf 87' lang='lat' dir='ltr'>ueritatem</span> <span class='ocrx_word' id='word_1_244' title='bbox 1101 3250 1139 3312; x_wconf 90' lang='lat' dir='ltr'>in</span> <span class='ocrx_word' id='word_1_245' title='bbox 1171 3251 1294 3315; x_wconf 82' lang='lat' dir='ltr'>carde</span> 
     </span>
    </p>
   </div>
   <div class='ocr_carea' id='block_1_3' title="bbox 147 3405 1334 3908">
    <p class='ocr_par' dir='ltr' id='par_1_3' title="bbox 147 3405 1334 3908">
     <span class='ocr_line' id='line_1_30' title="bbox 193 3405 1292 3480; baseline -0.001 -21"><span class='ocrx_word' id='word_1_246' title='bbox 193 3409 255 3459; x_wconf 83' lang='lat' dir='ltr'>let</span> <span class='ocrx_word' id='word_1_247' title='bbox 271 3405 302 3460; x_wconf 92' lang='lat' dir='ltr'>in</span> <span class='ocrx_word' id='word_1_248' title='bbox 321 3405 393 3472; x_wconf 85' lang='lat' dir='ltr'>qued</span> <span class='ocrx_word' id='word_1_249' title='bbox 420 3406 487 3460; x_wconf 89' lang='lat' dir='ltr'>Vet</span> <span class='ocrx_word' id='word_1_250' title='bbox 505 3407 534 3460; x_wconf 92' lang='lat' dir='ltr'>in</span> <span class='ocrx_word' id='word_1_251' title='bbox 553 3424 607 3474; x_wconf 89' lang='lat' dir='ltr'>quo</span> <span class='ocrx_word' id='word_1_252' title='bbox 626 3435 659 3444; x_wconf 85' lang='lat'>—</span> <span class='ocrx_word' id='word_1_253' title='bbox 678 3413 720 3461; x_wconf 90' lang='lat' dir='ltr'>est</span> <span class='ocrx_word' id='word_1_254' title='bbox 738 3412 767 3460; x_wconf 90' lang='lat' dir='ltr'>et</span> <span class='ocrx_word' id='word_1_255' title='bbox 785 3426 833 3460; x_wconf 84' lang='lat' dir='ltr'>orn.</span> <span class='ocrx_word' id='word_1_256' title='bbox 855 3408 879 3460; x_wconf 77' lang='lat' dir='ltr'><em>R</em></span> <span class='ocrx_word' id='word_1_257' title='bbox 917 3410 948 3480; x_wconf 11' lang='grc'>,3</span> <span class='ocrx_word' id='word_1_258' title='bbox 973 3407 1155 3461; x_wconf 81' lang='lat' dir='ltr'>intermestri</span> <span class='ocrx_word' id='word_1_259' title='bbox 1175 3409 1292 3461; x_wconf 80' lang='lat' dir='ltr'>ereruci</span> 
     </span>
     <span class='ocr_line' id='line_1_31' title="bbox 147 3492 1293 3560; baseline 0.001 -15"><span class='ocrx_word' id='word_1_260' title='bbox 147 3492 376 3546; x_wconf 78' lang='lat' dir='ltr'>amaoreras.V</span> <span class='ocrx_word' id='word_1_261' title='bbox 424 3493 623 3560; x_wconf 78' lang='lat' dir='ltr'>‹lcorporaeV</span> <span class='ocrx_word' id='word_1_262' title='bbox 673 3494 815 3547; x_wconf 72' lang='lat' dir='ltr'>ccclesiae</span> <span class='ocrx_word' id='word_1_263' title='bbox 831 3493 1051 3547; x_wconf 84' lang='lat' dir='ltr'>VsccleesiaeR</span> <span class='ocrx_word' id='word_1_264' title='bbox 1104 3493 1133 3546; x_wconf 88' lang='lat' dir='ltr'>in</span> <span class='ocrx_word' id='word_1_265' title='bbox 1144 3493 1293 3547; x_wconf 88' lang='lat' dir='ltr'>domini·-</span> 
     </span>
     <span class='ocr_line' id='line_1_32' title="bbox 147 3579 1294 3649; baseline 0.001 -16"><span class='ocrx_word' id='word_1_266' title='bbox 147 3580 177 3633; x_wconf 88' lang='lat' dir='ltr'>in</span> <span class='ocrx_word' id='word_1_267' title='bbox 199 3580 249 3633; x_wconf 91' lang='lat' dir='ltr'>ille</span> <span class='ocrx_word' id='word_1_268' title='bbox 273 3597 322 3632; x_wconf 86' lang='lat' dir='ltr'>om.</span> <span class='ocrx_word' id='word_1_269' title='bbox 353 3579 379 3630; x_wconf 99' lang='lat' dir='ltr'><em>V</em></span> <span class='ocrx_word' id='word_1_270' title='bbox 437 3583 460 3633; x_wconf 84' lang='grc'>6.</span> <span class='ocrx_word' id='word_1_271' title='bbox 485 3579 634 3634; x_wconf 84' lang='lat' dir='ltr'>otiabimur</span> <span class='ocrx_word' id='word_1_272' title='bbox 665 3580 690 3633; x_wconf 94' lang='lat' dir='ltr'><em>V</em></span> <span class='ocrx_word' id='word_1_273' title='bbox 747 3585 763 3634; x_wconf 84' lang='lat'><strong>7</strong></span> <span class='ocrx_word' id='word_1_274' title='bbox 789 3582 826 3633; x_wconf 87' lang='lat' dir='ltr'>sit</span> <span class='ocrx_word' id='word_1_275' title='bbox 850 3581 874 3632; x_wconf 92' lang='lat' dir='ltr'><em>V</em></span> <span class='ocrx_word' id='word_1_276' title='bbox 925 3596 960 3633; x_wconf 82' lang='lat' dir='ltr'>ex</span> <span class='ocrx_word' id='word_1_277' title='bbox 983 3580 1126 3649; x_wconf 87' lang='lat' dir='ltr'>impietate</span> <span class='ocrx_word' id='word_1_278' title='bbox 1150 3581 1177 3633; x_wconf 80' lang='lat' dir='ltr'><em>R</em></span> <span class='ocrx_word' id='word_1_279' title='bbox 1200 3599 1237 3633; x_wconf 85' lang='lat' dir='ltr'>aa</span> <span class='ocrx_word' id='word_1_280' title='bbox 1260 3597 1294 3635; x_wconf 84' lang='lat' dir='ltr'>ex</span> 
     </span>
     <span class='ocr_line' id='line_1_33' title="bbox 148 3664 1295 3722; baseline 0.003 -5"><span class='ocrx_word' id='word_1_281' title='bbox 148 3664 330 3719; x_wconf 83' lang='lat' dir='ltr'>infirmitate?</span> <span class='ocrx_word' id='word_1_282' title='bbox 399 3669 417 3721; x_wconf 84' lang='lat'>8</span> <span class='ocrx_word' id='word_1_283' title='bbox 443 3666 536 3719; x_wconf 87' lang='lat' dir='ltr'>nullus</span> <span class='ocrx_word' id='word_1_284' title='bbox 564 3685 612 3720; x_wconf 88' lang='lat' dir='ltr'>om.</span> <span class='ocrx_word' id='word_1_285' title='bbox 633 3665 657 3715; x_wconf 79' lang='lat' dir='ltr'><em>R</em></span> <span class='ocrx_word' id='word_1_286' title='bbox 721 3671 751 3721; x_wconf 87' lang='lat'>11</span> <span class='ocrx_word' id='word_1_287' title='bbox 780 3666 918 3720; x_wconf 86' lang='lat' dir='ltr'>habitabit</span> <span class='ocrx_word' id='word_1_288' title='bbox 945 3685 975 3720; x_wconf 76' lang='lat' dir='ltr'>es·</span> <span class='ocrx_word' id='word_1_289' title='bbox 1001 3666 1139 3721; x_wconf 85' lang='lat' dir='ltr'>habitauit</span> <span class='ocrx_word' id='word_1_290' title='bbox 1166 3668 1192 3720; x_wconf 84' lang='lat' dir='ltr'><em>R</em></span> <span class='ocrx_word' id='word_1_291' title='bbox 1218 3667 1295 3722; x_wconf 82' lang='lat' dir='ltr'>hurbi-</span> 
     </span>
     <span class='ocr_line' id='line_1_34' title="bbox 147 3753 1334 3824; baseline 0.002 -18"><span class='ocrx_word' id='word_1_292' title='bbox 147 3753 219 3807; x_wconf 84' lang='lat' dir='ltr'>tauit</span> <span class='ocrx_word' id='word_1_293' title='bbox 236 3753 262 3806; x_wconf 89' lang='lat' dir='ltr'><strong><em>V</em></strong></span> <span class='ocrx_word' id='word_1_294' title='bbox 276 3754 310 3821; x_wconf 81' lang='lat' dir='ltr'>cs.</span> <span class='ocrx_word' id='word_1_295' title='bbox 328 3771 409 3823; x_wconf 83' lang='lat' dir='ltr'>supra</span> <span class='ocrx_word' id='word_1_296' title='bbox 428 3754 514 3824; x_wconf 72' lang='lat' dir='ltr'>cup!</span> <span class='ocrx_word' id='word_1_297' title='bbox 569 3757 602 3808; x_wconf 77' lang='lat'>12</span> <span class='ocrx_word' id='word_1_298' title='bbox 620 3755 649 3806; x_wconf 88' lang='lat' dir='ltr'>in</span> <span class='ocrx_word' id='word_1_299' title='bbox 668 3754 846 3808; x_wconf 88' lang='lat' dir='ltr'>tabernaculo</span> <span class='ocrx_word' id='word_1_300' title='bbox 864 3773 895 3806; x_wconf 82' lang='lat' dir='ltr'>ex</span> <span class='ocrx_word' id='word_1_301' title='bbox 912 3755 941 3807; x_wconf 92' lang='lat' dir='ltr'>in</span> <span class='ocrx_word' id='word_1_302' title='bbox 960 3754 1171 3816; x_wconf 84' lang='lat' dir='ltr'>tabernaculum</span> <span class='ocrx_word' id='word_1_303' title='bbox 1190 3755 1254 3807; x_wconf 84' lang='lat' dir='ltr'>m.1</span> <span class='ocrx_word' id='word_1_304' title='bbox 1274 3756 1298 3808; x_wconf 86' lang='lat' dir='ltr'><em>V</em></span> <span class='ocrx_word' id='word_1_305' title='bbox 1333 3773 1334 3776; x_wconf 44' lang='lat'>¹</span> 
     </span>
     <span class='ocr_line' id='line_1_35' title="bbox 148 3839 1296 3908; baseline 0.002 -17"><span class='ocrx_word' id='word_1_306' title='bbox 148 3843 195 3892; x_wconf 84' lang='lat' dir='ltr'>aut.</span> <span class='ocrx_word' id='word_1_307' title='bbox 224 3840 287 3907; x_wconf 84' lang='lat' dir='ltr'>quis</span> <span class='ocrx_word' id='word_1_308' title='bbox 316 3839 473 3907; x_wconf 86' lang='lat' dir='ltr'>requiescet</span> <span class='ocrx_word' id='word_1_309' title='bbox 497 3867 529 3877; x_wconf 91' lang='lat'>-</span> <span class='ocrx_word' id='word_1_310' title='bbox 554 3846 604 3894; x_wconf 88' lang='lat' dir='ltr'>tue</span> <span class='ocrx_word' id='word_1_311' title='bbox 629 3858 677 3893; x_wconf 86' lang='lat' dir='ltr'>om.</span> <span class='ocrx_word' id='word_1_312' title='bbox 702 3841 742 3894; x_wconf 77' lang='lat' dir='ltr'>Rc</span> <span class='ocrx_word' id='word_1_313' title='bbox 815 3843 847 3894; x_wconf 79' lang='lat'>14</span> <span class='ocrx_word' id='word_1_314' title='bbox 877 3846 905 3894; x_wconf 90' lang='lat' dir='ltr'>et</span> <span class='ocrx_word' id='word_1_315' title='bbox 935 3846 1067 3908; x_wconf 88' lang='lat' dir='ltr'>operatur</span> <span class='ocrx_word' id='word_1_316' title='bbox 1091 3840 1227 3894; x_wconf 82' lang='lat' dir='ltr'>iustitiam</span> <span class='ocrx_word' id='word_1_317' title='bbox 1255 3841 1296 3895; x_wconf 80' lang='lat' dir='ltr'>Rb</span> 
     </span>
    </p>
   </div>
   <div class='ocr_carea' id='block_1_4' title="bbox 149 3918 1298 4013">
    <p class='ocr_par' dir='ltr' id='par_1_4' title="bbox 149 3918 1298 4013">
     <span class='ocr_line' id='line_1_36' title="bbox 149 3918 1298 4013; baseline 0.003 -17"><span class='ocrx_word' id='word_1_318' title='bbox 149 3945 182 3998; x_wconf 77' lang='lat'>16</span> <span class='ocrx_word' id='word_1_319' title='bbox 205 3918 382 4012; x_wconf 63' lang='lat' dir='ltr'>responsusus</span> <span class='ocrx_word' id='word_1_320' title='bbox 403 3950 445 3997; x_wconf 89' lang='lat' dir='ltr'>est</span> <span class='ocrx_word' id='word_1_321' title='bbox 464 3944 489 3996; x_wconf 85' lang='lat' dir='ltr'><em>R</em></span> <span class='ocrx_word' id='word_1_322' title='bbox 562 3947 594 3999; x_wconf 86' lang='grc'>18</span> <span class='ocrx_word' id='word_1_323' title='bbox 617 3955 676 4013; x_wconf 79' lang='lat' dir='ltr'>post</span> <span class='ocrx_word' id='word_1_324' title='bbox 703 3944 777 3998; x_wconf 90' lang='lat' dir='ltr'>oculi</span> <span class='ocrx_word' id='word_1_325' title='bbox 798 3944 813 3995; x_wconf 87' lang='lat' dir='ltr'><em>I</em></span> <span class='ocrx_word' id='word_1_326' title='bbox 838 3946 884 3997; x_wconf 80' lang='lat' dir='ltr'>lia.</span> <span class='ocrx_word' id='word_1_327' title='bbox 910 3961 976 3997; x_wconf 81' lang='lat' dir='ltr'>aras.</span> <span class='ocrx_word' id='word_1_328' title='bbox 995 3944 1021 3996; x_wconf 78' lang='lat' dir='ltr'><em>R</em></span> <span class='ocrx_word' id='word_1_329' title='bbox 1094 3945 1125 3996; x_wconf 88' lang='lat'>19</span> <span class='ocrx_word' id='word_1_330' title='bbox 1152 3960 1210 3997; x_wconf 89' lang='lat' dir='ltr'>neu</span> <span class='ocrx_word' id='word_1_331' title='bbox 1238 3945 1298 3999; x_wconf 84' lang='lat' dir='ltr'>uite</span> 
     </span>
    </p>
   </div>
   <div class='ocr_carea' id='block_1_5' title="bbox 147 4028 1298 4138">
    <p class='ocr_par' dir='ltr' id='par_1_5' title="bbox 147 4028 1298 4138">
     <span class='ocr_line' id='line_1_37' title="bbox 147 4028 1298 4138; baseline 0.003 -55"><span class='ocrx_word' id='word_1_332' title='bbox 147 4029 282 4138; x_wconf 49' lang='lat' dir='ltr'>dscugrias</span> <span class='ocrx_word' id='word_1_333' title='bbox 305 4028 406 4084; x_wconf 85' lang='lat' dir='ltr'>ancille</span> <span class='ocrx_word' id='word_1_334' title='bbox 435 4031 460 4084; x_wconf 92' lang='lat' dir='ltr'><em>V</em></span> <span class='ocrx_word' id='word_1_335' title='bbox 526 4034 561 4086; x_wconf 78' lang='lat'>20</span> <span class='ocrx_word' id='word_1_336' title='bbox 588 4031 675 4100; x_wconf 82' lang='lat' dir='ltr'>igitur</span> <span class='ocrx_word' id='word_1_337' title='bbox 699 4035 741 4084; x_wconf 87' lang='lat' dir='ltr'>est</span> <span class='ocrx_word' id='word_1_338' title='bbox 764 4030 794 4083; x_wconf 94' lang='lat' dir='ltr'>hi</span> <span class='ocrx_word' id='word_1_339' title='bbox 806 4049 865 4083; x_wconf 67' lang='lat' dir='ltr'>÷2s</span> <span class='ocrx_word' id='word_1_340' title='bbox 891 4028 928 4096; x_wconf 81' lang='lat' dir='ltr'>(ia</span> <span class='ocrx_word' id='word_1_341' title='bbox 952 4049 1004 4084; x_wconf 83' lang='lat' dir='ltr'>ras.</span> <span class='ocrx_word' id='word_1_342' title='bbox 1026 4030 1080 4097; x_wconf 79' lang='lat' dir='ltr'>sui!</span> <span class='ocrx_word' id='word_1_343' title='bbox 1103 4036 1129 4090; x_wconf 82' lang='lat' dir='ltr'>c)</span> <span class='ocrx_word' id='word_1_344' title='bbox 1160 4028 1186 4082; x_wconf 90' lang='lat' dir='ltr'><em>V</em></span> <span class='ocrx_word' id='word_1_345' title='bbox 1249 4033 1298 4086; x_wconf 86' lang='lat' dir='ltr'>sed</span> 
     </span>
    </p>
   </div>
   <div class='ocr_carea' id='block_1_6' title="bbox 147 4150 1299 4293">
    <p class='ocr_par' dir='ltr' id='par_1_6' title="bbox 147 4150 1299 4293">
     <span class='ocr_line' id='line_1_38' title="bbox 147 4150 1299 4223; baseline 0.003 -19"><span class='ocrx_word' id='word_1_346' title='bbox 147 4167 203 4205; x_wconf 89' lang='lat' dir='ltr'>uon</span> <span class='ocrx_word' id='word_1_347' title='bbox 230 4152 296 4208; x_wconf 89' lang='lat' dir='ltr'>isV</span> <span class='ocrx_word' id='word_1_348' title='bbox 345 4154 379 4206; x_wconf 83' lang='lat'>25</span> <span class='ocrx_word' id='word_1_349' title='bbox 392 4152 434 4206; x_wconf 88' lang='lat' dir='ltr'>his</span> <span class='ocrx_word' id='word_1_350' title='bbox 446 4171 502 4223; x_wconf 82' lang='lat' dir='ltr'>sup.</span> <span class='ocrx_word' id='word_1_351' title='bbox 516 4155 560 4205; x_wconf 81' lang='lat' dir='ltr'>lia.</span> <span class='ocrx_word' id='word_1_352' title='bbox 573 4155 633 4205; x_wconf 80' lang='lat' dir='ltr'>urld.</span> <span class='ocrx_word' id='word_1_353' title='bbox 647 4150 713 4205; x_wconf 68' lang='lat' dir='ltr'>aa?</span> <span class='ocrx_word' id='word_1_354' title='bbox 736 4153 762 4206; x_wconf 93' lang='lat' dir='ltr'><em>V</em></span> <span class='ocrx_word' id='word_1_355' title='bbox 811 4151 946 4204; x_wconf 88' lang='lat' dir='ltr'>addeum</span> <span class='ocrx_word' id='word_1_356' title='bbox 972 4152 995 4202; x_wconf 75' lang='grc' dir='ltr'>Γ</span> <span class='ocrx_word' id='word_1_357' title='bbox 1044 4152 1079 4205; x_wconf 76' lang='grc'>28</span> <span class='ocrx_word' id='word_1_358' title='bbox 1096 4152 1249 4206; x_wconf 85' lang='lat' dir='ltr'>ueritatem</span> <span class='ocrx_word' id='word_1_359' title='bbox 1267 4173 1299 4208; x_wconf 76' lang='lat' dir='ltr'>ex</span> 
     </span>
     <span class='ocr_line' id='line_1_39' title="bbox 148 4239 410 4293; baseline -0.004 -1"><span class='ocrx_word' id='word_1_360' title='bbox 148 4239 267 4293; x_wconf 82' lang='lat' dir='ltr'>ueritate</span> <span class='ocrx_word' id='word_1_361' title='bbox 285 4258 318 4293; x_wconf 83' lang='lat' dir='ltr'>ra.</span> <span class='ocrx_word' id='word_1_362' title='bbox 337 4239 357 4293; x_wconf 75' lang='grc'><em>2</em></span> <span class='ocrx_word' id='word_1_363' title='bbox 380 4240 410 4292; x_wconf 88' lang='lat' dir='ltr'>V.</span> 
     </span>
    </p>
   </div>
   <div class='ocr_carea' id='block_1_7' title="bbox 0 0 1400 4844">
    <p class='ocr_par' dir='ltr' id='par_1_7' title="bbox 0 0 1400 4844">
     <span class='ocr_line' id='line_1_40' title="bbox 0 0 1400 4844; baseline 0 0"><span class='ocrx_word' id='word_1_364' title='bbox 0 0 1400 4844; x_wconf 95' lang='lat' dir='ltr'> </span> 
     </span>
    </p>
   </div>
  </div>
 </body>
</html>
