2790 4844
364 274 545 324 tractatus
564 271 599 322 in
618 270 789 339 psalmum
809 269 927 323 CXXIX.
1155 269 1217 336 655

78 461 161 544 tigni
187 462 340 526 consortio
363 481 418 526 suo
442 461 495 526 tilii
515 469 602 543 pater
619 499 658 507 -
675 468 769 538 reete,
793 461 832 524 ad
848 481 942 545 quem
958 459 1052 536 noles,
1068 460 1218 542 propheta

78 566 190 631 lixisse
225 567 383 632 eradatur:
418 569 607 650 quoniam
642 566 745 647 opud
782 571 820 631 te
858 566 1103 647 propitiatio
1141 573 1217 630 est:

78 669 146 752 quia
171 670 201 733 in
224 678 310 750 patre
334 672 504 736 seeundum
528 669 764 735 similitudinem
787 669 893 754 gloriae
909 669 992 734 filius
1012 676 1067 747 est,
1092 679 1121 734 et
1137 668 1218 733 fitius

80 793 139 854 pse
165 795 219 855 pro
243 777 379 856 peooatis
403 775 514 840 nostris
539 781 568 840 et
590 775 766 857 propitiatio
800 780 829 839 et
859 775 1031 857 redemptio
1055 780 1086 839 et
1109 774 1218 855 depre-

78 879 154 942 tatio
185 884 240 956 est,
271 879 467 962 iniquitatum
490 885 675 960 nostrarum,
710 880 782 962 qnia
811 880 876 960 ipse
907 898 1013 942 aarum
1044 878 1217 958 propitiatio
1258 901 1271 938 a

78 982 123 1062 rit,
149 1003 210 1047 non
233 984 407 1048 recordans,

118 1088 169 1153 10.
194 1089 259 1154 Scit
281 1099 381 1155 autem
407 1089 559 1173 propheto
582 1091 718 1173 ingentis
741 1088 869 1170 periculi
900 1110 968 1154 rem
999 1108 1074 1167 asse,
1105 1089 1217 1171 inique,

78 1192 103 1255 d
128 1198 177 1257 est
200 1194 267 1258 sine
290 1194 360 1277 iege
383 1213 519 1274 peecare,
554 1194 627 1277 quia
657 1193 773 1274 peooati
805 1194 872 1258 sino
901 1191 973 1278 lege
1005 1193 1132 1273 perditio
1164 1198 1218 1269 est,

78 1297 193 1374 peceati
216 1304 319 1362 antem
343 1297 375 1360 iu
399 1296 469 1380 lege
493 1297 638 1363 iudicium
663 1303 719 1362 est.
765 1297 934 1362 etidcirco
964 1298 1022 1363 ait:
1053 1302 1219 1377 proptor

78 1397 208 1486 legem
232 1407 340 1466 tuam
363 1402 543 1466 sustinui
576 1407 621 1479 te,
645 1401 814 1466 domine.
859 1400 906 1466 lor
930 1408 1034 1466 autem
1058 1407 1164 1467 saneta
1188 1407 1217 1464 et
1246 1418 1270 1455 10

78 1504 222 1583 spiritalis
246 1513 301 1584 est,
324 1510 354 1571 at
377 1507 407 1570 in
432 1527 469 1602 qa
491 1507 588 1572 uerba
609 1506 680 1571 uitae
704 1512 783 1582 sunt,
818 1512 849 1572 et
872 1505 952 1590 legis
982 1504 1054 1570 finis
1077 1503 1217 1569 Christus

80 1614 136 1686 est;
160 1618 191 1674 et
214 1610 273 1675 hoo
296 1610 436 1694 sequenti
460 1630 553 1676 uersu
584 1611 764 1675 ostenditur.
812 1610 855 1674 ait
886 1611 986 1675 enim:
1019 1609 1218 1674 sustinuit

83 1713 206 1777 anima
240 1734 323 1779 mea
358 1716 395 1778 in
430 1715 595 1779 uerbum
629 1721 745 1779 tuum.
790 1712 959 1797 corporalia
981 1715 1108 1797 quidem
1138 1711 1218 1796 legis

85 1813 176 1881 officia
200 1818 350 1902 propheta
373 1820 557 1901 exsequitur,
588 1818 707 1884 soiiioet
730 1817 952 1884 sacrificiorum
975 1825 1006 1883 et
1027 1816 1217 1883 holocausto·

84 1925 192 1985 uratum
216 1929 245 1986 et
267 1923 502 1986 neomeniarum
527 1931 558 1987 et
580 1923 786 2001 sabbatorum,
810 1943 879 2006 quae
902 1923 1005 1987 omnia
1020 1921 1132 1987 umbra
1147 1928 1218 1985 sunt
1244 1939 1270 1975 1⁶

83 2018 260 2089 futurorum:
291 2027 348 2090 sed
377 2027 481 2090 anima
512 2026 576 2090 eius
607 2027 750 2091 sustinuit
779 2027 810 2090 in
834 2027 965 2091 uerbum
988 2025 1048 2090 dei.
1092 2031 1218 2106 propter

78 2118 176 2208 legem
202 2129 267 2210 ipse
291 2130 431 2208 sustinet,
463 2130 494 2194 id
517 2137 572 2206 est,
607 2137 640 2194 nt
674 2131 745 2208 dixi,
776 2128 975 2211 corporaliter
1005 2129 1108 2194 osfioia
1138 2128 1217 2213 legis

78 2230 163 2304 gerit.
208 2233 239 2296 in
262 2234 393 2298 uerbum
415 2242 521 2298 autem
545 2234 594 2299 dei
618 2234 722 2298 anima
752 2254 807 2298 sna
838 2235 984 2299 sustinet:
1016 2232 1133 2298 scilieet
1162 2231 1217 2296 filii

78 2325 128 2395 iai
150 2337 324 2414 aduentum,
348 2337 401 2420 qui
424 2345 455 2401 et
477 2338 607 2403 uerbum
632 2338 681 2403 dei
705 2345 736 2403 et
759 2339 834 2403 deus
857 2337 985 2402 uerbum
1010 2344 1065 2415 est,
1089 2335 1217 2418 spiritali

78 2425 141 2501 ide
170 2447 317 2521 expectat
368 2441 498 2525 qualiter
532 2449 634 2507 autem
669 2449 824 2523 expectet,
863 2442 1055 2508 demonstrat
1093 2440 1215 2506 dicens:
1244 2456 1268 2495 20

78 2544 259 2613 ‘parauit
287 2545 418 2610 anima
453 2566 536 2611 mea
571 2546 608 2609 in
644 2545 803 2610 domino
839 2544 1066 2610 aoustodia
1097 2549 1216 2608 matu-

86 2634 161 2710 ina
175 2668 300 2732 nsque
322 2651 361 2713 in
385 2656 553 2715 noctem.
576 2647 1216 2734 recordemureuangelieaeconparationis

78 2757 212 2816 fluorem
246 2759 278 2818 et
310 2754 545 2819 meminerimus
583 2755 733 2838 quosdam
767 2753 924 2834 operarios
957 2753 1056 2818 uineae
1091 2772 1215 2818 omnem

120 2925 137 2975 1
155 2926 231 2993 digni
243 2877 462 3011 consortiduiilid
480 2934 559 2997 pater
576 2933 651 2982 reete
671 2928 760 2996 adque
778 2928 874 2982 uolens
892 2927 1002 2997 profeta
1020 2928 1044 2980 V
1057 2927 1133 2996 digni
1152 2943 1216 2979 con·

78 3028 162 3081 ῖῡῑῖίο
178 3031 226 3116 sui·
239 3029 260 3094 (i
277 3034 305 3084 in
322 3030 386 3098 raa.)
405 3032 455 3085 filii
475 3040 554 3101 pater
572 3038 649 3086 recte
668 3032 702 3086 ad
720 3049 803 3100 quern
821 3032 917 3085 uolens
936 3030 1071 3099 propheta
1090 3032 1115 3083 n
1132 3030 1217 3097 digno

78 3127 211 3187 ²0nsorti0
239 3151 288 3188 suo
316 3133 373 3188 filio
400 3135 435 3189 ad
463 3141 515 3203 qud
542 3135 590 3201 (ad
609 3140 662 3204 que
681 3138 709 3188 in
727 3154 780 3188 ros.
799 3135 835 3200 P)
861 3140 940 3203 pater
958 3141 1034 3189 rente
1053 3135 1148 3189 uolens
1167 3151 1217 3202 per

78 3215 234 3285 trophaeam
253 3221 304 3274 Vr
363 3223 529 3277 deridetur
553 3221 611 3275 VR¹
631 3223 755 3276 ereditur
775 3222 863 3274 R¹r⁷r
915 3222 1045 3290 quoniam
1070 3222 1105 3275 Ve
1124 3216 1217 3291 q'r'nR

78 3299 213 3360 auiam
254 3314 323 3378 aput
337 3310 361 3362 V
393 3309 522 3377 dquiain
531 3309 610 3379 patr'e
620 3308 742 3378 (patrem
754 3310 789 3375 P)
801 3309 933 3362 RPTonr.
949 3310 974 3362 V
1006 3311 1129 3362 deorum
1145 3309 1220 3362 VRP

79 3379 112 3437 V·
120 3395 203 3463 prees.
251 3398 370 3449 ‘tantem
381 3395 599 3449 awanam
614 3397 639 3448 V
682 3396 1215 3465 8peooarequiapeocatisinelegeorn.

87 3459 110 3510 ι’
155 3482 258 3549 peceati
271 3483 443 3550 Rapoooato
454 3471 535 3536 Vsa¹
567 3483 709 3552 tipeeoati
723 3484 867 3552 Rpeeeato
880 3484 928 3535 PT
929 3484 957 3535 Ε
1006 3499 1057 3550 per
1076 3482 1217 3551 peccatori

87 3598 186 3656 reato
209 3603 235 3656 V
295 3605 328 3657 12
350 3603 403 3658 hoc
427 3623 457 3658 er
474 3620 508 3658 oo
528 3605 553 3657 P
613 3608 647 3659 14
669 3605 778 3674 profeta
804 3605 860 3658 GV
918 3604 1171 3658 holooautomatum
1194 3603 1220 3655 V

89 3669 395 3744 holochaustomatumr
447 3693 480 3746 15
497 3691 706 3745 neomeniarum
725 3692 750 3743 Τ
767 3692 960 3746 numeniarum
977 3690 1217 3744 Vneomeniarum

92 3777 328 3831 “noomaniorum
345 3776 372 3830 R
388 3776 567 3832 neomeniorir
586 3776 629 3845 (oo
648 3781 675 3831 in
694 3776 758 3844 ras.)
778 3779 804 3830 P
856 3782 888 3833 16
906 3777 935 3831 in
953 3778 1083 3831 uerbislt
1138 3779 1169 3830 18
1188 3777 1216 3830 in

92 3860 202 3916 roton
254 3864 334 3917 aerbo
352 3863 444 3917 anima
463 3881 511 3918 sua
529 3891 563 3902 -
582 3865 629 3933 qui
654 3869 682 3918 et
706 3867 823 3918 uerbum
841 3865 895 3930 dei,
923 3865 1032 3934 quaein
1056 3864 1105 3917 VT
1122 3874 1216 3927 aarum,

91 3960 126 3999 tro.
144 3950 224 4015 GtR,
237 3951 265 4002 in
282 3968 336 4003 res.
355 3952 415 4004 odd.
434 3969 467 4003 m.
487 3952 502 4004 1
523 3949 547 3999 Ρ
598 3953 631 4006 19
649 3957 677 4005 et
695 3951 762 4006 deus
780 3952 897 4005 uerbum
916 3954 958 4004 eat
976 3950 1024 4003 VT
1041 3960 1064 4004 et
1077 3951 1103 4003 P
1118 3953 1145 4004 in
1163 3968 1216 4002 ros.

85 4087 139 4155 qnia
155 4094 184 4143 et
201 4088 268 4143 deus
287 4089 404 4143 uerbum
421 4094 464 4144 ast
478 4091 552 4143 G?R
605 4090 738 4159 spiritalis
754 4090 777 4144 V
827 4093 858 4144 21
880 4090 909 4143 in
926 4089 1039 4144 domino
1052 4090 1079 4143 R
1096 4090 1125 4143 in
1143 4046 1182 4143 dd
1197 4089 1218 4141 V

82 4173 105 4227 in
129 4174 271 4230 dominum
299 4176 377 4228 PTE
435 4178 470 4230 23
488 4182 611 4231 tenorem
642 4178 744 4230 GRVI'
772 4196 802 4230 ex
832 4177 960 4230 timorem
986 4195 1054 4230 corr.
1081 4195 1114 4229 m.
1143 4176 1162 4229 2
1196 4175 1218 4228 V

78 4263 246 4317 meminerim
270 4263 299 4317 V.
