<?xml version="1.0" encoding="UTF-8"?>
<!DOCTYPE html PUBLIC "-//W3C//DTD XHTML 1.0 Transitional//EN"
    "http://www.w3.org/TR/xhtml1/DTD/xhtml1-transitional.dtd">
<html xmlns="http://www.w3.org/1999/xhtml" xml:lang="en" lang="en">
 <head>
  <title>
</title>
<meta http-equiv="Content-Type" content="text/html;charset=utf-8" />
  <meta name='ocr-system' content='tesseract 3.04.00' />
  <meta name='ocr-capabilities' content='ocr_page ocr_carea ocr_par ocr_line ocrx_word'/>
</head>
<body>
  <div class='ocr_page' id='page_1' title='image "./shilariiepiscop00hilagoog_0811.png"; bbox 0 0 2790 4844; ppageno 0'>
   <div class='ocr_carea' id='block_1_1' title="bbox 336 223 1275 316">
    <p class='ocr_par' dir='ltr' id='par_1_1' title="bbox 336 223 1275 316">
     <span class='ocr_line' id='line_1_1' title="bbox 336 223 1275 316; baseline 0.009 -17"><span class='ocrx_word' id='word_1_1' title='bbox 336 251 514 301; x_wconf 82' lang='lat' dir='ltr'>tractatus</span> <span class='ocrx_word' id='word_1_2' title='bbox 532 247 567 300; x_wconf 92' lang='lat' dir='ltr'>in</span> <span class='ocrx_word' id='word_1_3' title='bbox 586 247 756 316; x_wconf 83' lang='lat' dir='ltr'>psalmum</span> <span class='ocrx_word' id='word_1_4' title='bbox 775 248 920 302; x_wconf 77' lang='lat' dir='ltr'><strong>CXXXIX.</strong></span> <span class='ocrx_word' id='word_1_5' title='bbox 1135 247 1193 313; x_wconf 80' lang='lat'>781</span> <span class='ocrx_word' id='word_1_6' title='bbox 1271 223 1275 231; x_wconf 25' lang='grc' dir='ltr'><strong><em>ι</em></strong></span> 
     </span>
    </p>
   </div>
   <div class='ocr_carea' id='block_1_2' title="bbox 76 435 1320 3644">
    <p class='ocr_par' dir='ltr' id='par_1_2' title="bbox 76 435 1320 3644">
     <span class='ocr_line' id='line_1_2' title="bbox 76 435 1196 521; baseline 0.004 -23"><span class='ocrx_word' id='word_1_7' title='bbox 76 455 221 519; x_wconf 63' lang='lat' dir='ltr'>(nagoga</span> <span class='ocrx_word' id='word_1_8' title='bbox 245 436 402 517; x_wconf 83' lang='lat' dir='ltr'>principes</span> <span class='ocrx_word' id='word_1_9' title='bbox 425 435 622 517; x_wconf 80' lang='lat' dir='ltr'>supplantare</span> <span class='ocrx_word' id='word_1_10' title='bbox 645 457 773 521; x_wconf 82' lang='lat' dir='ltr'>gressus</span> <span class='ocrx_word' id='word_1_11' title='bbox 796 438 871 510; x_wconf 83' lang='lat' dir='ltr'>eins,</span> <span class='ocrx_word' id='word_1_12' title='bbox 903 457 973 502; x_wconf 93' lang='lat' dir='ltr'>cum</span> <span class='ocrx_word' id='word_1_13' title='bbox 998 449 1068 519; x_wconf 93' lang='lat' dir='ltr'>post</span> <span class='ocrx_word' id='word_1_14' title='bbox 1090 438 1196 518; x_wconf 92' lang='lat' dir='ltr'>depul-</span> 
     </span>
     <span class='ocr_line' id='line_1_3' title="bbox 77 541 1196 626; baseline 0.004 -24"><span class='ocrx_word' id='word_1_15' title='bbox 77 559 123 603; x_wconf 81' lang='lat' dir='ltr'>im</span> <span class='ocrx_word' id='word_1_16' title='bbox 145 559 254 605; x_wconf 80' lang='lat' dir='ltr'>necem</span> <span class='ocrx_word' id='word_1_17' title='bbox 278 541 387 605; x_wconf 80' lang='lat' dir='ltr'><strong>Lazari</strong></span> <span class='ocrx_word' id='word_1_18' title='bbox 411 543 449 607; x_wconf 93' lang='lat' dir='ltr'>de</span> <span class='ocrx_word' id='word_1_19' title='bbox 472 560 508 605; x_wconf 88' lang='lat' dir='ltr'>eo</span> <span class='ocrx_word' id='word_1_20' title='bbox 531 541 700 606; x_wconf 90' lang='lat' dir='ltr'>occidendo</span> <span class='ocrx_word' id='word_1_21' title='bbox 722 542 866 626; x_wconf 84' lang='lat' dir='ltr'>cogitant,</span> <span class='ocrx_word' id='word_1_22' title='bbox 901 562 970 607; x_wconf 92' lang='lat' dir='ltr'>cum</span> <span class='ocrx_word' id='word_1_23' title='bbox 994 542 1033 606; x_wconf 92' lang='lat' dir='ltr'>ob</span> <span class='ocrx_word' id='word_1_24' title='bbox 1057 550 1196 623; x_wconf 89' lang='lat' dir='ltr'>receptos</span> 
     </span>
     <span class='ocr_line' id='line_1_4' title="bbox 76 642 1195 722; baseline 0.003 -13"><span class='ocrx_word' id='word_1_25' title='bbox 76 642 159 709; x_wconf 84' lang='lat' dir='ltr'>culos</span> <span class='ocrx_word' id='word_1_26' title='bbox 193 663 274 709; x_wconf 78' lang='lat' dir='ltr'>caco</span> <span class='ocrx_word' id='word_1_27' title='bbox 308 644 352 709; x_wconf 92' lang='lat' dir='ltr'>illi</span> <span class='ocrx_word' id='word_1_28' title='bbox 383 645 584 710; x_wconf 86' lang='lat' dir='ltr'>anatiuitate</span> <span class='ocrx_word' id='word_1_29' title='bbox 618 644 815 722; x_wconf 86' lang='lat' dir='ltr'>maledicunt,</span> <span class='ocrx_word' id='word_1_30' title='bbox 851 666 921 710; x_wconf 92' lang='lat' dir='ltr'>cnm</span> <span class='ocrx_word' id='word_1_31' title='bbox 957 647 1051 712; x_wconf 84' lang='lat' dir='ltr'>taceri</span> <span class='ocrx_word' id='word_1_32' title='bbox 1086 647 1124 711; x_wconf 93' lang='lat' dir='ltr'>de</span> <span class='ocrx_word' id='word_1_33' title='bbox 1159 667 1195 712; x_wconf 93' lang='lat' dir='ltr'>eo</span> 
     </span>
     <span class='ocr_line' id='line_1_5' title="bbox 77 749 1195 835; baseline 0.001 -21"><span class='ocrx_word' id='word_1_34' title='bbox 77 758 232 825; x_wconf 85' lang='lat' dir='ltr'>ecernnnt,</span> <span class='ocrx_word' id='word_1_35' title='bbox 254 769 325 815; x_wconf 91' lang='lat' dir='ltr'>cnm</span> <span class='ocrx_word' id='word_1_36' title='bbox 348 755 479 815; x_wconf 85' lang='lat' dir='ltr'>mortem</span> <span class='ocrx_word' id='word_1_37' title='bbox 495 749 723 815; x_wconf 88' lang='lat' dir='ltr'>confessoribus</span> <span class='ocrx_word' id='word_1_38' title='bbox 738 750 803 815; x_wconf 92' lang='lat' dir='ltr'>eius</span> <span class='ocrx_word' id='word_1_39' title='bbox 819 751 1008 815; x_wconf 89' lang='lat' dir='ltr'>denuntiant.</span> <span class='ocrx_word' id='word_1_40' title='bbox 1032 750 1195 835; x_wconf 84' lang='lat' dir='ltr'>egregium</span> 
     </span>
     <span class='ocr_line' id='line_1_6' title="bbox 76 853 1248 939; baseline -0.001 -22"><span class='ocrx_word' id='word_1_41' title='bbox 76 873 157 936; x_wconf 91' lang='lat' dir='ltr'>aque</span> <span class='ocrx_word' id='word_1_42' title='bbox 180 853 352 917; x_wconf 88' lang='lat' dir='ltr'>diuinarum</span> <span class='ocrx_word' id='word_1_43' title='bbox 382 854 593 935; x_wconf 79' lang='lat' dir='ltr'>operationum</span> <span class='ocrx_word' id='word_1_44' title='bbox 623 874 747 919; x_wconf 89' lang='lat' dir='ltr'>suarum</span> <span class='ocrx_word' id='word_1_45' title='bbox 778 874 922 939; x_wconf 83' lang='lat' dir='ltr'>gressum</span> <span class='ocrx_word' id='word_1_46' title='bbox 956 861 1047 939; x_wconf 84' lang='lat' dir='ltr'>atque</span> <span class='ocrx_word' id='word_1_47' title='bbox 1070 875 1194 920; x_wconf 90' lang='lat' dir='ltr'>cursum</span> <span class='ocrx_word' id='word_1_48' title='bbox 1236 882 1248 916; x_wconf 76' lang='lat' dir='ltr'>c</span> 
     </span>
     <span class='ocr_line' id='line_1_7' title="bbox 77 956 1195 1043; baseline 0 -21"><span class='ocrx_word' id='word_1_49' title='bbox 77 959 143 1022; x_wconf 46' lang='lat' dir='ltr'>ttius</span> <span class='ocrx_word' id='word_1_50' title='bbox 159 957 242 1022; x_wconf 90' lang='lat' dir='ltr'>modi</span> <span class='ocrx_word' id='word_1_51' title='bbox 258 958 350 1023; x_wconf 90' lang='lat' dir='ltr'>rebus</span> <span class='ocrx_word' id='word_1_52' title='bbox 366 956 564 1038; x_wconf 82' lang='lat' dir='ltr'>subplantare</span> <span class='ocrx_word' id='word_1_53' title='bbox 585 959 806 1043; x_wconf 88' lang='lat' dir='ltr'>cogitauerunt.</span> <span class='ocrx_word' id='word_1_54' title='bbox 852 959 1078 1024; x_wconf 91' lang='lat' dir='ltr'>absconderunt</span> <span class='ocrx_word' id='word_1_55' title='bbox 1093 965 1195 1024; x_wconf 89' lang='lat' dir='ltr'>antem</span> 
     </span>
     <span class='ocr_line' id='line_1_8' title="bbox 77 1061 1194 1146; baseline 0.001 -20"><span class='ocrx_word' id='word_1_56' title='bbox 77 1082 182 1146; x_wconf 78' lang='lat' dir='ltr'>tqncos</span> <span class='ocrx_word' id='word_1_57' title='bbox 216 1061 357 1142; x_wconf 89' lang='lat' dir='ltr'>superbi,</span> <span class='ocrx_word' id='word_1_58' title='bbox 395 1083 464 1127; x_wconf 89' lang='lat' dir='ltr'>cum</span> <span class='ocrx_word' id='word_1_59' title='bbox 498 1062 657 1127; x_wconf 83' lang='lat' dir='ltr'>Sadducaei</span> <span class='ocrx_word' id='word_1_60' title='bbox 695 1062 931 1129; x_wconf 85' lang='lat' dir='ltr'>fraudulentiam</span> <span class='ocrx_word' id='word_1_61' title='bbox 970 1062 1121 1127; x_wconf 86' lang='lat' dir='ltr'>simulatae</span> <span class='ocrx_word' id='word_1_62' title='bbox 1155 1064 1194 1127; x_wconf 91' lang='lat' dir='ltr'>de</span> 
     </span>
     <span class='ocr_line' id='line_1_9' title="bbox 77 1165 1193 1250; baseline 0 -20"><span class='ocrx_word' id='word_1_63' title='bbox 77 1165 276 1231; x_wconf 75' lang='lat' dir='ltr'>esurrectione</span> <span class='ocrx_word' id='word_1_64' title='bbox 291 1165 544 1249; x_wconf 80' lang='lat' dir='ltr'>interrogationis</span> <span class='ocrx_word' id='word_1_65' title='bbox 556 1166 721 1245; x_wconf 84' lang='lat' dir='ltr'>occultant,</span> <span class='ocrx_word' id='word_1_66' title='bbox 736 1186 808 1232; x_wconf 91' lang='lat' dir='ltr'>cum</span> <span class='ocrx_word' id='word_1_67' title='bbox 824 1167 1035 1248; x_wconf 86' lang='lat' dir='ltr'>responsionis</span> <span class='ocrx_word' id='word_1_68' title='bbox 1050 1165 1193 1250; x_wconf 88' lang='lat' dir='ltr'>laqueum</span> 
     </span>
     <span class='ocr_line' id='line_1_10' title="bbox 77 1269 1195 1353; baseline 0.005 -22"><span class='ocrx_word' id='word_1_69' title='bbox 77 1269 189 1350; x_wconf 83' lang='lat' dir='ltr'>iptioso</span> <span class='ocrx_word' id='word_1_70' title='bbox 213 1289 355 1334; x_wconf 89' lang='lat' dir='ltr'>sermone</span> <span class='ocrx_word' id='word_1_71' title='bbox 377 1270 587 1350; x_wconf 81' lang='lat' dir='ltr'>praetendunt3</span> <span class='ocrx_word' id='word_1_72' title='bbox 622 1270 755 1353; x_wconf 82' lang='lat' dir='ltr'>superbi.</span> <span class='ocrx_word' id='word_1_73' title='bbox 789 1291 857 1336; x_wconf 89' lang='lat' dir='ltr'>cum</span> <span class='ocrx_word' id='word_1_74' title='bbox 891 1271 1056 1336; x_wconf 76' lang='lat' dir='ltr'>admisceri</span> <span class='ocrx_word' id='word_1_75' title='bbox 1087 1291 1195 1352; x_wconf 88' lang='lat' dir='ltr'>pecca·</span> 
     </span>
     <span class='ocr_line' id='line_1_11' title="bbox 77 1374 1247 1459; baseline 0.008 -26"><span class='ocrx_word' id='word_1_76' title='bbox 77 1374 170 1438; x_wconf 74' lang='lat' dir='ltr'>tribus</span> <span class='ocrx_word' id='word_1_77' title='bbox 193 1374 408 1458; x_wconf 82' lang='lat' dir='ltr'>dedignantur,</span> <span class='ocrx_word' id='word_1_78' title='bbox 431 1394 502 1439; x_wconf 92' lang='lat' dir='ltr'>cum</span> <span class='ocrx_word' id='word_1_79' title='bbox 526 1374 668 1440; x_wconf 89' lang='lat' dir='ltr'>conuiuia</span> <span class='ocrx_word' id='word_1_80' title='bbox 689 1374 922 1456; x_wconf 82' lang='lat' dir='ltr'>publicanorum</span> <span class='ocrx_word' id='word_1_81' title='bbox 953 1375 1064 1459; x_wconf 76' lang='lat' dir='ltr'>siqui</span> <span class='ocrx_word' id='word_1_82' title='bbox 1088 1395 1195 1456; x_wconf 88' lang='lat' dir='ltr'>pecca·</span> <span class='ocrx_word' id='word_1_83' title='bbox 1223 1408 1247 1442; x_wconf 85' lang='lat'>10</span> 
     </span>
     <span class='ocr_line' id='line_1_12' title="bbox 77 1473 1193 1559; baseline 0 -17"><span class='ocrx_word' id='word_1_84' title='bbox 77 1498 152 1542; x_wconf 70' lang='lat' dir='ltr'>trum</span> <span class='ocrx_word' id='word_1_85' title='bbox 187 1485 235 1542; x_wconf 90' lang='lat' dir='ltr'>est</span> <span class='ocrx_word' id='word_1_86' title='bbox 268 1477 423 1555; x_wconf 85' lang='lat' dir='ltr'>remissor,</span> <span class='ocrx_word' id='word_1_87' title='bbox 448 1479 642 1559; x_wconf 80' lang='lat' dir='ltr'>exprobrant.</span> <span class='ocrx_word' id='word_1_88' title='bbox 688 1479 777 1544; x_wconf 89' lang='lat' dir='ltr'>funes</span> <span class='ocrx_word' id='word_1_89' title='bbox 812 1479 905 1544; x_wconf 85' lang='lat' dir='ltr'>etiam</span> <span class='ocrx_word' id='word_1_90' title='bbox 937 1473 1193 1544; x_wconf 67' lang='lat' dir='ltr'>extenderunt&#39;in</span> 
     </span>
     <span class='ocr_line' id='line_1_13' title="bbox 77 1580 1192 1663; baseline 0.002 -18"><span class='ocrx_word' id='word_1_91' title='bbox 77 1580 259 1662; x_wconf 76' lang='lat' dir='ltr'>tuscipnlum</span> <span class='ocrx_word' id='word_1_92' title='bbox 283 1582 413 1662; x_wconf 91' lang='lat' dir='ltr'>pedibus</span> <span class='ocrx_word' id='word_1_93' title='bbox 433 1581 506 1657; x_wconf 78' lang='lat' dir='ltr'>eius</span> <span class='ocrx_word' id='word_1_94' title='bbox 530 1602 602 1647; x_wconf 93' lang='lat' dir='ltr'>cum</span> <span class='ocrx_word' id='word_1_95' title='bbox 617 1582 765 1647; x_wconf 89' lang='lat' dir='ltr'>tributum</span> <span class='ocrx_word' id='word_1_96' title='bbox 782 1583 926 1663; x_wconf 89' lang='lat' dir='ltr'>poscitur,</span> <span class='ocrx_word' id='word_1_97' title='bbox 949 1603 1020 1648; x_wconf 92' lang='lat' dir='ltr'>cnm</span> <span class='ocrx_word' id='word_1_98' title='bbox 1037 1583 1192 1647; x_wconf 84' lang='lat' dir='ltr'>dedendo</span> 
     </span>
     <span class='ocr_line' id='line_1_14' title="bbox 78 1685 1195 1771; baseline -0.001 -20"><span class='ocrx_word' id='word_1_99' title='bbox 78 1686 169 1751; x_wconf 87' lang='lat' dir='ltr'>aesari</span> <span class='ocrx_word' id='word_1_100' title='bbox 193 1685 305 1750; x_wconf 92' lang='lat' dir='ltr'>tributo</span> <span class='ocrx_word' id='word_1_101' title='bbox 328 1686 542 1771; x_wconf 85' lang='lat' dir='ltr'>interrogatur.</span> <span class='ocrx_word' id='word_1_102' title='bbox 587 1687 757 1752; x_wconf 89' lang='lat' dir='ltr'>absconsus</span> <span class='ocrx_word' id='word_1_103' title='bbox 779 1697 882 1752; x_wconf 87' lang='lat' dir='ltr'>antem</span> <span class='ocrx_word' id='word_1_104' title='bbox 902 1687 1043 1768; x_wconf 92' lang='lat' dir='ltr'>superius</span> <span class='ocrx_word' id='word_1_105' title='bbox 1067 1687 1195 1771; x_wconf 88' lang='lat' dir='ltr'>laqueus</span> 
     </span>
     <span class='ocr_line' id='line_1_15' title="bbox 77 1789 1192 1874; baseline 0.002 -20"><span class='ocrx_word' id='word_1_106' title='bbox 77 1790 119 1864; x_wconf 82' lang='lat' dir='ltr'>iit,</span> <span class='ocrx_word' id='word_1_107' title='bbox 143 1810 224 1855; x_wconf 91' lang='lat' dir='ltr'>nnnc</span> <span class='ocrx_word' id='word_1_108' title='bbox 247 1798 350 1855; x_wconf 90' lang='lat' dir='ltr'>antem</span> <span class='ocrx_word' id='word_1_109' title='bbox 373 1790 462 1855; x_wconf 92' lang='lat' dir='ltr'>funes</span> <span class='ocrx_word' id='word_1_110' title='bbox 485 1791 516 1855; x_wconf 95' lang='lat' dir='ltr'>in</span> <span class='ocrx_word' id='word_1_111' title='bbox 541 1789 683 1874; x_wconf 89' lang='lat' dir='ltr'>laqueum</span> <span class='ocrx_word' id='word_1_112' title='bbox 707 1792 825 1856; x_wconf 78' lang='lat' dir='ltr'>extensi</span> <span class='ocrx_word' id='word_1_113' title='bbox 848 1799 929 1869; x_wconf 79' lang='lat' dir='ltr'>sunt</span> <span class='ocrx_word' id='word_1_114' title='bbox 953 1798 984 1856; x_wconf 89' lang='lat' dir='ltr'>ut</span> <span class='ocrx_word' id='word_1_115' title='bbox 999 1789 1130 1856; x_wconf 88' lang='lat' dir='ltr'>ualidior</span> <span class='ocrx_word' id='word_1_116' title='bbox 1142 1789 1192 1856; x_wconf 90' lang='lat' dir='ltr'>hic</span> 
     </span>
     <span class='ocr_line' id='line_1_16' title="bbox 78 1894 1246 1978; baseline 0.003 -20"><span class='ocrx_word' id='word_1_117' title='bbox 78 1894 302 1978; x_wconf 73' lang='lat' dir='ltr'>tterrogetionis</span> <span class='ocrx_word' id='word_1_118' title='bbox 335 1894 463 1976; x_wconf 90' lang='lat' dir='ltr'>laquens</span> <span class='ocrx_word' id='word_1_119' title='bbox 497 1913 565 1960; x_wconf 88' lang='lat' dir='ltr'>esse</span> <span class='ocrx_word' id='word_1_120' title='bbox 599 1900 779 1960; x_wconf 89' lang='lat' dir='ltr'>nosceretur</span> <span class='ocrx_word' id='word_1_121' title='bbox 813 1897 843 1959; x_wconf 92' lang='lat' dir='ltr'>in</span> <span class='ocrx_word' id='word_1_122' title='bbox 878 1896 1010 1971; x_wconf 89' lang='lat' dir='ltr'>funibus,</span> <span class='ocrx_word' id='word_1_123' title='bbox 1045 1914 1116 1960; x_wconf 92' lang='lat' dir='ltr'>cum</span> <span class='ocrx_word' id='word_1_124' title='bbox 1139 1914 1195 1976; x_wconf 93' lang='lat' dir='ltr'>per</span> <span class='ocrx_word' id='word_1_125' title='bbox 1222 1927 1246 1962; x_wconf 67' lang='grc' dir='ltr'>ιο</span> 
     </span>
     <span class='ocr_line' id='line_1_17' title="bbox 78 1989 1193 2082; baseline 0.001 -20"><span class='ocrx_word' id='word_1_126' title='bbox 78 2006 214 2063; x_wconf 85' lang='lat' dir='ltr'>rtensnm</span> <span class='ocrx_word' id='word_1_127' title='bbox 246 1999 496 2081; x_wconf 88' lang='lat' dir='ltr'>interrogationis</span> <span class='ocrx_word' id='word_1_128' title='bbox 525 1989 672 2082; x_wconf 84' lang='lat' dir='ltr'>laqueum</span> <span class='ocrx_word' id='word_1_129' title='bbox 702 2000 847 2079; x_wconf 87' lang='lat' dir='ltr'>captiosae</span> <span class='ocrx_word' id='word_1_130' title='bbox 869 2001 908 2065; x_wconf 92' lang='lat' dir='ltr'>ab</span> <span class='ocrx_word' id='word_1_131' title='bbox 932 2021 968 2066; x_wconf 90' lang='lat' dir='ltr'>co</span> <span class='ocrx_word' id='word_1_132' title='bbox 992 1999 1193 2081; x_wconf 82' lang='lat' dir='ltr'>professionis</span> 
     </span>
     <span class='ocr_line' id='line_1_18' title="bbox 78 2100 1192 2186; baseline 0.002 -19"><span class='ocrx_word' id='word_1_133' title='bbox 78 2103 212 2183; x_wconf 79' lang='lat' dir='ltr'>sponsio</span> <span class='ocrx_word' id='word_1_134' title='bbox 246 2104 395 2167; x_wconf 88' lang='lat' dir='ltr'>aduersus</span> <span class='ocrx_word' id='word_1_135' title='bbox 429 2122 542 2167; x_wconf 89' lang='lat' dir='ltr'>nomen</span> <span class='ocrx_word' id='word_1_136' title='bbox 572 2100 703 2168; x_wconf 84' lang='lat' dir='ltr'>Gaesaris</span> <span class='ocrx_word' id='word_1_137' title='bbox 734 2112 932 2186; x_wconf 76' lang='lat' dir='ltr'>quareretur.</span> <span class='ocrx_word' id='word_1_138' title='bbox 978 2104 1192 2169; x_wconf 87' lang='lat' dir='ltr'>continuantes</span> 
     </span>
     <span class='ocr_line' id='line_1_19' title="bbox 78 2206 1193 2292; baseline 0.002 -22"><span class='ocrx_word' id='word_1_139' title='bbox 78 2213 153 2272; x_wconf 86' lang='lat' dir='ltr'>rtem</span> <span class='ocrx_word' id='word_1_140' title='bbox 185 2207 306 2271; x_wconf 78' lang='lat' dir='ltr'>semita</span> <span class='ocrx_word' id='word_1_141' title='bbox 336 2206 482 2272; x_wconf 87' lang='lat' dir='ltr'>scandala</span> <span class='ocrx_word' id='word_1_142' title='bbox 511 2221 678 2286; x_wconf 92' lang='lat' dir='ltr'>posuerunt</span> <span class='ocrx_word' id='word_1_143' title='bbox 708 2208 745 2282; x_wconf 85' lang='lat' dir='ltr'>ei,</span> <span class='ocrx_word' id='word_1_144' title='bbox 775 2228 844 2272; x_wconf 90' lang='lat' dir='ltr'>cum</span> <span class='ocrx_word' id='word_1_145' title='bbox 875 2210 914 2273; x_wconf 94' lang='lat' dir='ltr'>de</span> <span class='ocrx_word' id='word_1_146' title='bbox 938 2208 1092 2272; x_wconf 88' lang='lat' dir='ltr'>mandatis</span> <span class='ocrx_word' id='word_1_147' title='bbox 1115 2206 1193 2292; x_wconf 83' lang='lat' dir='ltr'>legis</span> 
     </span>
     <span class='ocr_line' id='line_1_20' title="bbox 80 2305 1193 2395; baseline 0 -19"><span class='ocrx_word' id='word_1_148' title='bbox 80 2318 266 2393; x_wconf 79' lang='lat' dir='ltr'>terrogatnr‚</span> <span class='ocrx_word' id='word_1_149' title='bbox 282 2330 352 2376; x_wconf 91' lang='lat' dir='ltr'>oum</span> <span class='ocrx_word' id='word_1_150' title='bbox 376 2311 470 2385; x_wconf 81' lang='lat' dir='ltr'>diues,</span> <span class='ocrx_word' id='word_1_151' title='bbox 496 2310 557 2393; x_wconf 88' lang='lat' dir='ltr'>legi</span> <span class='ocrx_word' id='word_1_152' title='bbox 573 2318 675 2391; x_wconf 86' lang='lat' dir='ltr'>utpote</span> <span class='ocrx_word' id='word_1_153' title='bbox 691 2305 894 2384; x_wconf 78' lang='lat' dir='ltr'>satisfaciens,</span> <span class='ocrx_word' id='word_1_154' title='bbox 920 2312 993 2395; x_wconf 93' lang='lat' dir='ltr'>quid</span> <span class='ocrx_word' id='word_1_155' title='bbox 1009 2312 1067 2376; x_wconf 92' lang='lat' dir='ltr'>sibi</span> <span class='ocrx_word' id='word_1_156' title='bbox 1091 2310 1193 2376; x_wconf 82' lang='lat' dir='ltr'>adhuc</span> 
     </span>
     <span class='ocr_line' id='line_1_21' title="bbox 78 2414 1245 2499; baseline 0.001 -18"><span class='ocrx_word' id='word_1_157' title='bbox 78 2415 140 2491; x_wconf 81' lang='lat' dir='ltr'>isit,</span> <span class='ocrx_word' id='word_1_158' title='bbox 153 2415 292 2499; x_wconf 86' lang='lat' dir='ltr'>requirit,</span> <span class='ocrx_word' id='word_1_159' title='bbox 305 2435 377 2480; x_wconf 93' lang='lat' dir='ltr'>cum</span> <span class='ocrx_word' id='word_1_160' title='bbox 389 2416 471 2496; x_wconf 89' lang='lat' dir='ltr'>apud</span> <span class='ocrx_word' id='word_1_161' title='bbox 484 2435 553 2480; x_wconf 92' lang='lat' dir='ltr'>eum</span> <span class='ocrx_word' id='word_1_162' title='bbox 567 2416 606 2479; x_wconf 92' lang='lat' dir='ltr'>de</span> <span class='ocrx_word' id='word_1_163' title='bbox 619 2415 738 2499; x_wconf 90' lang='lat' dir='ltr'>repudii</span> <span class='ocrx_word' id='word_1_164' title='bbox 750 2415 931 2480; x_wconf 88' lang='lat' dir='ltr'>condicione</span> <span class='ocrx_word' id='word_1_165' title='bbox 944 2421 1098 2480; x_wconf 85' lang='lat' dir='ltr'>tractatur.</span> <span class='ocrx_word' id='word_1_166' title='bbox 1127 2414 1192 2480; x_wconf 77' lang='lat' dir='ltr'>haec</span> <span class='ocrx_word' id='word_1_167' title='bbox 1220 2445 1245 2482; x_wconf 73' lang='lat' dir='ltr'>ro</span> 
     </span>
     <span class='ocr_line' id='line_1_22' title="bbox 78 2518 1193 2604; baseline 0.001 -20"><span class='ocrx_word' id='word_1_168' title='bbox 78 2520 132 2584; x_wconf 86' lang='lat' dir='ltr'>iim</span> <span class='ocrx_word' id='word_1_169' title='bbox 156 2520 429 2602; x_wconf 80' lang='lat' dir='ltr'>interrogationum</span> <span class='ocrx_word' id='word_1_170' title='bbox 454 2518 602 2584; x_wconf 84' lang='lat' dir='ltr'>scandala</span> <span class='ocrx_word' id='word_1_171' title='bbox 623 2521 683 2583; x_wconf 86' lang='lat' dir='ltr'>uiae</span> <span class='ocrx_word' id='word_1_172' title='bbox 699 2538 761 2584; x_wconf 90' lang='lat' dir='ltr'>suae</span> <span class='ocrx_word' id='word_1_173' title='bbox 776 2519 986 2604; x_wconf 75' lang='lat' dir='ltr'>doctrinaeque</span> <span class='ocrx_word' id='word_1_174' title='bbox 1002 2518 1081 2604; x_wconf 84' lang='lat' dir='ltr'>legis</span> <span class='ocrx_word' id='word_1_175' title='bbox 1097 2519 1193 2585; x_wconf 91' lang='lat' dir='ltr'>conti·</span> 
     </span>
     <span class='ocr_line' id='line_1_23' title="bbox 78 2623 1190 2708; baseline 0 -20"><span class='ocrx_word' id='word_1_176' title='bbox 78 2637 182 2689; x_wconf 85' lang='lat' dir='ltr'>iantes</span> <span class='ocrx_word' id='word_1_177' title='bbox 197 2626 379 2699; x_wconf 84' lang='lat' dir='ltr'>statuerunt,</span> <span class='ocrx_word' id='word_1_178' title='bbox 396 2630 429 2688; x_wconf 91' lang='lat' dir='ltr'>ut</span> <span class='ocrx_word' id='word_1_179' title='bbox 444 2623 501 2688; x_wconf 91' lang='lat' dir='ltr'>sub</span> <span class='ocrx_word' id='word_1_180' title='bbox 519 2624 621 2706; x_wconf 85' lang='lat' dir='ltr'>specie</span> <span class='ocrx_word' id='word_1_181' title='bbox 638 2644 744 2688; x_wconf 91' lang='lat' dir='ltr'>earum</span> <span class='ocrx_word' id='word_1_182' title='bbox 767 2645 804 2688; x_wconf 90' lang='lat' dir='ltr'>ac</span> <span class='ocrx_word' id='word_1_183' title='bbox 826 2623 1044 2703; x_wconf 84' lang='lat' dir='ltr'>familiaritate,</span> <span class='ocrx_word' id='word_1_184' title='bbox 1068 2645 1137 2708; x_wconf 71' lang='lat' dir='ltr'>quea</span> <span class='ocrx_word' id='word_1_185' title='bbox 1159 2624 1190 2688; x_wconf 94' lang='lat' dir='ltr'>in</span> 
     </span>
     <span class='ocr_line' id='line_1_24' title="bbox 78 2727 1192 2813; baseline 0 -21"><span class='ocrx_word' id='word_1_186' title='bbox 78 2749 120 2813; x_wconf 74' lang='lat' dir='ltr'>ge</span> <span class='ocrx_word' id='word_1_187' title='bbox 153 2727 276 2807; x_wconf 72' lang='lat' dir='ltr'>scriptae</span> <span class='ocrx_word' id='word_1_188' title='bbox 310 2736 389 2794; x_wconf 89' lang='lat' dir='ltr'>sunt.</span> <span class='ocrx_word' id='word_1_189' title='bbox 421 2729 626 2811; x_wconf 78' lang='lat' dir='ltr'>quaestionum</span> <span class='ocrx_word' id='word_1_190' title='bbox 657 2727 725 2792; x_wconf 84' lang='lat' dir='ltr'>haec</span> <span class='ocrx_word' id='word_1_191' title='bbox 755 2727 782 2792; x_wconf 93' lang='lat' dir='ltr'>ei</span> <span class='ocrx_word' id='word_1_192' title='bbox 813 2728 926 2811; x_wconf 89' lang='lat' dir='ltr'>ubique</span> <span class='ocrx_word' id='word_1_193' title='bbox 949 2728 1192 2794; x_wconf 85' lang='lat' dir='ltr'>continuantium</span> 
     </span>
     <span class='ocr_line' id='line_1_25' title="bbox 79 2831 1320 2918; baseline -0.002 -21"><span class='ocrx_word' id='word_1_194' title='bbox 79 2832 169 2897; x_wconf 82' lang='lat' dir='ltr'>rnitae</span> <span class='ocrx_word' id='word_1_195' title='bbox 198 2832 474 2916; x_wconf 85' lang='lat' dir='ltr'>interrogationum</span> <span class='ocrx_word' id='word_1_196' title='bbox 507 2839 536 2897; x_wconf 90' lang='lat' dir='ltr'>et</span> <span class='ocrx_word' id='word_1_197' title='bbox 566 2833 799 2912; x_wconf 90' lang='lat' dir='ltr'>responsionum</span> <span class='ocrx_word' id='word_1_198' title='bbox 824 2831 970 2897; x_wconf 85' lang='lat' dir='ltr'>scandala</span> <span class='ocrx_word' id='word_1_199' title='bbox 994 2843 1190 2912; x_wconf 91' lang='lat' dir='ltr'>ponerentur.</span> <span class='ocrx_word' id='word_1_200' title='bbox 1317 2912 1320 2918; x_wconf 25' lang='grc' dir='ltr'>Ι</span> 
     </span>
     <span class='ocr_line' id='line_1_26' title="bbox 89 2935 1244 3020; baseline -0.002 -19"><span class='ocrx_word' id='word_1_201' title='bbox 89 2938 121 3001; x_wconf 75' lang='grc'>7.</span> <span class='ocrx_word' id='word_1_202' title='bbox 145 2935 247 3000; x_wconf 92' lang='lat' dir='ltr'>Nobis</span> <span class='ocrx_word' id='word_1_203' title='bbox 269 2947 370 3001; x_wconf 87' lang='lat' dir='ltr'>autem</span> <span class='ocrx_word' id='word_1_204' title='bbox 395 2937 592 3001; x_wconf 90' lang='lat' dir='ltr'>meminimus</span> <span class='ocrx_word' id='word_1_205' title='bbox 614 2936 747 3019; x_wconf 84' lang='lat' dir='ltr'>uitaeque</span> <span class='ocrx_word' id='word_1_206' title='bbox 771 2944 884 3002; x_wconf 80' lang='lat' dir='ltr'>nostra</span> <span class='ocrx_word' id='word_1_207' title='bbox 908 2937 1020 3020; x_wconf 89' lang='lat' dir='ltr'>ubique</span> <span class='ocrx_word' id='word_1_208' title='bbox 1037 2936 1191 3013; x_wconf 71' lang='lat' dir='ltr'>scandala</span> <span class='ocrx_word' id='word_1_209' title='bbox 1219 2961 1244 2999; x_wconf 76' lang='lat' dir='ltr'>a</span> 
     </span>
     <span class='ocr_line' id='line_1_27' title="bbox 79 3039 1191 3124; baseline 0.001 -20"><span class='ocrx_word' id='word_1_210' title='bbox 79 3042 165 3124; x_wconf 81' lang='lat' dir='ltr'>iique</span> <span class='ocrx_word' id='word_1_211' title='bbox 177 3042 274 3116; x_wconf 81' lang='lat' dir='ltr'>funes,</span> <span class='ocrx_word' id='word_1_212' title='bbox 287 3040 401 3124; x_wconf 89' lang='lat' dir='ltr'>ubique</span> <span class='ocrx_word' id='word_1_213' title='bbox 414 3039 540 3122; x_wconf 88' lang='lat' dir='ltr'>laqueos</span> <span class='ocrx_word' id='word_1_214' title='bbox 552 3060 722 3118; x_wconf 86' lang='lat' dir='ltr'>occurrere,</span> <span class='ocrx_word' id='word_1_215' title='bbox 735 3040 874 3124; x_wconf 89' lang='lat' dir='ltr'>nihilque</span> <span class='ocrx_word' id='word_1_216' title='bbox 887 3061 964 3117; x_wconf 84' lang='lat' dir='ltr'>esse,</span> <span class='ocrx_word' id='word_1_217' title='bbox 977 3041 1027 3106; x_wconf 94' lang='lat' dir='ltr'>nbi</span> <span class='ocrx_word' id='word_1_218' title='bbox 1041 3061 1101 3105; x_wconf 93' lang='lat' dir='ltr'>non</span> <span class='ocrx_word' id='word_1_219' title='bbox 1114 3060 1191 3123; x_wconf 72' lang='lat' dir='ltr'>prm</span> 
     </span>
     <span class='ocr_line' id='line_1_28' title="bbox 79 3144 1189 3228; baseline -0.001 -19"><span class='ocrx_word' id='word_1_220' title='bbox 79 3153 142 3210; x_wconf 85' lang='lat' dir='ltr'>ntae</span> <span class='ocrx_word' id='word_1_221' title='bbox 167 3144 256 3209; x_wconf 91' lang='lat' dir='ltr'>nobis</span> <span class='ocrx_word' id='word_1_222' title='bbox 280 3165 403 3225; x_wconf 89' lang='lat' dir='ltr'>semper</span> <span class='ocrx_word' id='word_1_223' title='bbox 424 3145 545 3208; x_wconf 74' lang='lat' dir='ltr'>insidiae</span> <span class='ocrx_word' id='word_1_224' title='bbox 572 3144 642 3208; x_wconf 91' lang='lat' dir='ltr'>sint.</span> <span class='ocrx_word' id='word_1_225' title='bbox 689 3150 719 3209; x_wconf 88' lang='lat' dir='ltr'>et</span> <span class='ocrx_word' id='word_1_226' title='bbox 745 3144 871 3210; x_wconf 88' lang='lat' dir='ltr'>difficile</span> <span class='ocrx_word' id='word_1_227' title='bbox 899 3152 946 3210; x_wconf 87' lang='lat' dir='ltr'>est</span> <span class='ocrx_word' id='word_1_228' title='bbox 971 3164 1052 3210; x_wconf 91' lang='lat' dir='ltr'>ncnc</span> <span class='ocrx_word' id='word_1_229' title='bbox 1080 3144 1189 3228; x_wconf 91' lang='lat' dir='ltr'>laqueo</span> 
     </span>
     <span class='ocr_line' id='line_1_29' title="bbox 79 3248 1192 3332; baseline -0.001 -18"><span class='ocrx_word' id='word_1_230' title='bbox 79 3255 192 3314; x_wconf 74' lang='lat' dir='ltr'>tnuem</span> <span class='ocrx_word' id='word_1_231' title='bbox 215 3248 390 3314; x_wconf 91' lang='lat' dir='ltr'>absoluere:</span> <span class='ocrx_word' id='word_1_232' title='bbox 414 3248 486 3332; x_wconf 89' lang='lat' dir='ltr'>quia</span> <span class='ocrx_word' id='word_1_233' title='bbox 508 3248 647 3313; x_wconf 91' lang='lat' dir='ltr'>confusio</span> <span class='ocrx_word' id='word_1_234' title='bbox 669 3248 731 3312; x_wconf 92' lang='lat' dir='ltr'>illis</span> <span class='ocrx_word' id='word_1_235' title='bbox 755 3254 811 3326; x_wconf 83' lang='lat' dir='ltr'>est,</span> <span class='ocrx_word' id='word_1_236' title='bbox 836 3270 967 3332; x_wconf 90' lang='lat' dir='ltr'>qnorum</span> <span class='ocrx_word' id='word_1_237' title='bbox 991 3251 1068 3314; x_wconf 92' lang='lat' dir='ltr'>deus</span> <span class='ocrx_word' id='word_1_238' title='bbox 1083 3261 1192 3315; x_wconf 93' lang='lat' dir='ltr'>uenter</span> 
     </span>
     <span class='ocr_line' id='line_1_30' title="bbox 79 3352 1190 3437; baseline 0.001 -20"><span class='ocrx_word' id='word_1_239' title='bbox 79 3359 104 3417; x_wconf 78' lang='lat' dir='ltr'>t</span> <span class='ocrx_word' id='word_1_240' title='bbox 127 3373 233 3417; x_wconf 89' lang='lat' dir='ltr'>rarum</span> <span class='ocrx_word' id='word_1_241' title='bbox 249 3353 341 3417; x_wconf 92' lang='lat' dir='ltr'>etiam</span> <span class='ocrx_word' id='word_1_242' title='bbox 359 3360 405 3416; x_wconf 89' lang='lat' dir='ltr'>est</span> <span class='ocrx_word' id='word_1_243' title='bbox 420 3373 501 3417; x_wconf 92' lang='lat' dir='ltr'>nunc</span> <span class='ocrx_word' id='word_1_244' title='bbox 517 3373 535 3416; x_wconf 89' lang='lat' dir='ltr'>a</span> <span class='ocrx_word' id='word_1_245' title='bbox 550 3352 659 3436; x_wconf 90' lang='lat' dir='ltr'>laqueo</span> <span class='ocrx_word' id='word_1_246' title='bbox 674 3353 795 3417; x_wconf 91' lang='lat' dir='ltr'>oculum</span> <span class='ocrx_word' id='word_1_247' title='bbox 819 3352 967 3418; x_wconf 90' lang='lat' dir='ltr'>liberare:</span> <span class='ocrx_word' id='word_1_248' title='bbox 992 3353 1064 3437; x_wconf 89' lang='lat' dir='ltr'>quia</span> <span class='ocrx_word' id='word_1_249' title='bbox 1083 3355 1134 3437; x_wconf 91' lang='lat' dir='ltr'>qni</span> <span class='ocrx_word' id='word_1_250' title='bbox 1150 3356 1190 3418; x_wconf 87' lang='lat' dir='ltr'>ad</span> 
     </span>
     <span class='ocr_line' id='line_1_31' title="bbox 79 3453 1315 3541; baseline -0.001 -23"><span class='ocrx_word' id='word_1_251' title='bbox 79 3456 327 3537; x_wconf 72' lang='lat' dir='ltr'>»conpiscentiam</span> <span class='ocrx_word' id='word_1_252' title='bbox 340 3457 426 3534; x_wconf 76' lang='lat' dir='ltr'>uidit,</span> <span class='ocrx_word' id='word_1_253' title='bbox 438 3457 498 3520; x_wconf 92' lang='lat' dir='ltr'>iam</span> <span class='ocrx_word' id='word_1_254' title='bbox 514 3456 686 3522; x_wconf 69' lang='lat' dir='ltr'>moechatus</span> <span class='ocrx_word' id='word_1_255' title='bbox 697 3457 729 3521; x_wconf 94' lang='lat' dir='ltr'>in</span> <span class='ocrx_word' id='word_1_256' title='bbox 741 3460 835 3522; x_wconf 90' lang='lat' dir='ltr'>corde</span> <span class='ocrx_word' id='word_1_257' title='bbox 848 3468 901 3521; x_wconf 92' lang='lat' dir='ltr'>est.</span> <span class='ocrx_word' id='word_1_258' title='bbox 926 3459 1056 3521; x_wconf 90' lang='lat' dir='ltr'>arduum</span> <span class='ocrx_word' id='word_1_259' title='bbox 1070 3477 1191 3541; x_wconf 88' lang='lat' dir='ltr'>qnoque</span> <span class='ocrx_word' id='word_1_260' title='bbox 1218 3482 1244 3517; x_wconf 80' lang='lat' dir='ltr'>ao</span> <span class='ocrx_word' id='word_1_261' title='bbox 1313 3453 1315 3456; x_wconf 77' lang='grc'><strong>’</strong></span> 
     </span>
     <span class='ocr_line' id='line_1_32' title="bbox 79 3559 1189 3644; baseline 0.004 -22"><span class='ocrx_word' id='word_1_262' title='bbox 79 3571 95 3625; x_wconf 87' lang='lat' dir='ltr'>t</span> <span class='ocrx_word' id='word_1_263' title='bbox 118 3560 256 3644; x_wconf 83' lang='lat' dir='ltr'>linguam</span> <span class='ocrx_word' id='word_1_264' title='bbox 281 3559 389 3644; x_wconf 90' lang='lat' dir='ltr'>laqueo</span> <span class='ocrx_word' id='word_1_265' title='bbox 414 3561 564 3627; x_wconf 83' lang='lat' dir='ltr'>eximere:</span> <span class='ocrx_word' id='word_1_266' title='bbox 599 3563 638 3625; x_wconf 92' lang='lat' dir='ltr'>de</span> <span class='ocrx_word' id='word_1_267' title='bbox 672 3562 754 3624; x_wconf 91' lang='lat' dir='ltr'>omni</span> <span class='ocrx_word' id='word_1_268' title='bbox 790 3561 874 3626; x_wconf 92' lang='lat' dir='ltr'>enim</span> <span class='ocrx_word' id='word_1_269' title='bbox 908 3562 1006 3626; x_wconf 86' lang='lat' dir='ltr'>otioso</span> <span class='ocrx_word' id='word_1_270' title='bbox 1040 3563 1134 3626; x_wconf 90' lang='lat' dir='ltr'>uerbo</span> <span class='ocrx_word' id='word_1_271' title='bbox 1158 3563 1189 3626; x_wconf 93' lang='lat' dir='ltr'>in</span> 
     </span>
    </p>
   </div>
   <div class='ocr_carea' id='block_1_3' title="bbox 91 3718 971 3785">
    <p class='ocr_par' dir='ltr' id='par_1_3' title="bbox 91 3718 971 3785">
     <span class='ocr_line' id='line_1_33' title="bbox 91 3718 971 3785; baseline -0.002 -13"><span class='ocrx_word' id='word_1_272' title='bbox 91 3721 126 3772; x_wconf 80' lang='lat' dir='ltr'>aa</span> <span class='ocrx_word' id='word_1_273' title='bbox 144 3719 216 3771; x_wconf 77' lang='lat' dir='ltr'>nsit.</span> <span class='ocrx_word' id='word_1_274' title='bbox 235 3719 284 3784; x_wconf 87' lang='lat'>111,</span> <span class='ocrx_word' id='word_1_275' title='bbox 305 3721 344 3771; x_wconf 84' lang='lat' dir='ltr'>ia.</span> <span class='ocrx_word' id='word_1_276' title='bbox 381 3721 415 3771; x_wconf 79' lang='lat' dir='ltr'>aa</span> <span class='ocrx_word' id='word_1_277' title='bbox 434 3719 532 3771; x_wconf 78' lang='lat' dir='ltr'>uatis.</span> <span class='ocrx_word' id='word_1_278' title='bbox 552 3718 584 3785; x_wconf 86' lang='lat' dir='ltr'>v,</span> <span class='ocrx_word' id='word_1_279' title='bbox 602 3720 644 3772; x_wconf 80' lang='lat' dir='ltr'>as.</span> <span class='ocrx_word' id='word_1_280' title='bbox 680 3721 713 3771; x_wconf 84' lang='lat'>31</span> <span class='ocrx_word' id='word_1_281' title='bbox 733 3718 831 3771; x_wconf 73' lang='lat' dir='ltr'>matth.</span> <span class='ocrx_word' id='word_1_282' title='bbox 851 3719 911 3784; x_wconf 89' lang='lat' dir='ltr'>xu,</span> <span class='ocrx_word' id='word_1_283' title='bbox 929 3721 971 3772; x_wconf 85' lang='lat' dir='ltr'>se.</span> 
     </span>
    </p>
   </div>
   <div class='ocr_carea' id='block_1_4' title="bbox 79 3857 1191 4118">
    <p class='ocr_par' dir='ltr' id='par_1_4' title="bbox 79 3857 1191 4118">
     <span class='ocr_line' id='line_1_34' title="bbox 91 3857 1191 3926; baseline -0.002 -14"><span class='ocrx_word' id='word_1_284' title='bbox 91 3857 278 3912; x_wconf 65' lang='lat' dir='ltr'>doccidcndo</span> <span class='ocrx_word' id='word_1_285' title='bbox 308 3875 356 3910; x_wconf 88' lang='lat' dir='ltr'>om.</span> <span class='ocrx_word' id='word_1_286' title='bbox 388 3859 433 3910; x_wconf 80' lang='lat' dir='ltr'>lla</span> <span class='ocrx_word' id='word_1_287' title='bbox 504 3860 535 3911; x_wconf 89' lang='lat' dir='ltr'>ll</span> <span class='ocrx_word' id='word_1_288' title='bbox 564 3859 592 3910; x_wconf 90' lang='lat' dir='ltr'>iu</span> <span class='ocrx_word' id='word_1_289' title='bbox 623 3857 808 3926; x_wconf 88' lang='lat' dir='ltr'>muscipulum</span> <span class='ocrx_word' id='word_1_290' title='bbox 839 3858 865 3911; x_wconf 82' lang='lat' dir='ltr'><em>R</em></span> <span class='ocrx_word' id='word_1_291' title='bbox 894 3859 922 3910; x_wconf 89' lang='lat' dir='ltr'>in</span> <span class='ocrx_word' id='word_1_292' title='bbox 954 3858 1136 3926; x_wconf 87' lang='lat' dir='ltr'>muscipulam</span> <span class='ocrx_word' id='word_1_293' title='bbox 1164 3859 1191 3910; x_wconf 89' lang='grc' dir='ltr'><em>Ε</em></span> 
     </span>
     <span class='ocr_line' id='line_1_35' title="bbox 79 3945 1190 4015; baseline -0.001 -16"><span class='ocrx_word' id='word_1_294' title='bbox 79 3951 81 3958; x_wconf 82' lang='grc'><em>’</em></span> <span class='ocrx_word' id='word_1_295' title='bbox 100 3945 289 3999; x_wconf 82' lang='lat' dir='ltr'>contionantis</span> <span class='ocrx_word' id='word_1_296' title='bbox 308 3945 334 3997; x_wconf 82' lang='lat' dir='ltr'><em>R</em></span> <span class='ocrx_word' id='word_1_297' title='bbox 388 3947 419 3997; x_wconf 87' lang='lat'>18</span> <span class='ocrx_word' id='word_1_298' title='bbox 438 3949 501 3997; x_wconf 76' lang='lat' dir='ltr'>aute</span> <span class='ocrx_word' id='word_1_299' title='bbox 519 3964 590 4015; x_wconf 82' lang='lat' dir='ltr'>supr.</span> <span class='ocrx_word' id='word_1_300' title='bbox 609 3963 658 3997; x_wconf 86' lang='lat' dir='ltr'>scr.</span> <span class='ocrx_word' id='word_1_301' title='bbox 677 3963 709 3996; x_wconf 86' lang='lat' dir='ltr'>m.</span> <span class='ocrx_word' id='word_1_302' title='bbox 732 3945 744 3996; x_wconf 86' lang='lat' dir='ltr'>l</span> <span class='ocrx_word' id='word_1_303' title='bbox 765 3946 788 3996; x_wconf 80' lang='lat' dir='ltr'>lt</span> <span class='ocrx_word' id='word_1_304' title='bbox 843 3947 875 3998; x_wconf 82' lang='lat'>19</span> <span class='ocrx_word' id='word_1_305' title='bbox 897 3946 1085 4014; x_wconf 82' lang='lat' dir='ltr'>interrogatur</span> <span class='ocrx_word' id='word_1_306' title='bbox 1104 3947 1129 3998; x_wconf 85' lang='lat' dir='ltr'><em>R</em></span> <span class='ocrx_word' id='word_1_307' title='bbox 1147 3946 1190 3999; x_wconf 91' lang='lat' dir='ltr'>in·</span> 
     </span>
     <span class='ocr_line' id='line_1_36' title="bbox 79 4032 1189 4118; baseline 0 -32"><span class='ocrx_word' id='word_1_308' title='bbox 79 4033 277 4101; x_wconf 80' lang='lat' dir='ltr'>rrogarctan</span> <span class='ocrx_word' id='word_1_309' title='bbox 327 4033 497 4100; x_wconf 75' lang='lat' dir='ltr'>utputaneli</span> <span class='ocrx_word' id='word_1_310' title='bbox 550 4035 582 4085; x_wconf 79' lang='lat'>21</span> <span class='ocrx_word' id='word_1_311' title='bbox 596 4032 656 4084; x_wconf 88' lang='lat' dir='ltr'>niac</span> <span class='ocrx_word' id='word_1_312' title='bbox 670 4032 900 4118; x_wconf 64' lang='lat' dir='ltr'>sueoniacseR</span> <span class='ocrx_word' id='word_1_313' title='bbox 952 4034 983 4086; x_wconf 78' lang='lat'>21</span> <span class='ocrx_word' id='word_1_314' title='bbox 999 4032 1189 4086; x_wconf 84' lang='lat' dir='ltr'>continuantes</span> 
     </span>
    </p>
   </div>
   <div class='ocr_carea' id='block_1_5' title="bbox 79 4136 1191 4292">
    <p class='ocr_par' dir='ltr' id='par_1_5' title="bbox 79 4136 1191 4292">
     <span class='ocr_line' id='line_1_37' title="bbox 79 4136 1191 4209; baseline -0.002 -19"><span class='ocrx_word' id='word_1_315' title='bbox 79 4140 139 4209; x_wconf 67' lang='lat' dir='ltr'>ipsi</span> <span class='ocrx_word' id='word_1_316' title='bbox 156 4137 329 4190; x_wconf 87' lang='lat' dir='ltr'>continuanti</span> <span class='ocrx_word' id='word_1_317' title='bbox 350 4136 375 4188; x_wconf 84' lang='lat' dir='ltr'><em>R</em></span> <span class='ocrx_word' id='word_1_318' title='bbox 393 4137 546 4190; x_wconf 84' lang='lat' dir='ltr'>continuati</span> <span class='ocrx_word' id='word_1_319' title='bbox 565 4157 583 4186; x_wconf 91' lang='grc' dir='ltr'><strong><em>α</em></strong></span> <span class='ocrx_word' id='word_1_320' title='bbox 602 4136 787 4190; x_wconf 75' lang='lat' dir='ltr'>continuatae</span> <span class='ocrx_word' id='word_1_321' title='bbox 839 4139 873 4190; x_wconf 76' lang='grc'>22</span> <span class='ocrx_word' id='word_1_322' title='bbox 888 4154 983 4190; x_wconf 88' lang='lat' dir='ltr'>earnm</span> <span class='ocrx_word' id='word_1_323' title='bbox 999 4153 1031 4189; x_wconf 85' lang='lat' dir='ltr'>ac</span> <span class='ocrx_word' id='word_1_324' title='bbox 1043 4139 1071 4190; x_wconf 79' lang='lat' dir='ltr'>C.</span> <span class='ocrx_word' id='word_1_325' title='bbox 1082 4140 1191 4191; x_wconf 74' lang='lat' dir='ltr'>s&#39;ctentt</span> 
     </span>
     <span class='ocr_line' id='line_1_38' title="bbox 95 4223 1187 4292; baseline -0.003 -15"><span class='ocrx_word' id='word_1_326' title='bbox 95 4225 124 4278; x_wconf 81' lang='lat' dir='ltr'><em>R</em></span> <span class='ocrx_word' id='word_1_327' title='bbox 141 4241 174 4277; x_wconf 82' lang='lat' dir='ltr'>sc</span> <span class='ocrx_word' id='word_1_328' title='bbox 193 4224 325 4277; x_wconf 68' lang='lat' dir='ltr'>earnmh</span> <span class='ocrx_word' id='word_1_329' title='bbox 378 4226 412 4277; x_wconf 75' lang='lat'>23</span> <span class='ocrx_word' id='word_1_330' title='bbox 431 4223 588 4291; x_wconf 83' lang='lat' dir='ltr'>scriptaRa</span> <span class='ocrx_word' id='word_1_331' title='bbox 641 4225 675 4276; x_wconf 80' lang='lat'>26</span> <span class='ocrx_word' id='word_1_332' title='bbox 694 4224 795 4290; x_wconf 90' lang='lat' dir='ltr'>ubique</span> <span class='ocrx_word' id='word_1_333' title='bbox 814 4223 892 4277; x_wconf 86' lang='lat' dir='ltr'>funes</span> <span class='ocrx_word' id='word_1_334' title='bbox 911 4224 1012 4292; x_wconf 89' lang='lat' dir='ltr'>ubique</span> <span class='ocrx_word' id='word_1_335' title='bbox 1031 4223 1187 4278; x_wconf 65' lang='lat' dir='ltr'>scandalar.</span> 
     </span>
    </p>
   </div>
   <div class='ocr_carea' id='block_1_6' title="bbox 0 0 1402 4844">
    <p class='ocr_par' dir='ltr' id='par_1_6' title="bbox 0 0 1402 4844">
     <span class='ocr_line' id='line_1_39' title="bbox 0 0 1402 4844; baseline 0 0"><span class='ocrx_word' id='word_1_336' title='bbox 0 0 1402 4844; x_wconf 95' lang='lat' dir='ltr'> </span> 
     </span>
    </p>
   </div>
  </div>
 </body>
</html>
