2790 4844
98 1426 122 1460 ld

149 271 191 336 54
489 270 606 323 sancti
631 268 765 322 Hilarii
790 267 954 336 episcopi

148 461 325 525 abonitate
350 481 404 525 sua
435 460 556 524 excedit
579 465 696 523 terrore
726 460 896 539 praemisso,
926 464 960 522 ut
990 457 1029 521 ad
1059 459 1207 538 pietatem
1239 478 1270 522 m

148 571 250 629 metus
274 566 348 640 eius,
372 565 458 628 cuius
481 569 617 644 potestas
649 568 731 627 esset
762 563 981 642 demonstrata,
1005 568 1175 627 reuocaret.
1222 582 1270 627 coi

149 669 310 734 turbantur
345 688 420 751 ergo
454 667 625 732 frementes
663 672 695 731 et
730 687 808 731 uana
847 667 1041 740 meditantes,
1075 686 1147 731 cum
1180 686 1270 750 regei

148 773 256 850 sciunt,
280 793 351 836 cum
374 771 472 836 filium
496 772 547 836 dei
576 772 711 848 audiunt,
742 791 812 834 oum
843 791 1054 850 possessorem
1080 791 1151 835 eum
1182 769 1270 835 finiur

148 883 239 942 terrea
274 881 305 942 et
327 875 479 941 heredem
503 895 573 940 esse
596 876 737 958 gentium
768 875 899 952 discunt,
930 894 1001 951 cum
1031 875 1161 959 regendi
1191 875 1270 939 iusi

149 980 237 1062 uirga
261 980 363 1045 ferrea
386 981 452 1044 eius
475 1000 544 1044 esse
568 987 767 1062 cognoscunt,
791 999 862 1043 oum
885 981 977 1043 modo
996 999 1031 1042 ao
1049 979 1194 1043 facilitate
1210 998 1270 1042 uas

148 1083 236 1168 figuli
267 1083 520 1149 comminuendos
552 1084 679 1165 populos
713 1083 905 1166 intellegunt.
951 1084 995 1147 sic
1026 1082 1160 1166 loquitur
1189 1084 1270 1147 iratu

148 1189 194 1253 sic
217 1190 379 1254 conturbat
401 1189 576 1271 indignans,
602 1208 661 1251 non
685 1189 815 1268 puniens
831 1188 1000 1251 admissam
1016 1188 1220 1267 impietatem,
1237 1207 1270 1250 se

148 1293 395 1374 impaenitentem
418 1292 458 1356 ad
480 1293 665 1373 pmnitentirn
689 1292 915 1357 consessionem
944 1297 1184 1356 commemorato
1207 1297 1270 1371 pots

151 1397 239 1461 statis
264 1403 381 1461 terrore
403 1397 598 1477 perturbans.

194 1501 244 1565 23.
270 1500 464 1583 Quamquam
488 1520 562 1564 uero
593 1521 649 1580 per
679 1501 821 1580 spiritum
852 1497 1029 1579 prophetia,
1059 1519 1114 1579 pro
1144 1497 1270 1580 gereon

149 1611 239 1689 gesta
262 1606 472 1679 memorantis,
504 1606 575 1687 quia
605 1603 711 1668 solitus
742 1605 783 1668 sit
812 1624 867 1683 per
902 1624 961 1666 uon
985 1604 1165 1686 ambiguam
1189 1622 1268 1681 prou

151 1709 288 1773 dentiam
323 1711 533 1793 gerendorum
568 1710 643 1773 deus
679 1708 780 1772 lutura
814 1728 869 1788 pro
903 1708 1067 1788 praeteritis
1106 1705 1268 1790 significar

150 1813 288 1878 absolute
312 1813 451 1895 intellegi
475 1814 580 1893 possit,
611 1814 715 1877 omnia
738 1812 806 1877 haec
830 1832 867 1876 ex
896 1831 1029 1892 persona
1057 1811 1211 1893 unigeniti
1242 1809 1270 1874 fi‘

152 1918 203 1982 dei
226 1918 343 1981 domini
366 1918 463 1981 nostri
482 1916 555 1981 Iesu
571 1915 687 1981 Christi
711 1917 792 1981 dicta
815 1937 894 1992 esse,
918 1922 949 1980 et
971 1914 1137 1980 infidelitas
1161 1915 1270 1979 marin

152 2023 192 2085 sit
215 2022 370 2101 trepidum
393 2022 433 2084 ad
457 2019 524 2084 haec
547 2041 672 2085 sensum
696 2021 850 2104 ambigua
866 2020 1016 2099 opinionis
1032 2019 1164 2094 adferre,
1190 2025 1270 2081 tame

152 2125 243 2189 etiam
270 2124 457 2209 euangelicis
481 2132 573 2207 atque
596 2123 770 2205 apostolicis
802 2125 948 2188 doctrinis
978 2124 1208 2189 ostendendum
1239 2143 1270 2187 es

152 2228 228 2292 nihil
245 2249 350 2293 eorum
371 2228 564 2310 prophetam,
581 2249 650 2311 quae
667 2230 806 2312 geronda
820 2229 1079 2311 praedicandaque
1095 2233 1211 2301 essent
1236 2247 1270 2290 m·

152 2339 243 2398 antea
266 2333 476 2415 prophetasse,
500 2334 635 2398 maxime
659 2353 729 2397 eum
754 2352 814 2395 non
831 2333 959 2415 exiguus
975 2332 1188 2415 ignorantibus
1204 2337 1270 2414 atqi

101 2462 112 2497 s
156 2437 346 2519 simplicibus
371 2458 457 2502 error
479 2439 593 2501 oriatur
616 2438 648 2500 in
671 2457 715 2512 eo,
740 2438 822 2519 quod
845 2438 962 2501 dictum
986 2442 1047 2501 est:
1079 2455 1153 2518 ego
1176 2435 1270 2500 hodi

152 2543 273 2625 genui
299 2548 345 2607 to.
391 2562 461 2605 curn
485 2542 569 2606 euim
593 2548 664 2606 ante
693 2549 832 2622 tempora
855 2541 1030 2624 unigenitus
1054 2541 1103 2605 dei
1126 2539 1210 2605 filius
1235 2561 1270 2605 m

153 2652 232 2722 neat,
257 2666 316 2710 nou
341 2647 528 2710 conueniens
551 2652 584 2710 et
606 2665 777 2710 consonans
801 2666 870 2710 esse
901 2643 1103 2728 intellegitur,
1134 2646 1224 2709 utin
1248 2647 1269 2710 d

153 2751 277 2835 genitus
303 2751 349 2824 sit,
374 2770 444 2813 cum
470 2750 537 2814 dies
561 2770 671 2814 omnes
702 2751 732 2814 in
766 2758 904 2830 tempore
927 2751 996 2814 sint.
1042 2757 1181 2829 tempora
1214 2750 1270 2814 enii

153 2855 323 2919 secundum
357 2855 569 2934 praecriptam
604 2854 693 2918 nobis
716 2875 734 2917 a
759 2854 866 2938 Moyse
900 2854 1116 2938 cognitionem,
1152 2854 1183 2916 iu
1217 2852 1270 2917 hur

103 2984 107 2998 ·
155 2978 244 3022 suum
267 2965 385 3022 motum
409 2964 501 3041 atque
525 2978 648 3024 cursum
671 2959 710 3022 ab
734 2959 853 3041 origine
884 2958 988 3022 sacculi
1018 2963 1050 3023 et
1079 2959 1271 3022 constitutior

153 3063 296 3126 dimensa
319 3069 397 3140 sunt,
422 3082 493 3126 eum
517 3083 572 3142 per
595 3069 754 3126 momenta
778 3069 809 3126 et
833 3061 923 3126 boras
946 3069 978 3127 et
993 3082 1119 3126 menses
1136 3069 1167 3125 et
1183 3080 1270 3125 annm

198 3255 211 3305 1
232 3253 266 3305 ad
283 3253 388 3321 pietate
407 3253 432 3305 R
450 3252 484 3305 ad
503 3253 636 3321 pietatem
655 3273 685 3305 rr·
702 3253 737 3306 ad
756 3253 917 3321 inpietatem
937 3252 1001 3305 m?
1022 3253 1047 3306 V
1096 3253 1112 3302 2
1131 3254 1270 3320 potestate

154 3340 223 3404 (tem
247 3342 275 3392 in
288 3357 340 3392 ros.
353 3358 385 3391 m.
398 3336 427 3403 3)
447 3338 620 3392 demonstrat
638 3337 661 3405 (t
679 3342 704 3391 in
724 3358 776 3392 ros.
795 3338 905 3405 111.le
957 3344 1070 3392 uocaret
1086 3339 1112 3390 R
1130 3351 1255 3391 reuocare

153 3427 390 3479 conturbabantur
405 3427 430 3479 V
478 3429 497 3478 4
504 3443 689 3494 possessorem
699 3443 762 3479 eum
772 3446 802 3479 ex
810 3444 994 3495 possessorem
1005 3444 1068 3479 cum
1079 3426 1104 3477 R
1114 3438 1270 3493 possessore

153 3529 395 3612 eumcorr.m.2V
437 3529 752 3583 5discunterrdicuntR
788 3535 849 3583 bac
858 3548 928 3599 supr.
938 3530 1020 3582 sch
1056 3506 1270 3582 uasi'cm?

154 3638 170 3688 9
188 3634 386 3703 impoenitente
403 3634 464 3686 Vin
472 3609 668 3703 ssp⁰enitente
679 3636 704 3687 R
747 3634 916 3702 penitentiae
927 3653 956 3685 m
966 3634 1169 3701 paenitaentiae
1181 3635 1204 3686 R
1216 3646 1270 3701 pet

153 3721 256 3774 tentiae
266 3740 296 3773 err
315 3720 495 3789 penitentiam
505 3741 537 3774 m.
548 3721 568 3773 2
579 3721 604 3773 V
637 3723 822 3774 obmemorato
835 3718 861 3786 (o
872 3724 898 3773 io
908 3721 971 3785 ros.)
984 3719 1006 3769 R
1025 3725 1248 3774 commemoratae

155 3812 406 3860 commemorantur
433 3826 465 3859 m.
493 3807 513 3860 2
541 3808 567 3861 V
618 3810 646 3861 11
667 3807 801 3876 profetiae
827 3807 1027 3875 Vprophetiae
1047 3827 1077 3860 er
1103 3807 1247 3876 prophetae

157 3914 188 3965 12
197 3911 376 3965 memorantis
386 3931 415 3964 er
425 3916 613 3965 memorantur
623 3929 654 3965 m.
669 3915 682 3963 l
698 3913 723 3966 V
756 3915 788 3964 15
798 3887 856 3964 ess⁰
873 3912 896 3964 V
931 3915 962 3965 16
972 3911 1100 3980 ambigue
1110 3908 1155 3976 (ue
1165 3913 1190 3962 in
1200 3907 1270 3975 ros.)

157 4001 189 4051 17
208 3998 395 4067 euuangelicis
419 4000 467 4051 VR
520 3999 609 4067 adque
630 4000 677 4052 VR
732 4002 764 4053 18
776 4000 910 4066 profetam
930 3999 978 4051 VR
1030 3998 1152 4066 gerenda
1170 4015 1199 4050 er
1215 4009 1270 4066 ger:

156 4085 278 4138 randaR
327 4088 361 4138 22
370 4102 422 4138 uec
432 4086 598 4139 conueniens
615 4102 665 4139 nec
675 4101 828 4138 consonans
843 4105 855 4135 s
907 4085 1079 4138 ssssomnisex
1097 4083 1270 4140 omnnem?

156 4172 244 4225 omnis
263 4174 318 4225 RE
369 4173 405 4226 sit
420 4172 470 4224 VE
521 4175 555 4226 24
573 4172 773 4241 praescribtum
797 4173 845 4225 VR
898 4172 1011 4224 anobis
1038 4171 1223 4239 aMoyseV

156 4259 207 4312 hac
226 4278 305 4313 suum
325 4261 350 4312 R
402 4261 437 4312 25
456 4263 484 4312 et
502 4278 550 4311 om.
570 4260 596 4311 R
648 4260 682 4313 26
701 4275 762 4311 oras
782 4260 814 4311 R.
