2790 4844
147 249 211 313 694
486 252 604 305 saneti
630 250 765 304 Hilarii
790 252 951 320 episcopi

147 439 247 504 Exodi
271 440 419 520 inscripta
442 447 521 518 sunt
545 441 682 524 Aegypti
714 440 826 525 plaga,
857 440 1029 505 Pharaonis
1052 459 1158 521 panna,
1193 460 1298 524 regum

148 551 265 609 mortes
296 555 327 609 et
350 543 471 610 hostilis
495 551 585 610 terrae
608 544 734 610 obtenta
764 543 931 610 hereditas.
977 545 1032 610 sed
1063 544 1090 609 si
1121 546 1296 610 seeundum

148 647 328 728 apostolum,
352 668 422 732 qua
444 650 475 714 in
500 648 568 733 lege
592 653 672 722 sunt.
695 649 807 714 umbra
829 655 877 714 est
901 649 1081 725 futurorum,
1109 668 1184 732 quae
1208 649 1240 713 in
1263 669 1297 713 ea

148 759 236 836 gesta
270 753 401 831 suerunt,
435 751 666 835 allegorumena
699 759 778 830 sunt,
812 773 873 817 non
903 751 1108 836 neglegenter
1143 754 1296 818 audienda

149 863 227 934 sunt,
259 857 331 940 quia
354 857 410 922 sub
434 855 637 937 corporalium
660 863 818 940 gestorum
841 856 904 922 fide
927 857 958 920 in
983 855 1124 937 exemplo
1150 858 1217 922 sint
1237 859 1294 938 spi·

148 959 282 1031 ritalium
305 980 434 1044 operum
457 961 629 1026 sonantum.
675 979 797 1044 magnae
829 972 932 1025 autem
963 959 1135 1043 diligentia
1168 981 1219 1026 res
1242 968 1293 1036 est,

147 1065 293 1129 uirtutem
318 1065 482 1129 uerborum
499 1063 728 1130 conlocatorum
744 1066 920 1146 expendere
935 1071 968 1129 et
982 1064 1070 1141 seire,
1087 1064 1166 1148 quid
1186 1066 1291 1149 auique

148 1168 192 1233 rei
216 1167 272 1233 sub
297 1189 412 1247 eorum,
437 1189 505 1252 quae
529 1168 712 1246 dictasunt,
736 1167 963 1252 significatione
986 1168 1025 1233 sit
1047 1170 1219 1250 proprium.
1264 1177 1291 1232 ut

132 1269 232 1337 enim
255 1292 315 1336 non
339 1272 477 1337 omnium
501 1278 550 1338 est
580 1272 746 1337 herbarum
768 1292 884 1355 genera
913 1275 1105 1356 uirtutesque
1140 1293 1241 1350 nosse,
1263 1279 1289 1337 et

150 1377 175 1440 si
209 1377 262 1460 qui
295 1376 443 1457 inperitus
474 1397 510 1440 aa
541 1376 664 1441 nescius
694 1378 725 1440 in
748 1396 860 1460 agrum
895 1377 943 1441 his
978 1376 1156 1442 salubribus
1192 1376 1287 1441 lierbis

149 1481 275 1547 diuitem
299 1472 427 1558 uenerit,
451 1480 556 1545 omnia
576 1479 697 1546 inutilia
719 1488 750 1546 et
771 1482 944 1561 promiscue
964 1481 1083 1565 genita
1112 1481 1286 1546 existimans

150 1585 324 1665 preteribit,
349 1593 380 1649 at
402 1604 475 1650 uero
498 1587 525 1650 si
548 1585 663 1665 peritus
686 1592 718 1651 et
742 1587 848 1650 doetus
872 1584 953 1651 hune
976 1585 1239 1666 pretiosissimum
1258 1585 1283 1648 in

149 1688 198 1753 bis
222 1688 416 1773 germinibus
450 1708 560 1772 agrum
594 1690 687 1754 suerit
719 1689 888 1773 ingressus,
923 1689 1037 1766 omnia,
1072 1708 1141 1772 quae
1165 1689 1204 1754 ab
1226 1686 1282 1752 aliis

150 1793 305 1874 praeterita
320 1801 417 1870 erunt,
442 1795 580 1858 demetet
602 1805 635 1858 et
657 1813 701 1868 ea,
733 1812 801 1876 qnae
825 1793 862 1857 ab
888 1793 1005 1876 ignaris
1028 1799 1118 1857 erunt
1141 1791 1278 1876 neglecta

150 1897 313 1961 mirabitur
342 1897 452 1974 sciens,
483 1897 605 1981 quaudo
629 1896 702 1962 utile
726 1898 939 1963 metendorum
970 1917 1078 1962 eorum
1109 1904 1228 1977 tempus
1248 1893 1279 1958 sit

150 2009 180 2065 et
202 2001 232 2065 in
258 2021 325 2084 quae
360 2021 477 2085 genera
510 2001 677 2067 sanitatum
711 1999 760 2065 bis
794 1997 943 2065 utendum
967 2001 1007 2065 sit
1029 2008 1060 2065 et
1083 2009 1228 2085 quantum
1247 2015 1276 2061 ar

149 2103 198 2168 his
222 2110 276 2168 aut
299 2125 358 2188 quo
382 2124 478 2188 usque
502 2104 725 2169 moderandum
749 2105 797 2180 sit,
828 2105 872 2169 sio
893 2113 924 2169 et
946 2105 977 2168 in
1002 2104 1117 2171 diuinis
1132 2100 1273 2184 seripturis

150 2229 219 2273 esse
241 2208 485 2292 intellegendum
508 2215 563 2284 est,
588 2216 628 2285 ut,
643 2209 669 2272 si
693 2229 747 2273 eas
769 2209 910 2289 inperitae
925 2227 1015 2274 aures
1032 2215 1061 2274 et
1077 2228 1165 2274 mens
1180 2205 1273 2272 rasta
1320 2290 1322 2297 Ι

150 2313 261 2390 audiat,
286 2326 443 2396 tamquam
467 2313 578 2377 otiosas
602 2319 633 2377 et
655 2332 717 2376 non
741 2311 932 2378 necessarias
963 2311 1126 2396 neglegam
1159 2323 1189 2376 at
1215 2326 1270 2372 uero
1319 2306 1322 2422 ἶ

151 2417 175 2481 si
201 2416 305 2481 calens
329 2418 368 2481 ad
392 2417 598 2500 cognitionem
623 2417 672 2481 dei
696 2416 816 2481 auditor
838 2436 873 2480 ae
897 2415 992 2480 lector
1016 2415 1168 2481 adstiterit
1189 2421 1216 2479 et
1234 2409 1268 2474 eui
1319 2426 1322 2514 j

151 2513 298 2604 frequens
322 2520 410 2586 lectio
435 2526 466 2585 et
488 2519 633 2600 spiritalis
656 2521 765 2603 gratiae
789 2521 904 2585 donum
927 2519 1091 2585 seientiam
1106 2511 1266 2584 diiudieandl
1320 2534 1322 2551 ¹

151 2624 273 2708 singula
295 2624 558 2708 intellegendique
588 2624 775 2705 praetiterit,
810 2623 972 2689 mirabitur
1005 2624 1108 2689 omnia
1129 2631 1213 2706 atque
1230 2615 1265 2680 his

151 2729 317 2794 seeundum
349 2728 503 2793 naturales
536 2749 642 2793 eorum
673 2728 801 2793 uirtutes
825 2734 855 2792 et
885 2726 1068 2793 efficientias
1097 2731 1195 2792 utetur
1221 2736 1262 2784 non

150 2832 284 2914 ignarus,
301 2832 424 2915 quando
447 2832 522 2915 quid
546 2832 796 2913 praesumendum
820 2831 860 2895 sit
883 2839 912 2895 et
935 2830 966 2894 in
991 2850 1085 2914 quam
1105 2829 1264 2896 curationem
1320 2846 1322 2931 Ξ

197 3024 365 3078 linaeribta
394 3024 419 3076 G
480 3024 600 3078 faraonis
632 3025 657 3076 G
718 2983 859 3078 2hostili⁸
878 3024 902 3075 G
962 3021 1010 3076 sed
1038 3021 1062 3076 si
1092 3022 1117 3075 G
1143 3019 1188 3074 sed
1211 3008 1266 3071 ΡΓΕ
1319 2958 1322 3115 l

150 3167 168 3216 4
186 3163 394 3232 allegorumena
414 3163 453 3216 Ge
470 3109 656 3232 allegldldlnta
677 3164 701 3214 P
716 3163 897 3232 allegoririrta
916 3163 956 3214 Ta
1011 3164 1027 3216 ὅ
1045 3134 1184 3229 gestdrum
1200 3159 1266 3229 gul&

152 3268 214 3304 rum
236 3251 260 3303 G
314 3251 343 3303 in
370 3250 497 3320 exemplo
526 3251 550 3303 G
577 3250 606 3303 in
635 3250 792 3318 exemplum
812 3249 891 3302 PTE
940 3251 1055 3302 9noase
1073 3247 1167 3302 om.G
1215 3235 1269 3298 10⁸i

153 3338 200 3405 qni
219 3338 355 3407 inperitus
374 3354 405 3390 ao
424 3337 533 3391 neaeiua
554 3338 630 3391 GPT
656 3337 680 3391 si
707 3336 768 3405 quis
796 3335 941 3405 imperitus
969 3351 1001 3388 ao
1029 3335 1138 3389 neaoius
1156 3353 1174 3385 α
1191 3332 1212 3387 si
1227 3325 1272 3398 quit

153 3476 299 3544 imperitus
329 3481 377 3529 aut
407 3476 515 3529 nescius
542 3495 555 3527 a
627 3478 656 3529 ll
682 3474 841 3544 promiscua
871 3421 987 3555 egendta
1006 3473 1033 3525 P
1085 3475 1118 3528 la
1136 3472 1172 3527 ad
1188 3463 1277 3527 ueroG

152 3580 399 3648 praetiosissimum
429 3582 453 3633 G
480 3580 632 3648 pretiosum
652 3578 730 3631 PTE
790 3581 823 3632 13
849 3577 1022 3647 germinibus
1043 3577 1109 3631 GPe
1126 3574 1282 3645 graminibus

154 3667 192 3721 Tb
248 3669 280 3721 14
298 3666 450 3736 praeterita
468 3666 571 3720 euntP
627 3665 934 3734 neglectaeaneoleeta
947 3664 973 3716 P
1024 3664 1057 3718 16
1076 3664 1107 3717 in
1126 3680 1182 3750 qug
1200 3675 1286 3747 gener}

152 3771 179 3834 lo
198 3781 220 3823 et
239 3788 253 3823 e
272 3772 299 3823 in
317 3769 381 3837 rua.)
400 3770 427 3822 P
487 3771 519 3824 17
539 3771 579 3823 aio
607 3769 682 3823 etin
702 3769 755 3821 TE
771 3770 827 3834 laed
843 3768 869 3820 Τ
885 3770 912 3821 in
930 3785 1012 3837 mora.
1040 3768 1103 3822 add.
1131 3775 1162 3823 et
1189 3767 1237 3839 qdl
1260 3764 1290 3821 sii

152 3865 180 3910 et
201 3860 238 3925 qd
257 3858 286 3911 in
306 3858 331 3910 P
383 3860 415 3912 18
434 3857 520 3911 etsie
539 3874 583 3910 eas
602 3854 682 3924 (Μ
736 3855 872 3925 inperitae
891 3871 970 3909 aurea
991 3855 1016 3908 G
1034 3855 1170 3924 impiatae
1190 3853 1293 3912 euml

154 3997 255 4064 impiae
274 3995 316 4060 (ae
334 3999 361 4049 in
374 3997 438 4060 raa.)
457 4012 537 4050 aurea
548 3996 574 4048 P
583 3995 668 4065 impia
686 3995 761 4048 auris
772 3994 800 4046 E
851 3996 885 4048 20
902 3994 926 4047 ai
944 3994 1038 4047 ealens
1050 3995 1106 4047 GT
1117 3996 1142 4049 ai
1151 4010 1188 4042 Ξ
1199 3953 1300 4051 ealelP

155 4151 184 4188 ar.
204 4135 291 4188 lector
313 4135 407 4187 GPTa
426 4139 473 4189 aul
491 4135 609 4189 leetors
634 4081 766 4188 mmm
786 4133 812 4185 G
863 4134 898 4186 22
916 4131 1005 4200 adque
1027 4133 1051 4186 G
1106 4137 1145 4190 23
1164 4155 1302 4192 eorum·-

153 4225 250 4274 utetur
268 4237 323 4274 non
342 4225 364 4274 l.
384 4223 400 4275 l.
419 4223 532 4275 omisisse
550 4232 573 4274 et
588 4231 679 4292 posteo
698 4222 835 4274 inseruisse
853 4221 953 4272 uidetur
974 4218 1007 4273 0.
