2790 4844
142 210 205 277 230
487 212 603 265 sancti
622 211 755 265 Hilarii
775 212 938 281 episcopi

141 402 232 486 quis
256 401 416 466 uidebit
439 404 529 467 eos‘?
575 408 696 483 tempus
720 402 905 467 discernitur
927 411 958 466 et
979 403 1131 469 inserendi
1149 404 1289 471 uulneris

141 512 172 572 et
195 505 312 571 consilii
336 505 458 571 firmati.
504 526 577 570 nam
601 527 670 570 cum
696 506 823 571 dicitur:
858 507 1288 591 subitosagittabunt,

141 610 233 676 futuri
272 611 418 692 temporis
456 631 531 691 opus
562 612 703 685 ducatum
742 631 813 675 cnm
850 617 970 675 autem:
1010 613 1289 679 firmauerunt

141 716 305 780 uerbum
329 714 483 792 malurn,
505 716 568 779 iam
592 735 628 780 er
652 716 807 795 praeterito
831 714 993 780 consilinm
1016 715 1147 782 firmatae
1164 718 1288 798 pridem

102 819 305 885 suoluntntis
340 819 519 884 ostenditur.
565 839 689 900 semper
722 819 805 883 enim
846 819 965 885 excidia
1003 822 1151 887 aduersus
1189 822 1287 889 fidem

142 930 254 1004 praesto
278 930 357 1001 sunt,
389 931 420 989 et
442 923 569 989 occultis
592 943 629 989 ac
650 923 829 989 fallentibus
853 923 974 989 insidiis
996 926 1149 1006 pestit'erae
1174 927 1287 992 adhor-

142 1028 264 1093 tationis
287 1027 346 1092 doli
372 1027 523 1109 adiacent,
548 1046 625 1112 quos
641 1049 659 1092 a
675 1028 753 1092 raris
769 1028 944 1112 quibusque
961 1030 1097 1110 conspici
1113 1031 1288 1112 opinantur.

142 1136 172 1198 et
193 1131 264 1208 ideo
281 1132 396 1197 dictum
413 1139 474 1197 est:
498 1132 804 1197 absconderunt
825 1131 996 1215 laqueos
1019 1140 1058 1199 et
1080 1134 1287 1200 dixerunt:

142 1237 232 1320 qnis
270 1235 431 1301 uidebit
469 1236 558 1303 eos?
603 1236 629 1301 si
665 1237 748 1302 enim
782 1236 945 1302 hacreticus
979 1245 1158 1318 peruertere
1192 1238 1288 1305 fidem

89 1367 115 1402 ιο
142 1347 279 1422 temptet,
302 1339 482 1413 incredibile
505 1345 552 1406 est
575 1341 697 1422 quantis
720 1361 790 1406 eam
816 1340 893 1406 dolis
910 1341 1089 1407 subuertere
1105 1345 1287 1419 contendat;

142 1446 168 1510 si
199 1464 285 1526 spem
318 1444 497 1511 aeternitatis
532 1453 644 1510 nostra
679 1442 881 1526 philosophus
916 1446 1073 1531 inpugnat,
1109 1447 1222 1512 mirum
1256 1450 1288 1512 in

142 1549 269 1614 modum
292 1569 384 1613 omne
407 1549 521 1614 bonum
544 1550 706 1631 praesentis
740 1550 810 1614 uite
844 1557 937 1630 ponet
971 1551 1168 1632 incorpore:
1202 1554 1289 1616 omni

144 1654 277 1740 ingenii
295 1654 342 1718 sui
376 1653 533 1718 alacritate
568 1675 613 1729 ea,
649 1655 760 1738 quibus
798 1654 945 1719 doctrinm
977 1653 1107 1720 celestis
1137 1656 1290 1722 institutio

143 1759 248 1850 subrui
272 1757 375 1838 possit,
399 1763 527 1841 uterque
551 1766 731 1823 scrutantes,

92 1884 117 1919 u
188 1862 218 1926 9.
243 1861 303 1927 Sed
327 1863 402 1945 quid
426 1863 580 1928 addeum
613 1862 749 1926 bumana
778 1862 985 1944 peruersitas?
1030 1864 1103 1946 quid
1139 1865 1291 1929 aduersus

143 1965 285 2046 opificem
308 1967 409 2049 operis
432 1967 617 2050 ingenium?
661 1968 824 2050 exquirant
845 1966 917 2032 licet
947 1966 1089 2033 omnibus
1123 1987 1290 2051 argumen-

144 2071 264 2135 tationis
288 2090 350 2135 suac
375 2070 604 2154 quaestiunculis
635 2071 788 2136 excidium
811 2071 959 2149 ueritatis,
982 2070 1104 2137 deficiet
1127 2077 1232 2136 tamen
1258 2072 1291 2137 in

143 2175 280 2240 ueritatis
304 2176 511 2241 destructione
535 2174 679 2241 falsitatis
702 2175 851 2249 adsertid;
875 2182 966 2259 atque
988 2176 1058 2241 ideo
1074 2176 1290 2258 subsequitur:

143 2279 1291 2363 perscrutatisuntiniquitatesdeieceruntscrutantes

93 2402 117 2436 a
144 2383 356 2449 scrutinio.
380 2384 511 2449 deiectio
527 2385 729 2448 scrutantium
746 2382 952 2449 defectionem
968 2403 1165 2465 superuacua
1182 2392 1292 2449 contra

144 2489 235 2554 deum
271 2487 492 2553 adhortationis
516 2489 657 2553 ostendit.
704 2508 772 2571 quaa
808 2489 890 2553 enirn
926 2507 986 2553 non
1020 2486 1292 2553 labefactabuntur

143 2593 267 2676 ingenia
290 2592 524 2657 contradictioni
554 2593 692 2656 ueritatis
723 2592 861 2658 intenta?
905 2593 1053 2656 rimentur
1083 2591 1156 2656 licet
1184 2594 1291 2658 omnia

145 2696 329 2761 naturalium
360 2716 521 2761 causarum
556 2703 675 2762 secreta
709 2696 923 2779 peruicacique
957 2697 1128 2760 studiorum
1161 2715 1291 2761 suornm

144 2800 251 2885 uigore
275 2801 341 2882 ipsa
363 2801 532 2866 caelestiunr
557 2811 696 2866 motuum
712 2801 832 2865 interna
848 2807 1029 2880 scrutentur,
1053 2801 1084 2864 in
1101 2800 1168 2880 ipsa
1184 2807 1291 2866 tamen

92 2920 118 2957 2⁶
144 2905 245 2988 operis
283 2906 329 2968 sui
367 2906 533 2970 intentione
568 2905 711 2969 deficient
744 2905 891 2969 doctrinis
926 2904 1113 2986 spiritulibus
1154 2904 1291 2969 refutati.

145 3009 197 3091 qui
221 3009 302 3073 euim
327 3009 458 3073 fortuitis
482 3009 615 3073 motibus
646 3009 695 3092 agi
726 3009 831 3072 omnia
861 3009 979 3085 docent,
1010 3008 1136 3072 audient
1158 3028 1177 3072 a
1199 3008 1292 3073 nobis

145 3119 267 3178 reternae
292 3114 412 3177 uirtutis
435 3114 526 3178 deum
552 3133 611 3178 non
636 3113 666 3177 in
691 3112 822 3178 fortuitis
847 3132 982 3188 manere,
1012 3114 1158 3177 sedasse
1182 3114 1291 3177 mundi

191 3256 304 3320 ltepus
324 3254 349 3304 R
401 3253 544 3306 dcxcidia
572 3272 602 3305 ar
629 3253 758 3306 extendis
785 3271 817 3305 ru.
843 3252 859 3303 1
884 3252 909 3304 R
962 3252 1134 3320 dprestoR
1186 3252 1293 3306 ocultis

145 3338 208 3398 (itis
227 3340 253 3391 iu
271 3341 337 3402 ror.)
359 3341 383 3392 R
436 3340 566 3406 pestifere
590 3339 773 3393 adortationis
792 3339 818 3391 R
870 3339 997 3392 'iiacent
1015 3339 1066 3391 PT
1117 3337 1294 3406 quibusquae

147 3427 171 3478 R
223 3427 373 3494 opinantur
400 3445 465 3479 cros.
487 3428 511 3478 T
562 3426 686 3515 8di'q'3
696 3431 798 3479 fatum
820 3424 849 3487 (c
862 3428 888 3477 in
901 3444 962 3491 rua,
978 3424 1254 3496 pertremiscens.)
1268 3426 1296 3479 R

145 3536 174 3584 et
200 3530 331 3583 dixerunt
357 3549 404 3583 om.
435 3532 458 3583 R
511 3531 666 3585 itereticut
695 3532 720 3584 R
793 3532 825 3583 12
842 3539 905 3598 poet
935 3530 1009 3584 uitae
1038 3532 1065 3582 iu
1096 3547 1147 3582 res.
1179 3529 1241 3584 uita
1269 3531 1297 3584 R

117 3631 118 3636 ¹
148 3651 180 3703 14
198 3652 493 3703 scrutanzztesT
548 3654 579 3703 17
598 3627 802 3720 (Ῑιιεειίιιηᾳιῗϋκ
820 3653 857 3703 sic
874 3669 906 3704 m.
927 3651 948 3702 1*
962 3651 987 3703 R
1048 3653 1083 3706 20
1101 3617 1298 3709 semitoniis

146 3735 554 3808 scrutiniirP'l'qmuprcupd
585 3738 973 3807 ¹deiectionesuperuacuaeP
1005 3740 1038 3792 21
1049 3737 1299 3823 labefeqtgbnntnr

146 3874 307 3942 (ticrosilt
351 3876 729 3930 idomniaexommamffl
774 3858 1121 3931 93stndiosomsuorumR
1156 3857 1299 3935 iidtrrme¹²

147 4017 173 4067 iu
192 4032 243 4068 ros.
263 4016 288 4066 ld
341 4017 375 4068 26
394 3962 446 4068 ιιᾞιοι
464 4015 538 4068 enirn
558 4017 583 4068 R
632 4028 692 4085 port
711 4017 812 4069 docent
830 4017 920 4084 deas.
941 4016 976 4068 ii
993 4017 1018 4068 Τ
1034 4019 1125 4069 deinde
1143 4020 1171 4070 ia
1190 4033 1221 4071 eo
1240 4024 1299 4076 cod.

145 4102 279 4171 corruptura
297 4103 458 4161 ecciderunt:
477 4120 536 4154 narn
547 4104 576 4171 s.
597 4102 632 4155 45
653 4105 727 4172 incip.
746 4121 763 4155 α
788 4104 871 4156 aerim
890 4116 918 4156 et
942 4104 1068 4156 exultent
1088 4104 1130 4157 Pr.
1152 4100 1205 4156 LX
1211 4107 1238 4159 V
1236 4148 1242 4170 ,
1264 4109 1300 4162 1!

146 4190 180 4242 27
199 4188 227 4241 in
246 4206 293 4239 cru.
315 4189 339 4240 P
390 4188 514 4242 surtiritis
534 4190 566 4241 lt.
