2790 4844
374 274 559 325 tractatus
584 271 618 324 in
642 272 812 340 psalmum
832 270 976 325 CXXXIV.
1185 269 1248 336 695

102 459 292 544 eligendum,
324 462 446 544 quando
470 481 507 526 er
529 481 565 526 eo
588 461 707 542 corpori
738 461 866 538 sanatio,
901 460 1025 545 quando
1048 461 1160 525 animm
1183 482 1249 527 me·

102 562 184 629 della
207 564 370 629 tribuenda
393 564 443 646 sit,
467 584 506 651 ue
530 565 605 648 quid
628 584 866 645 praeproperum,
890 585 928 629 ue
952 565 1024 648 quid
1049 565 1248 645 inportunum

101 689 139 732 ac
163 668 285 732 tardum
308 668 356 748 sit
380 669 435 733 sed
458 667 587 733 conlatis
611 676 641 732 et
663 669 826 734 uirtutibus
849 677 881 734 et
903 668 1094 749 temporibus
1111 675 1142 733 et
1156 669 1247 734 rebus

100 792 163 837 non
187 773 316 853 inperite
333 771 392 850 bis,
416 791 484 856 quae
501 773 560 838 sibi
576 779 723 854 conperta
738 771 858 850 fuerint,
882 778 998 851 utatnr;
1023 775 1105 856 quod
1122 773 1247 856 quidem

100 876 235 941 inarime
258 877 289 940 in
314 876 372 941 hoc
395 875 515 956 psalmo
537 876 581 941 ita
602 897 670 941 esse
692 876 890 961 intellegitur.
936 876 1149 942 incredibilem
1166 876 1248 941 enim
1288 905 1301 942 e

100 982 132 1044 in
157 981 286 1045 modum
309 1000 346 1045 ea
369 981 461 1047 rebus
478 982 574 1065 gestis
597 981 692 1045 uerba
715 981 854 1046 subiecta
869 987 951 1058 sunt,
972 987 1015 1058 ut,
1031 1001 1100 1046 cum
1116 980 1248 1046 fideliter

99 1084 162 1161 illa,
187 1104 255 1168 qnae
278 1092 368 1170 gesta
398 1092 477 1163 sunt,
508 1086 712 1159 enuntiarent,
743 1086 891 1150 maiorem
924 1092 1027 1150 tamen
1058 1085 1187 1150 internae
1217 1092 1249 1149 et

99 1189 250 1271 spiritalis
273 1189 494 1273 intellegentiae
517 1190 686 1273 profectum
706 1210 743 1255 ex
759 1209 792 1254 se
807 1190 851 1253 ita
873 1190 1035 1254 conlocata
1056 1195 1247 1271 praestarent

95 1314 203 1378 neque
227 1298 346 1359 tentum
369 1293 437 1359 haec
461 1294 537 1358 ratio
560 1299 683 1358 seruate
706 1299 762 1371 est,
785 1299 819 1358 nt
841 1313 891 1358 res
911 1295 996 1375 ipsae,
1020 1314 1090 1377 quae
1106 1312 1248 1373 corpora-

98 1399 173 1464 liter
188 1405 285 1482 gesta
301 1404 380 1475 sunt,
397 1399 436 1463 ad
449 1398 673 1463 ostendendam
685 1398 734 1463 dei
747 1396 1012 1482 magnificentiam
1023 1417 1247 1463 commemora·
1275 1423 1300 1459 ιο

97 1509 217 1581 rentur,
250 1522 359 1567 uerum
382 1503 476 1566 etiam
498 1507 533 1567 ut
555 1521 611 1582 per
642 1501 840 1566 condiciones
871 1507 1028 1586 gestorum
1060 1507 1090 1566 et
1118 1501 1248 1566 uirtutes

97 1606 263 1671 nominum
297 1606 473 1687 exemplum
497 1608 536 1671 de
559 1626 592 1671 se
615 1607 763 1691 gerendis
795 1607 824 1670 iu
856 1604 915 1684 his,
936 1625 1014 1691 vquae
1046 1612 1118 1671 sunt
1148 1611 1247 1689 geste,
1339 1631 1340 1635 ¹

96 1711 288 1795 praebereut.
348 1711 452 1794 itaque
497 1711 707 1775 necessarium
746 1717 794 1776 est
819 1708 903 1775 baec
941 1709 1063 1794 singule
1099 1709 1248 1792 personis,

98 1814 303 1898 temporibus,
325 1814 488 1879 uirtutibus
513 1813 698 1891 discernere,
728 1820 763 1879 ut
793 1834 837 1890 en,
868 1833 937 1897 quae
966 1814 1129 1879 incuriosae
1157 1832 1248 1878 aures

97 1927 263 2002 tamquam
287 1938 346 1982 uon
371 1919 547 1983 necessaria
569 1918 648 1983 forte
671 1918 872 2001 perdiderint,
896 1919 966 1998 ipsa
981 1916 1033 1983 illa
1048 1918 1087 1982 ed
1104 1917 1247 1982 humana
1276 1941 1301 1978 ιο

95 2021 293 2088 infidelitatis
323 2021 491 2087 medellam
523 2022 777 2107 sanationemque
807 2022 990 2088 referantur.
1037 2028 1069 2086 et
1091 2020 1149 2087 hoo
1172 2022 1247 2105 ipsis

96 2127 195 2192 rebus
218 2127 249 2191 in
273 2126 392 2207 psalmo
416 2126 605 2205 docebimur,
629 2127 682 2210 qui
705 2128 749 2191 ita
771 2132 892 2208 coeptus
915 2132 977 2192 est:

144 2228 1246 2326 2.Laudatonomeudomini,lendeteseruidominum:

99 2353 170 2438 qni
201 2354 325 2417 statis
358 2352 397 2417 in
432 2353 545 2418 domo
579 2353 742 2432 domini,
776 2354 815 2417 in
849 2353 969 2418 atriis
1000 2352 1153 2417 domini
1183 2353 1247 2418 dei

98 2457 244 2523 nostri.
274 2456 440 2522 laudate
464 2457 677 2534 dominum,
700 2458 793 2540 quia
815 2456 1019 2541 benignus
1043 2463 1104 2521 est
1126 2457 1246 2521 domi-
1274 2474 1299 2512 a

101 2581 192 2626 nus:
226 2559 399 2642 psallite
430 2561 584 2625 nomini
607 2561 703 2638 eius,
735 2561 927 2643 quonium
957 2580 1081 2626 suane
1105 2567 1172 2626 est
1218 2569 1249 2626 et

101 2658 312 2733 contuendum
343 2664 374 2729 in
406 2665 530 2729 exordio
559 2664 671 2745 psnlrni
702 2671 756 2742 est,
787 2665 868 2748 quod
904 2665 943 2730 ed
972 2661 1096 2730 landem
1119 2685 1176 2729 nos
1198 2665 1248 2730 dei

101 2771 242 2846 aduocat,
277 2789 348 2836 cnm
382 2769 416 2834 in
449 2771 606 2849 superiore
643 2768 763 2850 psalmo
801 2768 840 2833 ed
874 2768 971 2833 solem
1000 2768 1247 2834 benedictionem

102 2875 243 2940 hortatus
276 2873 324 2938 sit.
369 2880 518 2955 praestare
552 2879 654 2938 eutem
689 2873 772 2939 laudi
806 2872 1054 2938 benedictionem
1077 2893 1139 2939 non
1161 2874 1249 2938 amb·

102 2981 210 3064 ignum
235 2984 290 3043 est.
335 2979 454 3058 primus
477 2977 560 3044 enirn
576 2976 675 3041 bonor
696 2978 728 3041 in
744 2977 958 3043 benedictione
974 2979 1092 3061 positus
1115 2984 1170 3056 est
1193 2977 1249 3042 sed
1276 2993 1301 3030 π

148 3208 161 3257 l
183 3205 350 3273 elegendnm
368 3205 393 3257 G
411 3203 570 3285 eligendam
587 3204 613 3256 P
665 3204 775 3272 quando
793 3218 827 3257 ex
846 3221 878 3257 eo
898 3204 950 3256 GT
967 3203 1077 3272 quando
1087 3218 1120 3247 Ξ
1130 3219 1166 3257 ex
1183 3204 1252 3257 eoP

103 3343 225 3399 medella
237 3342 305 3408 Ges.
315 3343 466 3396 Luctmonn
476 3343 589 3413 annp.
599 3339 657 3395 204
674 3341 784 3395 medela
796 3341 875 3394 PTE
891 3352 913 3394 et
930 3343 967 3395 sic
984 3343 1049 3412 irrsr.
1101 3344 1120 3395 4
1136 3299 1249 3396 uteth

102 3429 304 3487 eineredibile
322 3430 396 3483 enim
414 3446 509 3484 mota*
529 3426 564 3496 (i)
584 3429 610 3481 G
637 3427 716 3510 (fort
743 3428 902 3483 incredibili
926 3429 1000 3483 enim
1018 3427 1111 3495 modo)
1165 3429 1249 3482 'lilla

101 3536 176 3590 capr.
202 3535 252 3571 scr,
272 3517 298 3570 P
312 3515 363 3570 illa
389 3535 419 3570 cr
446 3533 478 3570 ea
497 3516 522 3568 Τ
573 3518 732 3602 epraetere
751 3515 777 3567 P
827 3518 972 3569 deamata
992 3515 1053 3568 PTe
1070 3516 1250 3570 obseruateb

101 3622 179 3690 ipae
209 3620 265 3674 GT
287 3621 347 3690 ipse
364 3621 391 3673 P
441 3622 475 3674 10
492 3625 571 3689 geste
588 3620 615 3672 P
666 3622 696 3673 ll
717 3618 893 3672 condiciones
923 3619 948 3671 G
975 3618 1146 3688 cognitiones
1174 3619 1252 3671 ΡΤΕ

104 3763 138 3816 12
156 3758 342 3829 exemptae·
378 3715 627 3813 1tuirtutibusq³1²
672 3755 961 3823 ldinfedelitetiliidr'
997 3754 1248 3824 sanationemii)G

103 3851 136 3902 1⁷
156 3845 364 3901 docebimurG
382 3845 542 3900 docebimus
556 3846 634 3898 PTE
685 3847 718 3899 19
736 3845 765 3898 iu
786 3844 865 3898 atriis
883 3842 931 3898 ddi
950 3838 981 3898 di
1000 3844 1026 3897 G
1043 3846 1078 3911 cs.
1093 3863 1121 3916 p.
1134 3843 1201 3910 696,
1213 3843 1250 3898 18

102 3988 132 4040 in
152 3984 343 4040 atriisdomus
355 3984 401 4039 dei
415 3985 508 4037 PTrE
558 3986 591 4038 al
605 3942 708 4039 ¹'scillite
727 3985 753 4036 P
803 3985 839 4037 24
855 3983 931 4037 laudi
949 3982 1171 4038 benedictionem
1181 3984 1249 4036 Pl'a

101 4085 126 4127 et
149 4072 182 4140 G,
211 4081 238 4125 nt
265 4072 367 4125 uidctm
393 4069 451 4136 (nbi
476 4071 699 4126 benedictionem
726 4074 802 4125 ctiam
829 4089 897 4123 nnnc
920 4072 971 4140 leyi
984 4080 1082 4141 potem·
1108 4075 1250 4138 praestare

102 4163 126 4214 h.
141 4161 202 4214 1.=
214 4156 388 4225 antecedere)
406 4159 517 4212 leudem
534 4157 721 4212 benedictioni
733 4178 745 4210 r
798 4160 833 4213 25
850 4157 938 4211 honor
949 4177 964 4210 r
976 4157 1045 4210 odor
1056 4157 1120 4210 GPe
1131 4157 1200 4210 ordo
1211 4158 1250 4209 Te

104 4250 155 4312 (de
173 4247 220 4300 tor.
239 4263 257 4298 n
276 4255 301 4300 et
318 4245 337 4300 d
354 4247 382 4298 in
400 4255 478 4299 noan.
497 4247 551 4300 cod.
569 4263 646 4316 saepe
663 4247 777 4316 confusis
794 4247 830 4316 cs.
846 4243 955 4315 moed).
