2790 4844
346 295 527 345 tractatus
545 292 579 344 in
597 291 769 359 psalmum
789 292 919 345 CXXXV.
1140 291 1203 358 719

78 479 222 563 agionem
256 480 439 564 cognitionis
474 501 536 545 anae
571 481 622 564 qui
661 480 798 546 infinitus
837 490 884 546 est
921 480 1091 556 collocaret,
1130 482 1205 547 caelo

78 584 219 664 aperiore
250 593 343 667 atque
366 584 466 665 primo
496 587 605 650 cadem
630 603 700 649 eum
724 585 842 650 ratione
864 584 1011 650 collocato
1035 585 1204 650 terminum

78 690 217 752 nondam
232 688 405 765 uirtutibus,
429 707 499 772 quaa
511 689 618 768 primae
631 692 670 755 ad
683 691 932 774 cognoscendum
946 709 980 754 se
992 689 1203 774 gignerentur,

78 791 194 857 inlusit.
239 810 339 875 neque
363 792 445 857 enim
467 793 635 877 gignendae
659 794 832 859 creationes
850 793 996 858 uirtutem
1013 793 1204 874 inconspica-

78 894 130 959 ilis
166 896 215 960 dei
250 896 332 961 serre
366 896 546 976 potuissent,
580 897 639 961 nisi
674 904 791 962 naturae
826 897 1050 977 temperatioris
1083 897 1203 963 obiectu
1243 923 1255 959 ε

78 1000 169 1065 adem
194 999 274 1065 hanc
298 1001 467 1065 moderatae
491 1001 531 1065 ad
553 999 768 1066 infirmitatem
797 999 995 1066 habitationis
1025 1000 1203 1067 incolerent

78 1104 150 1187 quis
169 1104 284 1169 etenim
302 1104 429 1170 eleuatis
445 1105 544 1186 ipsam
561 1104 644 1169 illam
661 1106 754 1188 primi
770 1104 835 1170 caeli
852 1111 993 1170 naturam
1011 1107 1203 1186 temperauit,

78 1227 127 1272 uae
152 1209 277 1288 superni
312 1209 361 1273 dei
396 1228 528 1274 accensa
561 1209 673 1274 uirtute
706 1229 904 1292 nequaquam
938 1209 977 1273 ab
1008 1209 1203 1275 inferioribus

78 1316 145 1376 sset
166 1312 313 1392 patienda
335 1314 459 1378 naturis.

100 1416 131 1481 9.
158 1416 274 1482 Gaelum
297 1437 371 1483 uero
393 1418 522 1482 inferius
546 1437 606 1481 non
631 1417 791 1494 uniforme,
815 1420 871 1483 sed
887 1417 1045 1500 multiplex
1060 1418 1200 1495 tetendit;
1232 1442 1254 1477 ιο

77 1522 141 1586 nod
165 1527 264 1586 totum
287 1521 517 1586 firmamentum
541 1541 723 1601 nuncupans
746 1519 849 1586 ualida
878 1522 918 1586 ad
948 1523 1202 1588 sustentationem

78 1644 210 1709 quarum
244 1627 435 1710 superiorum
470 1626 788 1709 temperationemque
823 1626 892 1691 aeris
926 1627 1025 1692 nostri
1055 1625 1202 1693 firmitate

78 1728 210 1796 olidauit.
255 1731 424 1796 etidcirco
447 1729 551 1811 plures
575 1729 667 1795 calos
691 1730 831 1795 doctrina
854 1730 1036 1811 prophetica
1057 1730 1200 1811 prodidit,

78 1833 131 1914 nia
154 1820 363 1899 necessarium
385 1840 502 1899 naturae
526 1840 638 1899 nostrae
664 1833 728 1907 tuit,
753 1854 808 1915 per
831 1840 989 1899 momenta
1012 1834 1156 1918 quaedam
1172 1842 1202 1899 et

81 1936 213 2003 rotectus
243 1937 472 2003 rationabilium
504 1938 745 2003 moderationum
781 1938 942 2022 regionem
977 1938 1058 2003 hanc
1091 1939 1201 2003 indulti
1230 1960 1254 1997 a

78 2040 147 2105 iobis
169 2042 208 2106 ad
231 2062 368 2123 praesens
392 2041 560 2108 habitaculi
584 2042 758 2122 temperari.

105 2161 152 2227 10.
177 2163 223 2229 De
247 2184 374 2229 numero
397 2184 469 2229 uero
492 2164 637 2229 caelorum
672 2163 749 2228 nihil
783 2163 842 2228 sibi
876 2163 1020 2229 humanae
1055 2164 1200 2230 doctrinae

78 2268 216 2333 emeritas
239 2275 414 2349 praesumat.
459 2267 614 2347 apostolus
637 2269 790 2351 usquead
807 2268 930 2333 tertium
948 2274 1066 2332 tantum
1091 2267 1197 2333 caelum

78 2386 130 2436 ttae
164 2380 287 2452 raptum
325 2372 486 2456 intellegit.
538 2372 643 2454 plnres
670 2364 807 2456 ¹quidem
845 2370 980 2450 thronos,
1015 2372 1199 2449 dominatus,

78 2480 233 2552 rourum,
256 2476 447 2559 principatus
471 2483 680 2553 connumerat,
704 2477 814 2560 quibus
838 2495 967 2542 necesse
989 2478 1037 2541 est
1058 2477 1199 2557 proprias
1227 2494 1252 2533 πο

78 2577 150 2644 redes
186 2579 387 2646 habitationis
425 2600 568 2664 congruae
607 2582 757 2661 deputari.
803 2580 857 2644 sed
893 2585 925 2645 et
961 2579 1029 2652 alia.
1068 2600 1196 2664 quorum

78 2684 265 2764 agnitionem
289 2683 399 2751 futuris
422 2686 612 2767 temporibus
644 2686 802 2766 promittit,
833 2704 901 2749 esse
932 2684 1096 2768 signifieat,
1128 2703 1198 2750 curn

78 2779 122 2847 dt:
151 2795 187 2854 et
220 2808 341 2871 super
374 2809 487 2854 omne
520 2810 673 2868 nomen,
708 2788 811 2873 qnod
847 2789 1087 2865 nominatur,
1122 2809 1198 2853 non

87 2887 185 2956 olum
223 2894 261 2959 in
302 2892 377 2959 hoc
414 2892 572 2971 saeculo,
611 2895 680 2958 sed
720 2894 841 2959 etiam
874 2894 915 2957 in
950 2891 1095 2958 futuro.
1143 2895 1198 2958 sed

78 2983 105 3051 Ιθ
135 3014 254 3063 numero
288 2997 445 3078 apostolus
474 2997 551 3062 nihil
587 2999 704 3077 docuit;
739 3004 768 3062 et
800 2997 905 3062 nescio
928 3017 967 3061 en
991 2997 1128 3075 tacuerit,
1159 3018 1197 3061 an
1226 3014 1251 3052 a

111 3199 251 3274 acapna.
269 3207 290 3274 1,
309 3207 350 3260 21.

78 3446 81 3451 Ι
114 3375 292 3448 loognitionis
302 3382 438 3436 suaeRYe
447 3380 599 3450 cognitioni
610 3381 722 3434 snaebl‘
754 3368 1197 3450 sseademcnmrationetemptoui

79 3459 116 3520 cf.
124 3482 147 3533 p.
157 3467 214 3536 718,
224 3466 265 3522 26
274 3478 297 3521 et
315 3468 351 3522 ibi
364 3470 424 3522 udo.
435 3468 533 3521 Bened.
548 3468 671 3536 „ratione
686 3466 847 3520 moderante
862 3463 1031 3532 ordinatos“)
1047 3467 1197 3535 eademque

78 3546 163 3608 ¹tittuo
190 3554 216 3607 R
246 3553 398 3623 eodemque
432 3556 462 3609 in
491 3555 587 3609 orbem
623 3554 701 3606 PTE
735 3552 870 3608 collocato
906 3554 986 3606 ΡΤΕ
1019 3553 1136 3608 collecta
1171 3555 1197 3608 R

78 3622 194 3700 'ramo
219 3641 260 3694 na
286 3640 379 3710 primu
397 3641 460 3694 rra
513 3642 642 3709 sapsam
660 3641 738 3694 iriam
756 3640 836 3693 nra
851 3640 914 3709 ipso
932 3640 984 3694 nm
1002 3641 1029 3694 r>
1078 3641 1196 3708 stupui

78 3708 108 3770 Re
121 3724 347 3782 unumunurm
399 3729 434 3783 ab
452 3727 627 3782 ursaonae
678 3731 712 3782 ro
729 3726 918 3781 intremuere
972 3728 1004 3779 ra
1022 3726 1158 3781 sotiatur
1171 3728 1197 3780 n

78 3796 102 3857 Ἢ
116 3813 183 3868 sedes
199 3814 380 3870 habitationis
398 3831 537 3884 congruae
549 3814 677 3883 deputari
687 3813 853 3868 RTEeedes
870 3812 1054 3867 habitationes
1074 3830 1196 3882 congrue

78 3940 191 4008 demumr
209 3956 237 4010 P
286 3958 323 4008 ric
341 3955 420 4022 RPb;
447 3955 496 4009 sed
514 3959 542 4009 et
566 3911 657 4023 aliqhss
684 3953 871 4023 cognitionem
898 3953 999 4006 futuris
1024 3953 1196 4022 temporibus

78 4045 213 4148 tramittitet
245 4110 307 4148 esse
333 4092 472 4164 significat
499 4112 563 4148 cum
589 4093 629 4148 ait
649 4093 673 4144 Τ
697 4093 744 4147 sed
771 4096 799 4145 et
826 4092 983 4160 aliquorum
1008 4091 1196 4159 cognitionem

78 4179 152 4234 litoris
169 4182 342 4251 temporibus
359 4180 478 4250 „pmittit
504 4197 572 4248 esse,
600 4183 639 4248 qd
666 4178 813 4249 significat
838 4196 900 4233 cum
920 4179 990 4232 aite
1042 4180 1077 4233 23
1095 4195 1196 4234 nomen

78 4266 109 4320 tE
123 4287 170 4324 om.
190 4268 241 4322 Pr
292 4270 327 4324 24
344 4269 392 4323 sed
410 4268 445 4322 de
464 4268 544 4322 RTE
560 4267 607 4321 sed
626 4267 711 4321 etiam
730 4268 763 4321 de
786 4264 813 4319 P.
