2790 4844
144 239 207 304 866
403 276 406 282 -
492 237 609 290 saneti
628 236 761 289 Hilarii
778 234 937 304 episcopi

145 437 236 494 terrea
258 447 294 493 ac
316 428 411 492 maris
435 433 466 490 et
488 426 558 490 aeris
582 425 752 490 animantia
784 426 976 505 percucurrit
1003 427 1151 490 uniuerso
1176 445 1293 510 quoque

144 552 260 618 genera
284 538 417 604 attatum,
441 550 578 602 sexuum,
609 534 796 609 potestatum
827 529 866 592 ad
896 528 1046 594 honorem
1085 530 1204 595 dehita
1227 552 1292 595 con-

145 637 291 703 fessionis
314 635 479 710 admonito,
502 639 536 699 ut
558 633 688 718 gloriam
713 633 788 709 ciue,
812 633 864 716 qui
888 653 920 698 se
945 634 984 698 ad
998 634 1097 699 uitam
1115 636 1291 699 animasset.

146 740 309 813 firmasset,
333 748 481 814 ornasset,
502 738 570 820 pius
586 738 757 821 gratiarnm
773 756 876 801 sermo
892 736 1072 802 celebraret.
1121 745 1290 822 postquam

107 880 120 918 5
147 857 179 907 ut
202 844 332 928 dignum
357 843 421 919 suit,
446 839 598 923 propheta
621 840 731 925 psalmi
757 841 852 922 ipsius
875 840 937 905 linc
959 842 1119 922 proprium
1137 843 1233 907 officii
1248 844 1289 907 aui

147 967 260 1012 munus
284 947 465 1027 eminuerat,
496 946 639 1010 omnibus
662 946 787 1029 quidam
811 946 849 1009 ad
874 944 996 1010 laudem
1020 947 1159 1011 diuinam
1185 948 1289 1011 adhor-

147 1052 217 1116 tatis
241 1050 391 1134 hymnum
416 1063 518 1115 tamen
543 1070 612 1115 esse
634 1056 809 1114 sanctorum
831 1050 896 1115 eius
911 1051 1061 1115 ostendit:
1087 1051 1161 1116 filiis
1177 1052 1286 1117 scilicet

148 1154 279 1232 Israhel,
303 1154 422 1235 populo,
453 1154 506 1238 qui
529 1153 618 1218 fieret
648 1155 705 1218 deo
736 1154 900 1234 proximus,
930 1162 970 1231 ut,
1002 1173 1076 1219 cnm
1108 1157 1286 1220 uniuersitas

149 1260 250 1324 omnis
274 1260 365 1324 deum
389 1279 426 1323 ex
441 1259 512 1323 uitae
529 1278 591 1322 suae
608 1277 701 1322 sensu
717 1264 747 1322 et
763 1256 966 1341 gratulatione
981 1257 1147 1336 laudasset,
1172 1259 1284 1324 Israhel

98 1397 121 1432 ιο
149 1371 252 1426 tamen
276 1363 303 1427 ei
328 1361 411 1427 solus
427 1362 612 1442 adpropians
629 1361 780 1444 hymnum
798 1381 833 1426 eu
850 1362 1035 1446 cognitionis
1051 1382 1087 1428 aa
1106 1365 1281 1448 dignationis

149 1467 263 1530 diuina
287 1465 496 1531 familiaritate
519 1472 665 1531 cantaret.
711 1471 781 1545 post
814 1485 881 1549 quae
916 1487 996 1531 nuuc
1029 1469 1068 1532 nd
1104 1468 1278 1532 enatandum

149 1572 206 1635 deo
241 1590 353 1635 nouum
391 1572 545 1635 canticum
583 1572 756 1635 incitamur.
813 1578 844 1635 et
878 1573 956 1636 sorte
993 1571 1071 1636 nihil
1110 1572 1186 1636 ultra
1218 1571 1276 1636 reli·

149 1674 253 1757 quisse
291 1674 429 1754 psalmus
474 1676 607 1740 anterior
648 1675 791 1740 nouitatis
829 1675 1105 1759 admirationisque
1142 1677 1274 1742 credatur.

149 1798 229 1854 cum,
253 1779 277 1842 si
303 1780 377 1862 quid
400 1777 528 1843 illudiu
552 1778 757 1863 gratulatione
780 1785 884 1844 nostra
907 1799 1063 1863 sensuque
1087 1782 1134 1858 sit,
1156 1781 1269 1864 idipsum

98 1914 122 1949 a
149 1884 181 1946 in
203 1881 295 1947 laude
318 1892 459 1963 oportere
482 1903 551 1947 esse
575 1884 790 1964 praescriptum
809 1885 859 1949 sit.
904 1881 1013 1948 efferre
1029 1891 1133 1949 autem
1156 1883 1268 1948 scultro

150 1985 305 2051 calestem
336 1989 444 2053 sedem
476 2007 564 2052 mens
588 1993 694 2053 nostra
717 2008 776 2052 non
801 1987 929 2065 suflicit;
960 1988 1016 2053 sed
1051 1987 1174 2053 laudare
1194 1987 1265 2050 deun

150 2110 194 2165 ea,
218 2110 286 2174 quae
311 2111 402 2173 supra
425 2091 516 2156 caelos
538 2096 618 2159 sunt.
642 2094 855 2156 admonentur.
902 2112 1022 2157 rursum
1043 2097 1144 2158 numm
1166 2112 1196 2157 se
1216 2097 1263 2154 teu·

150 2195 224 2259 dere
247 2194 326 2259 ultra
349 2196 452 2278 abyssi
477 2196 717 2261 immensitatem
742 2195 962 2280 intellegentia
986 2203 1101 2261 nostrae
1116 2196 1261 2277 opinionon

151 2305 468 2378 potest5uerumea,
493 2300 614 2382 quasin
640 2299 790 2376 hiesum,
823 2301 863 2364 ad
898 2299 996 2364 landis
1032 2300 1166 2366 officium
1192 2298 1260 2362 aduo-

99 2429 124 2465 20
151 2410 267 2466 cantur.
313 2404 374 2467 iam
413 2422 487 2468 uero
521 2404 587 2483 ipsa
621 2402 672 2467 illa
705 2409 813 2469 natura
847 2404 916 2468 atris
950 2403 981 2468 in
1016 2405 1173 2488 grandine,
1203 2402 1259 2465 uiue.

151 2505 296 2591 crystallo
329 2506 533 2590 procellaeque
567 2508 676 2587 spiritu
710 2507 871 2573 concinere
901 2506 1035 2591 gloriam
1069 2514 1160 2573 tanta
1188 2502 1258 2570 laudis

151 2610 280 2674 iubetur.
326 2615 390 2674 tum
415 2630 504 2691 porro
527 2611 711 2676 uniuersitus
741 2612 866 2694 generis
900 2611 1028 2676 humani
1052 2613 1083 2676 in
1107 2612 1222 2696 regibus.
1238 2605 1257 2667 iu

151 2715 349 2794 principibus,
374 2716 405 2778 iu
428 2715 587 2787 iudicibus,
612 2715 644 2779 in
667 2716 750 2779 omni
774 2715 823 2780 uel
846 2717 946 2780 aetatis
968 2715 1044 2782 flore
1062 2718 1111 2782 uel
1126 2708 1257 2781 senectutis

151 2819 327 2883 maturitate
356 2820 406 2884 dei
439 2818 563 2883 landem
586 2825 712 2884 cantare
735 2827 890 2901 praecepta
912 2828 973 2898 est;
1005 2822 1079 2904 quia
1103 2820 1166 2885 hac
1184 2812 1257 2881 omnia

48 2960 52 2966 ·
100 2946 124 2984 aa
152 2922 211 2986 sibi
234 2923 447 3004 inperturbata
470 2943 560 2988 cursu
585 2926 805 3007 moderatoque
835 2925 1013 3002 consistunt,
1049 2925 1195 3008 fluantque
1212 2915 1257 2982 nui·
1318 2996 1320 3003 Ι

152 3046 242 3091 uersa
272 3028 315 3091 ita
344 3034 460 3092 naturae
495 3047 557 3092 suaa
591 3026 661 3111 lege
686 3035 848 3109 praecepta,
880 3037 913 3093 ut
943 3030 1092 3094 decedere
1115 3028 1161 3093 his
1180 3045 1209 3090 er
1226 3038 1256 3083 tt
1317 3008 1320 3135 f

153 3138 338 3213 quaerente
362 3137 441 3207 sunt,
466 3132 680 3197 constitutione
704 3153 763 3197 non
787 3132 886 3198 liceat.
1317 3138 1320 3165 ¹

196 3234 224 3298 2.
250 3233 327 3299 Cum
352 3254 426 3319 ergo
451 3235 533 3299 nulla
556 3245 641 3300 extra
664 3235 733 3301 haec'
754 3256 855 3302 rerum
872 3238 1048 3301 diuinarum
1064 3236 1256 3311 celestiumque

152 3339 276 3403 decreta
298 3339 438 3403 uideatur
462 3338 578 3403 homini
611 3360 758 3405 concessa
788 3361 857 3405 esse
887 3343 1025 3426 cognitio
1048 3337 1257 3426 cognitionisque
1318 3358 1320 3369 ·

99 3464 124 3503 eo
151 3441 292 3520 laudatio,
315 3443 482 3519 uideamus,
516 3445 554 3507 ad
579 3445 660 3526 quod
684 3464 764 3509 nunc
785 3465 898 3509 nouum
921 3447 1077 3511 cauticum
1100 3447 1257 3510 aduocenut
1317 3390 1320 3473 i

198 3601 208 3650 l
230 3600 407 3667 percucurrit
435 3601 459 3652 [1
485 3601 626 3668 percurrit
651 3602 678 3653 Ε
729 3602 850 3670 dipsius
879 3603 904 3654 R
930 3602 1012 3656 huius
1041 3604 1069 3655 E
1119 3585 1258 3655 ‘lismoi
1316 3528 1320 3628 i

152 3691 262 3740 tantum
281 3688 309 3738 E
359 3687 515 3755 8populoq
543 3687 634 3754 quill
662 3686 756 3759 (possis
782 3689 939 3758 populoque
959 3689 1006 3757 qui
1026 3708 1056 3743 ea
1073 3709 1121 3743 asu
1138 3689 1186 3742 cod.
1202 3682 1226 3739 R.
1239 3673 1259 3723 ‘i‘

153 3791 201 3841 qao
220 3774 254 3842 cs.
273 3775 353 3826 „lund
380 3792 406 3842 p.
435 3771 482 3837 29,
508 3776 555 3826 sed
579 3792 654 3827 sucro
681 3777 761 3828 textui
778 3787 801 3828 et
819 3778 970 3846 expositioni
994 3779 1078 3829 minus
1096 3773 1201 3830 conuenit
1214 3774 1259 3822 sstl

152 3860 175 3910 la.
189 3861 204 3911 l.
218 3862 391 3929 dittographiu
405 3872 488 3913 ortam
500 3879 553 3914 esse
565 3861 680 3927 uidetur)
737 3862 768 3917 10
786 3878 821 3916 ex
829 3863 954 3933 scripsi&
966 3863 1034 3917 Rde
1047 3865 1074 3916 E
1126 3866 1155 3917 ll
1171 3842 1259 3928 posili

155 3947 187 3997 12
209 3957 267 4014 post
295 3946 433 4000 canticum
461 3949 539 4000 alesin.
567 3951 605 4000 ed.
634 3959 680 4002 net.
708 3959 769 4002 ante
793 3949 879 4002 Poris.
901 3949 973 4003 1605
1000 3948 1041 4014 (in
1059 3970 1077 4000 α
1096 3952 1155 4002 hoec
1169 3941 1258 4026 ndinnclss

153 4043 222 4083 sont:
251 4032 367 4102 Reliqua
394 4034 552 4103 requiratur
578 4041 641 4089 actu
669 4036 692 4089 dt
720 4037 814 4089 fructu
841 4037 924 4089 lsrael
954 4037 1171 4099 uocetur-leuius
1193 4019 1258 4081 studn

154 4124 263 4171 caetera
293 4120 488 4188 adipiscamur)
558 4123 589 4174 14
607 4123 668 4190 quit
696 4123 721 4175 R
788 4126 819 4176 16
838 4141 914 4177 mens
945 4130 1041 4177 nostra
1072 4125 1097 4177 R
1122 4115 1258 4176 mensurii
1312 4114 1320 4209 1

155 4206 188 4257 18
206 4204 316 4273 habyssi
336 4208 361 4260 R
414 4211 448 4262 22
467 4208 578 4263 iubetur
595 4211 688 4279 scripsi
705 4210 837 4264 iubentur
856 4211 889 4263 R.
