2790 4844
329 278 510 328 tractatus
536 275 570 327 in
590 274 761 348 psalmum
782 273 927 327 CXXXIV.
1143 274 1205 340 693

78 465 207 547 rophets
252 466 374 530 dicens:
421 464 602 530 eleuatio
640 465 823 529 munuum
865 482 1040 529 meorum
1083 467 1206 530 sucri-

78 571 198 636 icium
236 569 529 650 uespertinum.
594 588 676 633 nunc
714 570 795 633 enim
835 567 865 632 in
905 568 1203 635 consummationem

78 673 168 749 sculi,
192 674 274 756 quod
298 679 345 738 est
368 673 590 754 uespertinum,
614 693 674 737 non
700 673 730 737 iu
756 671 851 736 tauris
875 678 905 736 et
924 672 955 736 in
972 671 1077 750 hircis,
1101 674 1204 738 sedin

78 778 201 859 peribus
237 777 325 842 bonis
361 779 418 842 deo
441 776 543 842 hostis
566 781 621 842 est.
667 776 794 860 Moyses
828 797 883 841 uos
918 777 1022 841 docuit
1055 777 1204 869 exemplo,

78 883 116 960 ui,
140 902 210 946 cum
235 881 361 946 eleustIs
385 881 571 946 constitisset
591 880 740 958 munibus,
764 881 915 957 uincebat,
939 880 1115 946 summissis
1130 901 1203 946 uero
1243 909 1255 945 s

78 1007 84 1049 ι
110 992 224 1050 terrem
261 985 448 1050 uincendum
477 984 624 1069 populum
648 985 687 1049 ab
719 984 808 1049 hoste
839 985 1006 1065 prebebat,
1037 987 1204 1051 ostendeus

78 1110 109 1154 er
133 1089 214 1154 hanc
238 1090 378 1170 formum,
414 1088 536 1155 hostem
572 1094 722 1165 nostrum,
756 1088 782 1164 si
817 1099 939 1154 terreno
973 1109 1066 1170 opera
1099 1095 1204 1154 nostru

83 1200 126 1268 nt,
149 1194 282 1272 uincere,
305 1193 332 1258 si
356 1193 479 1259 excelsu
508 1213 582 1259 uero
612 1194 683 1272 sint,
714 1213 782 1258 esse
805 1193 1000 1258 uincendum.
1046 1192 1203 1259 eleuundae

78 1299 152 1380 gitur
182 1317 292 1363 manus
324 1304 437 1362 nostrae
471 1297 597 1362 suntin
621 1297 772 1375 noctibus,
797 1305 828 1361 ut
852 1285 1028 1378 plantemur
1051 1298 1081 1361 in
1106 1298 1205 1384 domo,

78 1411 85 1466 t
120 1403 150 1466 in
175 1401 261 1466 utriis
286 1401 459 1466 floreamus.
506 1407 537 1467 et
560 1400 793 1466 benedicendus
828 1408 875 1466 est
908 1402 1059 1478 dominus,
1093 1401 1126 1466 id
1155 1408 1202 1466 est
1230 1428 1256 1464 ιο

78 1526 125 1570 rm
151 1505 200 1570 dei
224 1506 438 1571 benedictione
463 1525 586 1587 semper
609 1505 800 1586 operandum
831 1511 886 1585 est,
918 1525 964 1582 ne,
995 1525 1064 1570 cum
1088 1526 1202 1587 penem

78 1609 139 1691 topi
162 1611 311 1691 praebeos,
339 1616 423 1675 metu
447 1609 539 1674 fumis
574 1610 669 1674 tristis
703 1610 762 1687 sis;
797 1600 843 1687 ne,
866 1630 937 1675 cum
968 1616 1125 1691 sumptum
1155 1612 1201 1676 in-

78 1715 175 1799 igenti
199 1712 320 1791 offerus,
345 1715 494 1780 domnum
518 1720 623 1796 putes3
654 1734 702 1792 ne,
725 1735 796 1779 oum
826 1715 944 1779 nudum
973 1720 1060 1781 ueste
1083 1715 1201 1793 induas,

78 1819 127 1884 rui
152 1826 181 1883 to
205 1819 374 1883 existimes.
419 1817 594 1884 hilarem
625 1818 728 1883 enim
754 1820 938 1883 dotorem
968 1826 1074 1883 umet
1097 1820 1203 1894 deus:

96 1923 127 1986 6.
151 1923 232 2021 Quid
267 1929 370 1987 autem
405 1922 475 1987 Iaeta
510 1916 540 1987 et
573 1922 790 1988 benedicentis
827 1911 1016 1988 eleuotumm
1054 1943 1200 1988 manuum
1228 1947 1254 1984 n

78 2047 151 2112 poro
173 2032 357 2103 mereantur,
381 2027 517 2092 ostendit
539 2027 662 2092 dicens:
697 2027 845 2091 benedi
855 2032 921 2091 cst
951 2034 986 2092 te
1017 2027 1202 2093 dominus

80 2152 100 2196 x
137 2119 240 2208 Sion,
276 2131 420 2195 dominus
454 2129 572 2196 scilicet
605 2129 744 2196 ecclesie
768 2137 799 2195 et
820 2136 934 2196 sunctae
970 2129 1148 2196 Hierusules
1172 2138 1202 2196 et

82 2235 188 2299 uitatis
211 2232 289 2299 uiuis
313 2233 466 2316 lapidibus
489 2253 686 2317 gemmumm
711 2240 865 2300 extructus.
887 2312 890 2316 ¹
912 2241 943 2300 et
958 2242 991 2299 ut
1005 2235 1037 2299 in
1053 2237 1111 2300 deo
1127 2256 1201 2302 uero

78 2345 217 2404 :aetemo
234 2358 320 2419 spem
337 2357 463 2403 ornnem
479 2344 618 2403 nostram
635 2340 766 2420 positam
784 2357 1052 2423 cognosceremus,
1075 2339 1200 2404 adiecit:

82 2443 120 2507 ui
147 2443 248 2508 lecit
263 2442 401 2507 caelum
425 2449 463 2507 et
485 2449 646 2521 terram,
678 2463 747 2507 omn
762 2442 880 2508 scilicet
892 2442 1093 2509 ecclesiarum
1107 2444 1203 2527 deum,
1227 2462 1255 2502 eo

78 2565 123 2612 rue
148 2547 374 2621 demonstrans,
398 2547 450 2631 qui
473 2546 580 2612 culum
607 2547 732 2612 fecisset
755 2554 785 2612 et
806 2552 937 2612 terram:
962 2566 1017 2628 per
1039 2548 1198 2613 dominum

78 2656 194 2717 usuum
218 2649 323 2716 lesum
347 2649 516 2729 Christum,
548 2651 601 2734 qui
631 2657 679 2716 est
709 2650 890 2716 benedictus
914 2651 943 2715 in
968 2650 1081 2717 saeculs
1104 2671 1200 2718 saecu·

78 2775 163 2820 trum.
209 2773 308 2819 omen.

446 2873 630 2958 I'SllthlS
658 2873 818 2956 uuxxtv.

530 2997 724 3063 Alleluia.
1226 3015 1252 3053 ⁸⁶

96 3101 284 3167 Laudato
307 3122 448 3167 nomen
473 3103 633 3177 domini,
658 3101 824 3167 laudate
848 3103 958 3168 serui
983 3103 1197 3167 dominum:

80 3206 120 3272 ui
155 3206 279 3272 stetis
313 3208 351 3271 in
383 3208 496 3273 domo
528 3206 688 3281 domiui,
722 3207 761 3271 in
795 3207 917 3271 striis
946 3206 1100 3272 domini
1135 3206 1198 3271 dei

79 3310 197 3376 ostri.
1131 3356 1133 3361 -

98 3415 124 3479 l.
157 3413 302 3479 Psuimus
336 3416 508 3481 secundum
546 3414 780 3495 simplicitatem
817 3415 1008 3480 audientium
1041 3413 1199 3480 absolutus

78 3518 183 3585 detur.
229 3538 267 3583 es
290 3519 374 3583 enim
398 3540 435 3584 ex
459 3520 575 3584 maiore
597 3524 685 3599 parto
701 3519 730 3582 iu
748 3537 786 3584 eo
801 3519 1004 3596 continentur,
1028 3537 1096 3602 quae
1120 3515 1199 3582 libro

97 3643 109 3694 l
130 3640 174 3695 Ps.
195 3640 274 3709 CXL,
292 3643 317 3696 n.
356 3644 388 3695 14
406 3642 432 3696 ll
451 3641 513 3696 Cor.
532 3644 557 3708 9,
577 3644 601 3695 7.

95 3745 218 3800 Stauris
246 3763 277 3799 ec
304 3746 379 3799 nuris
407 3746 433 3798 P
483 3747 600 3801 9d0m0
627 3764 657 3799 er
684 3746 769 3800 domu
797 3746 823 3798 P
881 3748 911 3799 ll
931 3745 1102 3815 operandum
1131 3746 1199 3799 ΟΤΙ)

78 3832 187 3886 andum
214 3833 252 3886 Pe
307 3834 339 3886 12
357 3837 497 3903 sumptum
527 3833 565 3886 Ge
592 3839 705 3902 sumptu
732 3833 758 3885 P
782 3832 855 3901 sdpt’
884 3833 923 3886 Tc
978 3833 1011 3886 13
1029 3831 1121 3886 induis
1148 3833 1200 3886 PT

78 3919 221 3973 'eclesiae
242 3918 267 3970 G
319 3915 470 3973 hierusales
491 3922 516 3970 (ι’
533 3919 701 3973 hierusalem
721 3919 771 3972 Vr
787 3921 821 3988 cs.
847 3920 928 3972 Acad.
953 3937 981 3990 p.
1009 3917 1048 3971 2⁸
1069 3930 1092 3971 et
1108 3921 1197 3990 praes.

78 4008 84 4056 l
102 4004 242 4075 lapidibus
260 4022 432 4074 gemmarum
453 4008 478 4058 G
495 4023 668 4074 gemmarum
677 4006 817 4075 lapidibus
828 4005 906 4058 PTE
956 4005 1049 4060 eritin
1061 4006 1113 4060 deo
1132 4025 1199 4061 uero

80 4098 164 4147 terno
181 4097 214 4146 ut
238 4108 315 4160 spem
335 4093 361 4145 P
376 4093 500 4162 Explicit
524 4094 597 4162 pssls
618 4093 755 4146 CXXXIII
780 4092 880 4162 incipit
906 4093 981 4163 prais
1000 4092 1152 4147 CXXXIIII
1174 4098 1198 4143 (ι’

78 4178 175 4249 uplicit
192 4180 315 4248 psalmus
328 4179 466 4234 CXXXIII
485 4180 530 4233 inc
548 4179 587 4233 ito
601 4179 753 4234 CXXXllll
767 4180 792 4233 P
807 4178 889 4250 Expl.
908 4181 942 4234 dc
963 4180 1100 4233 CXXXIII
1113 4179 1197 4249 incip.

78 4266 258 4320 ÷CXXXlIII
278 4267 309 4320 T.
333 4277 336 4281 ’
