2790 4844
211 227 275 293 558
559 229 676 282 sancti
696 227 831 281 Hilarii
850 227 1013 296 episcopi

211 427 242 484 et
265 420 298 484 si
322 418 464 493 lumen,
496 418 600 501 quod
623 418 662 481 in
693 423 730 482 te
755 423 824 481 est.
849 417 1027 481 tenebra
1051 423 1152 487 sunt.
1177 419 1352 484 tenebra·

210 523 307 603 ipsae
327 528 485 606 quanta
503 521 617 586 sunt?
641 528 821 585 etmrsum:
845 541 913 585 uos
938 521 1041 586 estis
1065 520 1153 585 lilii
1178 521 1351 587 luminis

211 646 285 690 non
310 625 394 690 filii
418 625 693 692 tenebrarum.

254 730 303 792 22.
329 730 468 795 Seruauit
492 737 592 795 autem
617 731 709 794 etiam
733 728 814 794 hanc
836 729 986 792 rationem
1018 729 1179 810 propheta,
1216 737 1252 795 ut
1273 750 1349 795 cum

171 862 183 897 s
212 833 544 899 habitationibus
577 833 703 899 (ledan
734 832 924 911 habitauerit,
957 853 1016 896 non
1047 832 1349 899 inhabitationibus.

209 935 282 1002 licet
316 939 399 1003 enim
434 939 530 1003 sancti
566 939 596 1002 iu
631 958 723 1003 carne
757 939 871 1014 uiuant,
903 945 1016 1015 tamen,
1049 938 1075 1002 si
1107 937 1249 1002 habeant
1272 959 1351 1002 erma

209 1041 325 1106 militiae
348 1063 408 1107 non
432 1042 574 1113 carnalia,
591 1044 646 1107 sed
670 1043 807 1123 potentia
831 1044 896 1119 deo,
913 1042 1133 1107 cohabitabunt
1149 1041 1350 1107 tabernaculis

209 1143 318 1220 Oudai,
342 1166 402 1209 non
426 1146 651 1211 inhabitabunt.
697 1146 934 1229 peregrinantes
958 1146 1041 1211 euim
1063 1165 1229 1227 acorpore
1252 1160 1285 1211 ut
1307 1147 1350 1211 dei

209 1248 673 1330 acecrrlaeuudieutabapostolo:
697 1270 766 1313 uos
789 1257 920 1314 autem
945 1270 1020 1313 uon
1043 1249 1147 1314 estis
1167 1250 1208 1314 in
1226 1270 1349 1316 carne.

158 1380 182 1415 ιο
210 1354 279 1417 sed
315 1353 352 1417 in
384 1355 549 1437 spiritu;
585 1355 615 1419 si
651 1362 782 1418 tauron
815 1355 991 1434 spiritus
1026 1354 1090 1418 dci
1127 1353 1348 1420 habitatin

208 1457 334 1521 uobis.
380 1458 424 1523 sic
448 1479 522 1543 ergo
548 1458 708 1536 habitauit,
732 1467 765 1522 ut
788 1457 978 1523 cohabitaret
1001 1457 1226 1526 habitantibus.
1250 1467 1347 1524 osteu-

210 1562 287 1625 dens
310 1562 341 1624 in
366 1582 410 1638 eo,
434 1582 527 1645 quem
551 1563 660 1640 doleat,
683 1562 816 1627 incolatu
833 1582 867 1627 se
883 1583 952 1627 csse
968 1563 1179 1646 peregrinum.
1231 1565 1347 1647 etquis

209 1666 385 1748 iniquorum
409 1668 595 1732 consortium
620 1677 651 1733 et
674 1667 936 1733 cohabitationem
954 1666 1161 1731 habitant-iam
1185 1667 1218 1730 in
1244 1667 1347 1732 obseu-

209 1770 350 1834 ritutibus
373 1768 500 1846 odisset,
525 1791 711 1855 quamquam
735 1772 773 1837 de
793 1771 893 1835 futuro
908 1772 969 1834 iam
988 1778 1115 1853 questus
1132 1779 1228 1848 esset,
1252 1771 1348 1836 adhuc

158 1898 183 1934 a
210 1873 300 1937 eliam
326 1873 364 1937 de
388 1877 541 1953 praeterito
565 1876 623 1940 ait:
648 1875 809 1941 multum
835 1873 968 1939 incola
993 1873 1068 1938 suit
1098 1875 1234 1939 anima
1264 1895 1348 1948 mea

209 1978 240 2041 in
264 1977 368 2041 multis
391 1977 509 2043 scilicet
533 1979 775 2043 tribulationibus
799 1978 948 2045 labiorum
973 1979 1146 2062 iniquorum
1178 1985 1211 2043 et
1240 1978 1348 2063 lingua

208 2081 329 2153 dolosa.
354 2083 392 2147 ob
416 2104 492 2167 quas
515 2085 555 2148 ad
579 2085 735 2147 dominum
760 2083 969 2163 proclamauit.

252 2186 302 2251 23.
328 2187 389 2251 Sed
413 2188 585 2252 cuiusmodi
608 2186 756 2252 incolatus
773 2188 831 2252 sibi
847 2188 947 2256 suerit,
963 2187 1096 2252 ostendit
1120 2188 1246 2252 dicens:
1271 2206 1348 2251 eum

208 2290 281 2369 hie,
306 2292 371 2373 qni
395 2294 566 2356 oderant
589 2312 735 2376 pacem,
760 2291 1095 2372 erampacisicus.
1121 2291 1347 2372 hooproprium

156 2416 181 2453 20
210 2401 240 2459 et
263 2395 391 2479 dignum
427 2395 584 2476 prophetea
619 2403 674 2474 est,
709 2380 945 2461 simultateset
978 2402 1079 2460 motus
1103 2403 1225 2460 naturae.
1248 2395 1350 2460 aliena

208 2498 372 2563 uoluntatis
396 2520 459 2564 sua
485 2521 560 2580 pace
583 2499 729 2566 cohibere
753 2508 783 2564 et
805 2500 916 2565 infidas
946 2519 1084 2583 quasque
1115 2501 1295 2565 animorum
1317 2518 1349 2562 ec

210 2603 400 2667 turbulentas
431 2602 608 2670 affectiones
639 2605 723 2668 omni
754 2604 967 2685 placabilitatis
1002 2603 1153 2668 modestia
1184 2605 1349 2669 crintinere.

208 2714 238 2771 ct
261 2706 327 2771 hae
352 2707 617 2772 dominusdocuit
640 2708 807 2788 pacificans
830 2708 950 2788 ipsein
974 2714 1083 2783 semet,
1119 2727 1190 2791 quae
1216 2709 1248 2773 in
1272 2708 1349 2773 calis

208 2812 292 2875 etin
318 2820 399 2876 terra
429 2822 507 2884 suut,
542 2832 629 2878 orare
659 2834 714 2893 pro
745 2813 1011 2895 persequentibus,
1045 2812 1209 2876 neminem
1241 2813 1348 2879 odisse,

253 2972 264 3021 1
286 2970 383 3022 uraris.
403 2969 448 3035 vr,
467 2971 508 3023 aa.
546 2972 561 3022 a
581 2972 593 3023 1
612 2969 706 3022 Thess.
725 2972 750 3036 s,
769 2973 793 3022 s.
829 2969 940 3023 enom.
960 2968 1033 3035 vm,
1053 2972 1077 3022 9.

251 3094 262 3142 1
285 3091 308 3143 si
326 3090 419 3142 lumen
438 3091 511 3158 quod
539 3092 568 3144 in
592 3097 620 3144 te
639 3097 681 3145 cst
708 3091 838 3145 tenebrae
865 3097 929 3144 sunt
948 3091 1026 3143 PTE
1042 3091 1076 3159 cf.
1096 3091 1223 3144 Sabatier
1242 3093 1295 3158 m,
1313 3088 1349 3143 36

207 3176 304 3244 quodsi
330 3177 425 3230 oculus
453 3186 516 3231 tuus
543 3179 703 3231 tenebrosus
723 3177 901 3240 ambrerias
928 3180 965 3231 cd
986 3178 1142 3230 sse-siculum
1161 3183 1348 3232 antecedentem

205 3265 275 3316 sacri
301 3274 382 3317 textus
405 3265 550 3330 aberrauit)
603 3267 702 3318 tcum
729 3264 946 3318 habitationibus
975 3265 1045 3316 VPb·
1066 3280 1130 3317 cum
1158 3265 1349 3352 h⁸bit⁸l²ill3¹¹⁸

206 3365 276 3432 (ntib
295 3369 320 3419 ia
339 3385 391 3420 rus.
412 3366 438 3430 Il
457 3369 482 3421 R
509 3386 571 3421 cum
599 3367 819 3421 habitantibuse
873 3368 1024 3422 7militiue
1053 3368 1134 3421 RTE
1159 3388 1191 3423 ex
1218 3367 1352 3424 miliae?

204 3455 389 3508 tabernaculis
409 3456 487 3507 tuus
503 3457 531 3508 in
550 3456 736 3509 tabernaculis
757 3456 781 3507 Il
799 3456 831 3518 cj.
851 3457 881 3508 de
905 3457 959 3508 loco
986 3457 1106 3509 urriuerso
1126 3473 1158 3509 nc
1176 3459 1211 3511 de
1229 3459 1349 3512 sententia

932 3542 955 3579 ln

205 3597 265 3646 udas.
285 3595 380 3646 Bened.
435 3595 451 3646 8
469 3610 525 3645 non
544 3593 738 3647 inhabitabunt
758 3596 785 3645 Ε
800 3612 855 3647 non
873 3607 907 3638 -Ξ
918 3594 1126 3648 -ἑ100οί0010000
1146 3596 1172 3647 P
1189 3614 1249 3651 non
1267 3597 1291 3651 dr
1306 3596 1351 3649 hs·

204 3680 332 3734 bitabunt
360 3681 412 3733 BT
464 3680 607 3734 tlaccolae
627 3681 652 3732 R
670 3680 727 3739 (ubi
753 3698 801 3735 cco
830 3684 856 3733 ia
882 3670 954 3750 rus.)
975 3681 1054 3733 PTE
1108 3685 1138 3734 ll
1159 3682 1350 3738 habitantibus

205 3766 283 3818 PTE
299 3767 454 3821 habitantes
475 3768 499 3819 R
552 3768 698 3820 ostendens
718 3768 772 3820 RE
788 3773 921 3821 contuens
941 3769 990 3820 Pr·
1044 3771 1075 3822 12
1093 3768 1225 3825 incolatu
1248 3789 1278 3825 se
1296 3785 1351 3823 esse

206 3851 284 3905 RTE
300 3849 489 3907 incolatu'esse
509 3855 534 3906 Ι)
584 3855 734 3922 peregrino
754 3855 804 3906 PT
804 3856 831 3907 E
848 3874 877 3908 ex
894 3856 1041 3923 peregrina
1060 3873 1128 3907 corr.
1146 3874 1181 3909 m.
1208 3860 1224 3909 1
1247 3859 1274 3912 R
1324 3866 1350 3909 et

206 3939 284 3990 I'TE
300 3959 329 3992 ex
347 3946 406 3993 tum
433 3947 461 3993 et
485 3958 550 3994 corr.
570 3941 596 3994 a
650 3943 682 3994 13
701 3941 933 3995 cohabitationem
954 3943 1005 3994 ΒΤ
1030 3941 1207 3998 habitatione
1233 3946 1259 4000 V
1274 3944 1350 3999 coha-

205 4025 353 4078 bitationes
364 4029 392 4079 E
399 4027 705 4081 conhabitationibnsl'
757 4030 789 4081 15
808 4028 915 4081 animes
933 4029 955 4080 l·'
1006 4031 1038 4082 18
1057 4046 1121 4082 cum
1134 4030 1158 4082 is
1172 4033 1225 4099 qui
1239 4032 1351 4086 oderant

213 4113 235 4164 l'
250 4114 283 4179 cs.
304 4115 421 4167 Subutier
433 4115 472 4178 II,
493 4114 552 4167 250
570 4134 632 4168 cum
652 4116 808 4169 odientibus
821 4117 896 4168 ΡΤΕ
907 4133 970 4169 cum
988 4116 1151 4169 odienteslt
1209 4121 1246 4175 ‘20
1265 4126 1351 4173 motus

205 4199 283 4251 PTE
298 4218 368 4269 supr.
386 4219 435 4254 arr.
455 4220 487 4254 m.
509 4202 524 4252 1
543 4203 567 4255 R
619 4206 650 4256 21
672 4221 739 4271 pace
759 4204 810 4256 RT
811 4204 839 4255 E
854 4220 950 4270 pacem
970 4204 1001 4256 Ρ.
