2790 4844
492 235 608 287 sancti
633 235 767 288 Hilarii
795 236 958 304 episcopi

588 421 771 505 l'SdbllllS
800 422 865 503 tt.

155 546 198 610 ln
234 546 357 610 sineru
389 565 458 626 pro
492 544 650 628 populo,
686 545 752 627 qui
775 566 793 608 a
816 546 975 610 sanctis
1009 545 1130 629 longe
1161 546 1301 610 factus

87 681 94 694 ,
154 657 224 727 est,
260 650 387 714 Dauid
421 649 459 712 in
495 648 606 713 tituli
637 649 929 730 inscriptione,
959 670 1042 714 cum
1074 656 1302 715 tenuerunt

473 773 560 817 eum
583 751 784 835 allophyli
808 754 845 816 in
869 752 982 819 Geth.

114 902 127 940 s
198 875 396 940 Miserere
420 875 503 951 mei,
527 875 695 950 domine,
720 876 907 958 quonism
941 873 1203 940 conculcsuit
1238 894 1299 939 me

153 978 280 1043 homo:
312 985 393 1043 tota
424 979 488 1043 die
522 998 708 1061 pugnans
732 978 956 1043 tribulauit
986 999 1050 1057 me,
1085 977 1299 1043 conculca-

153 1088 376 1148 ueruntme
399 1082 557 1147 inimici
582 1085 654 1146 mei
680 1088 763 1146 tota
787 1084 850 1148 die
874 1081 1052 1166 etreliqua.

199 1206 224 1269 1.
249 1203 347 1268 Multa
369 1203 480 1284 psalmi
499 1204 717 1284 superscriptio
733 1203 963 1284 conprehendit,
980 1224 1047 1288 qum
1063 1209 1175 1285 praeter
1191 1223 1298 1268 rerum
1326 1198 1329 1204 ’

151 1317 309 1393 gestamm
332 1309 485 1373 notionem
510 1307 634 1372 alterius
658 1307 875 1390 intellegentie
898 1307 1042 1372 intimant
1064 1327 1199 1395 sensum,
1223 1326 1297 1372 cum

102 1433 125 1468 10
152 1434 221 1494 pro
244 1412 398 1492 populo,
423 1412 488 1496 qui
511 1432 529 1474 a
552 1410 709 1475 sanctis
741 1410 862 1495 longe
886 1419 954 1476 est.
985 1411 1121 1492 psalmus
1144 1417 1199 1484 est,
1222 1431 1297 1477 cum

153 1515 264 1581 tituli
296 1516 518 1597 inscriptio
548 1515 716 1595 prefertur,
740 1535 809 1579 cum
832 1522 987 1596 postremo
1011 1516 1170 1580 exordium
1193 1516 1296 1596 ipsum

110 1675 111 1678 ,
152 1622 189 1685 in
214 1621 337 1685 linem
359 1619 577 1701 prescribitur.
624 1620 648 1682 si
673 1621 755 1704 enim
772 1639 840 1683 eam
857 1618 953 1683 solam
971 1617 1139 1702 querellam
1155 1639 1297 1700 presens

152 1745 253 1790 sermo
277 1724 460 1799 concineret,
495 1724 585 1806 quod,
619 1743 688 1787 curn
724 1723 855 1806 lugeret,
889 1724 928 1786 ab
963 1722 1124 1806 allophylis
1142 1723 1187 1787 in
1210 1722 1296 1789 Geth

155 1829 253 1893 Dauid
277 1835 439 1906 teneretur,
464 1835 559 1891 totum
583 1847 617 1891 se
640 1828 722 1891 circa
744 1828 776 1892 id
800 1834 916 1891 tautum
934 1828 983 1892 hic
999 1827 1157 1907 increpitas
1180 1827 1297 1911 iniqui-

99 1952 124 1988 1⁶
152 1935 222 1997 tatis
246 1940 345 1997 motus
369 1939 532 1997 exsereret.
579 1937 610 1994 at
632 1951 703 1994 uero
726 1951 796 1996 cum
821 1930 886 1996 haec
914 1939 985 1996 ante
1007 1932 1052 1996 rei
1075 1937 1172 2015 geste
1196 1931 1297 2016 sigui-

151 2038 324 2100 ficationem
347 2038 386 2101 ad
410 2026 597 2100 inbuendum
621 2034 753 2117 legentis
776 2054 901 2099 sensum
925 2035 1185 2120 dirigendumque
1214 2056 1297 2117 pra-

151 2141 213 2204 lata
235 2142 304 2219 sint,
329 2141 396 2205 sine
420 2141 511 2205 dubio
535 2138 743 2223 intellegimus
765 2158 821 2220 per
844 2159 945 2203 rerum
970 2146 1137 2223 gestarum,
1170 2159 1242 2223 quae
1265 2141 1299 2204 iu

152 2245 252 2309 Dauid
274 2245 471 2327 gerebantur,
507 2242 633 2308 effectus
668 2243 790 2324 inprimi
826 2244 914 2307 nobis
948 2244 1116 2308 secundum
1151 2244 1302 2324 spiritmn

150 2348 320 2429 prophetiza
342 2368 445 2412 earum
472 2366 584 2422 rerum,
615 2367 682 2429 quae
706 2345 764 2410 sub
788 2346 837 2410 his
860 2347 1143 2427 praescriptionibus
1174 2348 1297 2433 signifi·

97 2472 124 2508 so
151 2459 227 2516 catae
251 2460 330 2526 sunt,
355 2453 524 2516 notionem:
559 2457 600 2527 ut,
632 2450 714 2533 quod
740 2450 838 2514 Dauid
861 2471 971 2531 passus
995 2458 1051 2528 est,
1082 2450 1296 2537 praefiguratio

150 2558 241 2621 l'uerit
264 2557 440 2638 passionum
475 2555 590 2618 domini
617 2554 708 2617 nostri
736 2554 806 2618 lesu
830 2552 960 2619 Christi:
996 2561 1036 2631 ut,
1061 2556 1143 2637 quod
1179 2556 1292 2621 tituli

150 2662 371 2741 inscriptio
395 2668 450 2736 est,
474 2659 547 2734 eius,
573 2659 625 2742 qui
649 2658 806 2723 moriendo
822 2659 938 2736 uicerit,
961 2657 1137 2742 significata
1152 2659 1292 2744 uideatur

147 2765 313 2839 eternitas,
356 2764 426 2845 quia
461 2762 537 2827 tituli
572 2762 739 2842 inscriptio,
778 2782 871 2845 quam
909 2763 1155 2846 στηλογραφίαν
1190 2783 1292 2829 sermo

150 2869 315 2951 graecitatis
331 2869 475 2943 enuntiat,
499 2866 548 2931 his
566 2867 705 2941 maxime,
730 2867 780 2949 qui
797 2865 987 2946 probabilem
1015 2867 1109 2930 uitam
1139 2869 1292 2952 degentes

98 2990 123 3028 as
150 2972 241 3034 etiem
264 2992 319 3051 pro
342 2970 439 3035 salute
463 2971 570 3051 patrica
594 2969 671 3033 mori
689 2968 768 3033 bello
789 2990 849 3034 non
866 2971 1032 3046 timuerint,
1055 2971 1094 3034 ad
1109 2973 1293 3037 aeternitstis

4 3069 6 3072 ⁴
150 3073 278 3156 gloriam
303 3075 465 3139 deferatur.
511 3074 682 3154 populus
706 3080 818 3150 autem,
843 3074 908 3156 qui
934 3073 1053 3157 longo
1078 3074 1133 3138 sit
1155 3075 1293 3142 factus

151 3200 169 3241 a
203 3179 368 3256 sanctis,
403 3175 523 3241 Israhel
558 3177 704 3259 indignus
740 3177 838 3241 factus
872 3175 1114 3241 sanctificatione
1148 3179 1293 3261 gentium

150 3281 303 3366 longeque
325 3283 363 3345 ab
387 3303 422 3346 ea
448 3283 612 3346 discedens
635 3301 704 3346 esse
727 3282 902 3346 noscendus
924 3288 981 3346 est.
1027 3281 1109 3363 quod
1125 3289 1230 3347 autem
1254 3283 1294 3349 iu

149 3385 271 3449 finem
296 3393 364 3464 est,
388 3386 544 3466 proprium
568 3385 595 3449 ei
619 3403 695 3457 esse,
720 3385 771 3468 qui
795 3384 866 3449 finis
896 3383 1051 3468 legisset,
1075 3383 1294 3470 intellegatur:

191 3593 464 3661 binscriptionemb
516 3591 647 3646 dallotili
661 3591 733 3645 Geth
743 3594 767 3644 R
820 3592 1109 3661 ScoupraeheuditR
1167 3596 1200 3649 10
1218 3598 1297 3663 psal·

148 3680 355 3732 mus-Istic
370 3698 422 3732 ras.
439 3678 471 3743 l')
526 3682 555 3732 11
570 3678 744 3748 proferturh'
799 3682 831 3732 12
844 3679 872 3731 in
885 3678 939 3732 fine
952 3679 1031 3732 RPE
1081 3680 1297 3747 quaerellamR

149 3767 377 3834 querelamPTE
428 3769 461 3820 13
479 3765 634 3819 contineret
645 3767 681 3817 Te
734 3766 768 3818 ab
787 3765 926 3834 allophilis
940 3766 1016 3818 RPY
1067 3768 1101 3818 14
1119 3783 1148 3820 se
1168 3767 1198 3821 id
1217 3768 1297 3825 circo

150 3855 175 3906 n
226 3853 381 3921 iniquitatis
400 3854 551 3921 increpitae
571 3854 598 3904 E
650 3854 682 3906 15
697 3852 735 3911 ,sd
753 3869 820 3905 uero
839 3854 864 3906 R
932 3856 962 3906 16
990 3853 1113 3922 legendis
1142 3854 1169 3906 R
1196 3854 1297 3925 legen·

148 3940 219 3994 tium
239 3940 317 3992 PTE
368 3942 400 3994 17
419 3957 510 3994 rerum
528 3957 599 4009 serpr.
618 3958 666 3992 ser.
687 3941 712 3990 Τ
766 3942 797 3994 19
815 3938 971 4008 significata
991 3939 1052 3991 RPe
1104 3941 1141 3994 110
1160 3945 1257 3998 utens
1271 3947 1297 3999 R

148 4034 180 4088 ‘21
201 4035 357 4103 passionum
384 4053 432 4087 om.
461 4036 485 4087 R
538 4035 626 4087 nostri
653 4053 701 4088 orn.
731 4037 754 4087 R
807 4037 841 4089 23
867 4022 1135 4092 (τελαΓΡαΦΥαἊ
1161 4033 1186 4085 Τ
1210 4040 1296 4095 πώ.

147 4130 264 4199 graphia
288 4130 331 4183 Ρα
358 4130 612 4199 stilographiamR
664 4134 697 4185 26
716 4132 742 4183 in
771 4131 876 4185 bellos
928 4131 1082 4184 timuerunt
1107 4130 1136 4182 E
1189 4134 1295 4205 211ρο-

145 4216 212 4285 pulo
231 4217 300 4269 RPa
316 4235 368 4286 pro
384 4217 487 4285 populo
505 4220 569 4270 cont.
589 4218 683 4271 Ramed.
737 4220 771 4271 28
789 4217 938 4272 descedens
951 4218 976 4270 R
1027 4216 1057 4269 iu
1075 4215 1131 4270 fine
1152 4216 1211 4274 ΚΡ.
