2790 4844
146 246 208 311 746
484 245 601 298 saneti
626 243 762 297 Hilarii
787 243 952 311 episcopi

147 444 237 513 esset,
261 456 322 500 nou
345 444 379 501 ut
402 435 501 500 forma
524 434 573 499 dei
597 454 665 498 esse
689 433 852 498 desineret.
897 432 943 498 sit
966 433 1055 497 enim
1086 434 1176 515 ipse:
1205 453 1281 518 qua

146 560 314 624 eumque
338 546 455 620 poter
478 539 588 614 facit,
605 539 740 602 eadem
766 544 803 601 et
826 536 1070 602 filiussaoit
1090 538 1284 603 similiter.

147 644 296 727 numquid
319 644 350 707 in
374 644 475 707 forma
499 642 580 706 serui
604 661 734 706 maneus
757 642 904 706 uirtutem
935 648 968 705 et
997 642 1212 719 diuinitatem,
1238 662 1284 726 qua
1308 676 1310 731 !

146 750 177 814 in
202 749 302 812 forma
327 748 375 812 dei
399 748 553 828 manebat,
587 745 713 810 amisit?
757 765 828 810 oum
852 745 991 810 enimin
1017 765 1157 827 corpore
1180 745 1283 810 bumili-

108 881 120 915 ι
149 853 219 916 tatis
242 861 366 929 nostra,
390 871 592 935 quaecumque
619 856 707 930 pater
730 849 811 924 fauit,
835 849 942 913 eadem
967 864 997 914 et
1022 850 1092 930 ipse
1119 851 1195 916 saoit
1215 851 1282 915 simi·

147 956 225 1033 liter,
249 955 326 1021 nihil
349 976 406 1035 per
428 955 617 1019 consortium
633 955 735 1018 earnis
759 974 777 1017 a
799 960 936 1034 pateruae
952 954 1133 1019 diuinitatis
1149 960 1282 1036 potestate

148 1061 333 1144 degenerat3
368 1079 468 1143 neque
497 1059 529 1124 id
554 1078 671 1138 eorpus,
705 1058 787 1140 quod
822 1058 1022 1138 adsumptum
1059 1065 1119 1135 est,
1157 1059 1281 1123 uirtutem

148 1170 264 1227 naturae
298 1169 390 1227 antea
423 1163 577 1227 manentis
615 1160 763 1237 aboleuit,
801 1181 869 1226 oum
907 1161 938 1225 in
976 1182 1013 1226 eo
1050 1183 1191 1242 corpore,
1214 1160 1280 1246 quod
1308 1176 1310 1185 ·

149 1268 347 1347 adsumptum
371 1274 428 1338 est,
452 1266 550 1330 uirtus
574 1271 690 1329 naturae
713 1271 804 1328 antea
827 1264 981 1329 mouentis
1004 1273 1162 1345 operetur.

98 1440 123 1475 10
194 1413 222 1477 3.
247 1412 355 1495 Itaque
378 1414 404 1478 si
427 1413 500 1495 quid
524 1412 685 1476 infirmum
701 1432 738 1476 er
753 1431 885 1492 persona
901 1411 965 1476 eius
982 1411 1103 1477 dietum
1120 1413 1280 1494 reperietur,

150 1519 189 1582 od
224 1516 385 1582 hominem
419 1516 528 1581 referri
561 1522 689 1596 oportet,
724 1535 780 1599 per
814 1535 907 1598 quem
940 1514 1097 1581 habitauit
1131 1518 1164 1582 in
1196 1516 1276 1582 notia

149 1621 311 1686 uerbum
335 1619 713 1685 enimoarosaotum
731 1626 794 1684 est
818 1626 855 1683 et
877 1619 1086 1685 habitauit
1110 1622 1148 1685 in
1172 1618 1277 1684 nobis

149 1724 346 1789 referendum
377 1732 478 1789 autem
506 1724 544 1787 ob
569 1724 600 1787 id
624 1728 680 1800 est,
715 1724 787 1807 quia
819 1744 878 1788 uon
914 1722 1024 1789 alienae
1058 1734 1111 1789 aut
1144 1723 1272 1789 simulata

150 1834 265 1892 naturae
299 1828 457 1892 hominem
496 1829 677 1908 adsumpsit.
732 1828 862 1892 uerbum
897 1847 1034 1911 namque
1068 1849 1141 1893 earo
1177 1828 1269 1892 sartum

99 1960 124 1996 ιι
151 1931 303 1997 habitauit
325 1933 357 1996 in
380 1933 484 1996 nobis:
508 1952 568 1995 non
592 1932 623 1995 in
647 1931 719 1995 uitia
741 1931 1001 2015 infirmitatesque
1026 1933 1129 1998 earnis
1152 1953 1187 1998 er
1201 1927 1266 1997 uerbi
1308 2015 1310 2019 ¹

150 2037 264 2100 uirtute
295 2035 453 2109 deficiens,
485 2037 540 2100 sed
571 2043 688 2099 naturae
719 2042 831 2099 nostrae
860 2034 1059 2101 infirmitates
1088 2035 1181 2102 borno
1200 2040 1263 2098 urbs

151 2141 327 2205 adsumens,
373 2140 548 2221 adsumptio
561 2146 664 2204 autern
677 2140 863 2204 infirmitatis
876 2159 936 2204 non
954 2135 1259 2220 morinorumque
1303 2148 1310 2158 ·

151 2244 232 2308 oliud
246 2251 295 2308 est
305 2250 444 2308 naturam
459 2264 537 2321 esse,
545 2243 628 2308 aliud
639 2243 851 2325 adsumpsisse
863 2250 1015 2307 naturam.
1040 2238 1256 2327 etexuagenrn
1300 2268 1304 2274 ·

152 2349 367 2413 neeessitetem
385 2348 549 2413 uoluntatis
564 2348 700 2413 accessio
718 2356 773 2412 est.
817 2367 877 2411 non
897 2347 981 2412 euim
997 2355 1141 2427 peccator
1154 2337 1253 2417 futei
1295 2366 1299 2370 ⁴

100 2474 124 2510 ιο
151 2459 279 2531 peccota
294 2454 444 2532 suscepit;
468 2471 569 2534 neque
585 2450 724 2516 infirmus
740 2451 849 2528 extitit,
867 2451 923 2516 sed
938 2453 1074 2532 portauit
1087 2451 1252 2517 infirmium.
1295 2446 1310 2541 ¹.

151 2556 217 2635 ipse
240 2556 323 2619 euim
347 2557 515 2620 seeundum
541 2555 724 2639 prophetam
748 2561 920 2636 peooata
941 2563 1084 2620 nostra
1109 2546 1251 2629 suscepit
1294 2546 1310 2634 j

151 2665 190 2724 et
211 2660 487 2724 infirmitates
512 2667 673 2724 nostras
696 2660 884 2740 portauit
919 2665 951 2723 et
966 2680 1006 2725 ne
1026 2661 1102 2744 quid
1116 2647 1250 2737 ininpud·
1293 2724 1299 2737 ,

152 2763 246 2828 bilem
280 2771 372 2847 atque
405 2762 662 2828 indemutabilem
697 2763 890 2829 diuinitatem
928 2762 1119 2829 infirmitatis
1152 2757 1248 2827 inridere

151 2867 386 2943 existimaretur,
409 2868 536 2932 adiecit:
560 2875 598 2931 et
620 2887 690 2931 nos
713 2868 953 2947 putabamus
977 2888 1065 2933 eum
1087 2869 1125 2933 in
1146 2853 1250 2931 dolori·
1296 2862 1310 2959 '3'-

98 2991 123 3029 ιι
150 2970 221 3036 bus
245 2991 343 3036 esse.
389 2971 525 3051 suscepit
548 2991 621 3055 ergo
645 2970 849 3048 infirmitates,
872 2972 944 3055 quia
968 2970 1064 3036 homo
1090 2962 1250 3041 nesciunt
1294 3034 1309 3063 ᾖ

150 3081 273 3156 putatur
295 3074 406 3152 dolere,
438 3075 509 3157 quia
532 3075 659 3156 patitur:
694 3081 779 3141 earet
812 3095 885 3141 uero
920 3075 1080 3141 doloribus
1112 3076 1182 3157 ipse,
1206 3061 1250 3150 ιώ*

151 3180 227 3244 deus
252 3185 307 3244 est.
354 3187 385 3243 et
406 3198 477 3243 oum
501 3177 619 3244 habitat
640 3179 672 3243 in
688 3179 776 3244 nobis
800 3198 934 3263 eumque
957 3178 1154 3245 infirmitates
1167 3178 1250 3242 uostrts

195 3425 207 3474 1
229 3422 285 3475 rou.
304 3421 337 3488 ιι,
357 3423 397 3475 ιθ.
437 3424 468 3474 ιι
486 3421 543 3476 Iob.
562 3423 584 3489 1,
604 3424 644 3475 14.
680 3423 712 3475 ar
732 3421 805 3475 usar.
825 3421 898 3489 mn,
915 3423 940 3475 ι.
977 3420 1013 3476 aa
1030 3423 1102 3477 rura.

194 3643 237 3697 3
229 3661 258 3696 ιιι
277 3642 366 3696 forma
384 3643 457 3696 serui
475 3659 590 3696 manans
610 3643 684 3695 Ge
675 3660 705 3695 ιιι
723 3642 812 3695 forma
830 3658 945 3696 manens
960 3643 1036 3696 serui
1056 3642 1108 3697 R·
1100 3661 1129 3697 ιιι
1147 3643 1223 3697 tomus
1235 3630 1265 3688 &²¹

151 3799 264 3834 manens
295 3782 359 3833 Pru
431 3782 605 3835 7airtuenat
594 3786 673 3836 turae
702 3781 727 3834 G
797 3781 954 3835 Sabeleuit
986 3782 1070 3835 GRE
1097 3782 1216 3838 absoluit
1237 3771 1310 3871 Vs

152 3871 185 3922 10
215 3869 389 3936 repperietur
418 3869 470 3921 GR
536 3871 566 3922 ll
588 3872 699 3937 oportet
727 3868 779 3920 GT
795 3866 936 3936 oportebit
963 3868 1046 3921 RPE
1109 3830 1310 3926 habitabitG

152 3956 185 4006 12
203 3960 231 4007 et
258 3972 307 4006 om.
337 3958 361 4007 G
414 3955 553 4010 habitauit
581 3956 660 4008 GRT
685 3973 715 4008 aa
741 3953 878 4008 habitabit
897 3953 924 4006 P
976 3957 1010 4009 13
1027 3962 1079 4010 aut
1098 3951 1279 4012 simulato&

155 4041 186 4093 16
204 4039 287 4093 homo
311 4046 402 4094 natur.
421 4039 500 4108 (?)G
552 4043 587 4095 23
605 4043 694 4109 adque
721 4041 746 4093 G
798 4043 833 4093 24
851 4039 954 4095 adieoit
974 4041 1026 4095 GR
1055 4044 1128 4099 dicit
1146 4046 1173 4098 P
1220 4049 1282 4115 puta·

152 4127 248 4179 bamus
275 4128 327 4179 GR
353 4134 482 4196 putamus
501 4130 528 4181 P
578 4130 611 4181 25
630 4128 791 4196 iniquitates
812 4128 837 4180 G
890 4129 924 4182 26
942 4127 1040 4182 dolore
1063 4131 1090 4183 G
1144 4136 1179 4188 27
1196 4131 1287 4187 habitat

155 4214 233 4266 GRP
249 4212 416 4266 iubebit-uuit
434 4233 455 4267 e.
1107 4251 1111 4259 ·
