2790 4844
162 244 225 311 308
502 245 618 298 sancti
643 244 777 298 Hilarii
802 245 964 313 episcopi

163 435 352 500 infidelitatis
375 435 453 499 odiis
476 435 648 515 persistunt
670 437 835 511 decertare,
859 436 1045 500 condemnat
1068 437 1191 502 dicens:
1229 438 1289 503 dis

161 540 250 621 sipa
273 548 425 624 gentes,
450 558 532 622 quae
557 538 706 604 bellum
729 539 877 603 uolunt.
908 539 1183 619 pacificabitenim
1202 544 1289 607 omui

162 645 306 708 dominus
329 643 360 707 iu
385 643 458 709 caelo
481 648 511 707 et
533 644 563 706 in
589 650 671 707 terra
701 649 733 708 at
755 643 924 708 secundum
948 643 1119 725 apostolum
1145 646 1245 711 deus
1269 648 1289 710 ir

162 745 328 813 Christo
353 753 440 812 erat
463 748 645 811 mundum
670 746 951 812 reconcilians
974 748 1064 812 sibi.
1107 768 1214 814 earum
1232 769 1289 834 erga

123 892 135 926 a
162 853 299 935 gentium
317 853 559 935 dissipationem,
577 870 645 934 quan
662 850 792 916 caelestis
808 851 893 932 pacis
914 851 1014 917 soedus
1034 852 1172 917 abnuant
1191 855 1289 940 magis

162 975 221 1039 que
245 956 472 1021 dissensionum
494 955 597 1019 uolent
621 954 709 1029 belia,
734 955 790 1018 sub
815 955 1008 1020 diuersarum
1037 964 1141 1022 tamen
1164 959 1289 1042 gentina

161 1061 402 1145 congregatione
426 1060 593 1125 denuntiat.

207 1170 256 1234 33.
280 1167 363 1233 Nam
387 1170 425 1232 ad
457 1169 722 1234 conseruationem
745 1167 1057 1252 coniunctionemque
1079 1169 1172 1234 totius
1196 1190 1285 1236 sensu

160 1273 320 1357 increpitis
354 1279 509 1337 taurorum
552 1272 688 1338 conciliis
726 1271 862 1354 serisque
900 1271 1056 1350 siluarum,
1095 1274 1289 1358 gentibusqm

109 1409 134 1443 ιο
162 1376 275 1443 bellum
300 1376 472 1442 uolentibus
496 1377 662 1460 dissipatis,
687 1397 725 1440 ne
743 1376 816 1459 quid
836 1375 894 1440 sibi
911 1377 990 1440 ultra
1005 1377 1161 1460 adrogans
1187 1377 1289 1442 Israhe

160 1482 335 1564 impiusque
347 1488 556 1561 praesumeret,
570 1481 712 1546 subiecit:
732 1481 899 1545 uenient
914 1480 1047 1564 legati
1064 1500 1106 1544 ex
1120 1484 1289 1566 Aegypta

161 1585 384 1666 Aethiopia
407 1585 632 1666 praeueniet
656 1604 770 1649 manu
798 1605 875 1648 sua.
922 1587 993 1650 deo
1016 1605 1144 1669 regna
1167 1593 1287 1651 terra>

161 1695 324 1754 cantate
349 1690 429 1767 deo,
454 1689 623 1770 psallite
648 1689 817 1753 domino.
852 1689 1093 1772 expletaautem
1113 1688 1289 1755 haeeaaden

161 1800 231 1857 sunt
246 1794 294 1859 uei
308 1794 410 1878 magis
426 1793 592 1859 exoriente
607 1793 811 1869 uenientibus,
835 1793 882 1858 uel
907 1800 989 1869 tunc,
1014 1813 1083 1857 cum
1100 1794 1131 1857 in
1148 1792 1288 1874 apostolo

109 1926 134 1961 aa
161 1899 286 1978 spiritus
310 1908 434 1962 sanctus
458 1898 548 1962 diuisi
572 1897 654 1982 ignis
679 1899 768 1961 modo
792 1897 884 1961 uenit.
930 1917 1004 1960 num
1021 1897 1083 1961 iIIIa
1099 1897 1138 1961 ad
1154 1898 1289 1980 praedica

161 2002 253 2065 tionis
288 2000 476 2085 euangeiiom
510 2001 720 2085 cognitionem
754 2001 847 2065 etium
881 2021 919 2064 er
951 2001 1097 2084 Aegypto
1120 2002 1289 2066 conueniss

161 2106 351 2181 scribuntur,
394 2105 506 2188 quibus
551 2105 795 2188 magnitudinem
835 2104 932 2168 diuini
970 2105 1106 2169 muneris
1143 2111 1289 2190 tamquan

160 2209 270 2293 legatis
293 2210 538 2274 renuntiantibus
564 2211 726 2293 Aegyptus
752 2227 845 2292 prope
869 2209 1015 2272 uniuersa
1038 2210 1170 2274 ostiam
1195 2209 1289 2275 Iidehs

163 2313 326 2394 Aethiopia
349 2334 422 2379 uero
445 2313 476 2377 in
501 2313 641 2378 eunucho
658 2311 818 2377 Candaces
835 2312 908 2377 Iidei
924 2311 1118 2378 confessione
1136 2314 1288 2394 praeuenit

108 2443 133 2481 aa
160 2439 253 2482 manu
288 2424 390 2482 autem
425 2437 488 2500 sua,
525 2419 598 2481 dum
633 2418 700 2497 ipse
734 2416 879 2497 baptismi
910 2417 1042 2500 gratiam
1073 2418 1131 2483 sibi
1171 2417 1289 2498 postula

162 2522 282 2587 dicens:
322 2541 415 2586 ecce
454 2539 564 2604 aqua,
603 2522 697 2604 quis
736 2541 792 2584 me
830 2519 1027 2600 prohibet
1071 2521 1289 2602 baptizari

160 2632 384 2692 sacramentum
409 2627 509 2706 ipsum
536 2625 680 2709 baptismi
705 2625 782 2688 adeo
807 2624 986 2704 inpatientis
1010 2625 1157 2689 desiderii
1187 2626 1287 2707 cupidi

159 2736 219 2796 tate
253 2729 454 2815 praerreniens
489 2735 522 2793 ut
555 2750 573 2793 a
607 2730 735 2794 diacono
770 2728 980 2792 ministerium
1014 2728 1174 2808 apostolici
1209 2728 1289 2794 offici

160 2835 265 2899 salutis
289 2854 351 2899 sum
375 2834 503 2916 cupidus
527 2833 674 2916 exigeret.
721 2839 751 2897 et
784 2832 855 2916 quia
886 2831 996 2896 exinde
1027 2853 1083 2913 per
1104 2853 1214 2899 omnes
1238 2834 1289 2898 fen

107 2962 132 2999 aa
159 2948 268 3022 gentes
291 2939 471 3023 praedicatio
495 2938 608 3001 diuinae¹
631 2936 816 3021 cognitionis
839 2935 949 3001 inluxit
973 2973 1009 2982 -
1038 2936 1110 3020 quia
1141 2944 1171 3002 et
1200 2938 1285 3002 omni·

160 3062 256 3127 regna
279 3043 438 3107 domiuum
463 3040 619 3106 Christum
645 3042 737 3105 deum
762 3039 955 3105 intellectura
986 3040 1057 3105 licet
1087 3061 1156 3104 sero
1179 3041 1289 3119 sinte

159 3148 260 3211 omnis
290 3147 397 3230 lingua
426 3146 630 3221 confitebitur,
664 3145 735 3228 quia
765 3145 908 3209 dominus
940 3144 1030 3209 Iesus
1064 3145 1094 3209 in
1125 3145 1225 3229 gloria
1253 3145 1289 3209 d·

202 3348 263 3401 311
283 3347 343 3400 Cor.
362 3350 386 3413 5,
407 3350 446 3401 19.
482 3348 514 3399 21
535 3347 595 3399 Act.
615 3363 657 3414 ap.
677 3344 750 3411 VIII,
769 3347 811 3399 36.

200 3505 218 3556 2
237 3520 306 3571 quao
325 3503 398 3557 bolla
412 3505 435 3555 h
447 3504 552 3556 bellum
571 3519 641 3570 quae
654 3503 693 3554 Pb
746 3502 924 3556 bsecundum
934 3500 993 3567 (ona.
1004 3503 1043 3564 et)
1059 3500 1082 3550 R
1134 3507 1153 3556 4
1171 3520 1265 3556 eorum

158 3595 263 3670 dquae
282 3591 407 3644 caelestis
424 3591 448 3643 V
497 3590 625 3643 b'bolent
641 3587 674 3640 V¹
727 3589 900 3642 diuersorum
918 3589 940 3641 I'
990 3589 1114 3657 Spotius
1140 3590 1164 3640 V
1214 3594 1265 3658 9q

159 3695 263 3748 bellum
282 3696 439 3750 uolentibus
456 3714 512 3764 sap.
532 3696 608 3747 iiam
629 3693 700 3746 aa?
727 3695 750 3747 V
765 3713 814 3748 ona.
836 3694 861 3746 P
913 3696 945 3747 10
963 3693 1098 3760 adrogans
1118 3712 1149 3746 ea
1166 3707 1289 3762 anrogm

160 3780 264 3834 aassW
315 3784 346 3835 12
365 3782 483 3850 aetiopia
498 3783 522 3833 V
571 3799 668 3834 manus
687 3799 736 3834 sua
754 3781 779 3834 R
798 3799 894 3834 manns
913 3780 972 3833 eius
983 3781 1036 3833 PE
1087 3780 1276 3835 lacessente

160 3868 294 3936 &psallite
324 3870 346 3920 u
399 3869 506 3936 expleta
533 3870 607 3921 euim
636 3869 675 3920 Pb
727 3867 796 3920 haec
824 3885 855 3920 ea
888 3868 912 3919 V
964 3869 996 3921 15
1015 3867 1116 3920 diuisio
1146 3868 1172 3921 P
1225 3864 1289 3922 1912

160 3954 285 4009 eunucho
305 3955 443 4008 (landaces
461 3958 554 4025 scripsi
571 3955 600 4007 in
619 3972 725 4008 eonon
744 3954 877 4007 candaces
893 3954 918 4007 V
927 3954 956 4006 in
976 3954 1095 4006 candace
1115 3959 1131 4006 e
1150 3953 1177 4018 (ἔ
1197 3957 1224 4007 in
1241 3958 1289 4017 rost

160 4043 185 4094 R
209 4042 238 4094 in
263 4042 390 4095 candacis
418 4042 443 4092 I’
467 4042 495 4094 in
525 4042 657 4095 Gandacis
686 4040 811 4094 eunucho
832 4041 858 4092 Ε
910 4043 945 4094 20
962 4040 1053 4106 gratia
1076 4039 1100 4092 V
1152 4043 1185 4094 ‘21
1207 4058 1289 4110 squam

160 4164 225 4198 corr.
238 4164 270 4199 m.
285 4145 304 4198 ἱ)
319 4146 342 4197 V
358 4150 429 4214 aqud
447 4147 472 4198 R
525 4146 653 4214 prohibet
671 4162 715 4198 me
734 4145 813 4197 RPE
864 4143 1016 4212 baptiszari
1038 4143 1061 4195 1’
1111 4145 1148 4197 22
1166 4144 1289 4215 inpatisn

160 4240 201 4285 tes
226 4233 250 4285 V
299 4234 332 4286 25
352 4232 454 4285 inluxit
472 4250 534 4285 curn
554 4233 618 4300 quia
637 4232 730 4285 omnia
753 4232 778 4284 V
827 4233 861 4284 26
879 4228 945 4284 ᾶὸῐῐι
965 4230 1027 4283 ihm
1046 4230 1093 4283 dm
1118 4231 1148 4284 V.
