2790 4844
405 270 588 319 tractatus
613 265 647 318 in
672 265 845 334 psalmum
868 267 913 320 LI.
1172 266 1232 331 103

95 453 226 520 lenificat.
282 454 352 521 haec
385 456 412 521 si
442 456 543 536 potius
573 455 724 531 uulnerat,
755 455 858 522 dolum
894 457 977 533 iecit,
1012 457 1126 540 quippe
1160 476 1232 522 cum

96 567 256 639 proparate
279 559 319 623 ad
343 567 485 624 ornatum
508 560 718 625 ministerium
740 581 830 625 suum
862 561 1027 640 praebuerit
1049 561 1089 625 ad
1111 560 1230 625 uulnus.

96 660 190 746 lingua
211 661 279 728 haec
303 683 378 746 ergo
401 663 493 728 huius
516 664 548 727 in
573 662 691 728 malitia
714 664 848 744 potentis
871 665 1066 748 iniquitatem
1091 663 1230 748 cogitans

99 764 188 829 dolum
210 766 298 831 fecit:
330 765 443 845 idest,
475 787 568 850 quarn
597 774 708 833 natura
738 770 779 834 ad
811 767 1001 851 eloquendas
1031 769 1228 834 rationabiles

101 869 286 952 cogitationes
310 869 441 936 consult-i
465 872 566 936 cordis
589 878 827 953 praparauerat
850 872 918 952 ipsa
940 872 1041 953 potius
1063 873 1228 938 inrationa-
1270 902 1282 940 a

102 970 163 1037 bias
185 974 300 1058 cogitet
321 975 513 1058 iniquitates.
560 975 690 1057 populus
714 977 796 1041 enim
821 975 882 1053 ille,
906 976 958 1059 qui
982 977 1013 1039 in
1030 975 1114 1042 Doec
1133 977 1229 1061 signi·

104 1076 172 1140 ticam
199 1077 431 1162 intellegendus
456 1087 511 1158 est,
542 1080 582 1144 ad
612 1079 878 1164 magnificandum
902 1080 952 1145 dei
976 1099 1088 1144 nomen
1113 1079 1229 1145 electus

106 1190 127 1238 st
145 1179 178 1242 ad
198 1180 402 1246 celebrandas
418 1182 526 1248 laudes
545 1183 642 1263 ipsius
658 1187 849 1264 praeparatus
863 1182 945 1247 hune
956 1182 1130 1259 inhonorat,
1146 1184 1229 1249 hunc

107 1283 185 1359 trudit,
195 1283 285 1363 huuc,
298 1288 492 1370 quantumin
505 1309 539 1353 se
552 1295 608 1365 eat,
620 1293 720 1352 morte
732 1287 833 1352 crucia
848 1286 988 1368 perimit;
1005 1293 1036 1352 et
1045 1285 1104 1350 hoc
1116 1285 1229 1372 iinguae

108 1400 153 1447 aas
162 1388 312 1466 nouacula,
325 1410 381 1471 per
393 1409 487 1473 quam
500 1390 658 1456 clamauit:
679 1390 895 1473 crucifige,
915 1389 1130 1473 crucifige,
1155 1411 1227 1455 con·
1257 1422 1280 1456 ιι

110 1499 225 1556 sunno
260 1491 365 1557 dolum
378 1494 493 1577 itaque,
507 1504 664 1578 tamquam
677 1493 827 1559 nouacula
846 1500 943 1571 acuta,
963 1493 1157 1576 iniquitatem
1177 1515 1228 1560 co·

111 1590 189 1670 ptius
202 1594 276 1661 fecit
287 1595 356 1662 haec
368 1595 488 1682 lingua;
506 1604 537 1663 et
548 1599 718 1663 cuiusmodi
739 1597 853 1675 dolum,
869 1597 1091 1681 consequentia
1107 1599 1227 1664 docent.

140 1694 162 1759 9.
181 1697 322 1782 Sequitur
346 1701 445 1766 enim:
481 1701 673 1766 dilexisti
705 1701 906 1767 malitiam
936 1721 1058 1781 super
1088 1702 1227 1787 benig·

111 1797 259 1869 nitatem.
284 1804 550 1887 iniquitatem
583 1824 842 1888 superquam
872 1805 984 1888 loqui
1014 1805 1227 1870 iustitiam,

111 1898 153 1964 doli
170 1903 253 1972 buius
277 1909 398 1974 crimen
422 1929 460 1974 ex
483 1910 700 1989 conparatione
714 1908 750 1972 fit
772 1909 906 1993 grauius,
930 1929 1001 1973 cum
1017 1909 1135 1974 malitia
1158 1909 1225 1975 dili·
1254 1940 1279 1975 a

111 2002 169 2082 titur
187 2009 323 2078 bonitate
347 2012 501 2098 neglecta,
526 2033 596 2078 cum
620 2013 767 2098 iniquitas
797 2013 900 2097 agitur
929 2013 1139 2092 praetermisso
1162 2033 1227 2079 ser·

112 2123 176 2176 none
195 2115 325 2181 iustitia.
372 2115 456 2182 hunc
478 2137 639 2198 propensae
655 2118 687 2182 in
706 2116 859 2182 malitiam
872 2115 1045 2183 dilectionis
1067 2116 1224 2182 adiectum

111 2209 223 2283 donnus
250 2219 284 2285 in
316 2219 490 2304 euangeliis
520 2222 709 2286 condemnat
738 2221 862 2286 dicens:
896 2219 972 2286 hoo
1002 2228 1064 2285 eet
1093 2228 1225 2286 autem

110 2309 287 2396 iudicium,
325 2324 419 2408 quia
455 2322 523 2389 lux
552 2325 666 2389 uenit
696 2324 735 2388 in
766 2323 870 2390 hunc
900 2325 1089 2390 mundum
1113 2331 1151 2389 et
1173 2325 1225 2389 di·

110 2411 267 2492 lexerunt
303 2425 489 2493 homines
527 2429 659 2513 magis
699 2430 894 2502 tenebras
933 2448 1049 2512 quam
1081 2428 1225 2494 lumen.
1253 2459 1277 2495 ιι

110 2525 208 2602 upana
230 2531 344 2614 itaque,
367 2533 416 2597 cui
440 2534 481 2598 ad
503 2532 752 2614 redemptionem
776 2537 972 2613 peccatomm
1001 2533 1130 2597 uerbum
1154 2552 1226 2598 caro

109 2619 196 2695 facum
218 2639 265 2698 est
289 2640 319 2699 et
342 2635 419 2701 deus
443 2636 537 2701 homo
560 2643 652 2701 natus
675 2644 732 2716 est,
754 2646 788 2702 ut
811 2657 867 2717 per
884 2636 958 2702 fidei
976 2636 1224 2701 iustificationem

109 2728 244 2802 matedicto
267 2736 350 2823 legis
372 2737 451 2805 liber
475 2747 567 2820 esset,
591 2742 663 2805 dum
689 2741 720 2805 in
745 2740 993 2825 transgressione
1016 2738 1095 2824 legis
1108 2739 1227 2804 mauult

108 2835 197 2905 braic
218 2841 391 2921 maledicto,
414 2844 516 2925 ipsum
539 2841 627 2909 illum
648 2845 737 2909 deum
763 2865 853 2909 suum
876 2844 1005 2909 tradidit
1020 2863 1129 2923 pmuae,
1153 2863 1224 2908 san·

108 2934 204 3011 sunem
226 2946 301 3024 eius,
324 2954 358 3010 ut
380 2955 493 3028 prator
517 2957 600 3014 esset
623 2949 780 3026 innocens,
804 2948 836 3012 in
859 2968 893 3013 se
916 2948 982 3028 ipse
998 2946 1177 3028 suscipiens.
1193 2955 1225 3012 et
1252 2977 1277 3014 aa

108 3031 257 3131 haetegens
272 3051 413 3116 demutat
423 3059 541 3118 naturae
561 3052 825 3117 consuetudinem.
865 3050 1014 3116 malitiam
1026 3051 1111 3116 enim
1123 3050 1225 3135 diligit

108 3154 175 3220 miter
200 3150 423 3238 benignitatem
454 3161 486 3221 et
515 3176 553 3220 er
576 3155 665 3220 bonis
688 3175 826 3220 amorem
851 3155 1003 3220 conuertit
1024 3155 1056 3219 in
1080 3154 1224 3235 pessima·

108 3240 210 3331 diligere
231 3277 355 3342 quoque
378 3257 561 3325 iniustitiam
592 3280 805 3344 superquam
828 3259 910 3345 loqui
934 3260 1083 3327 iustitiam
1106 3259 1222 3325 maluit.

144 3368 358 3447 ammm

143 3540 334 3621 tpnepnnrio
355 3554 382 3606 P
443 3558 473 3608 at
500 3555 602 3609 uulnus
633 3557 656 3608 P
716 3558 733 3610 8
760 3557 789 3608 in
817 3555 913 3622 lingua
932 3556 958 3607 P
1021 3556 1170 3624 cogitando
1203 3556 1227 3609 V
1305 3581 1318 3620 0

108 3626 241 3696 ⁶⁰⁰de
286 3639 765 3711 significaturinteltegendusestV
810 3642 1003 3695 Scelebranda
1013 3643 1038 3693 1¹
1084 3642 1187 3696 {taruci
1203 3643 1226 3695 Γ

110 3721 259 3804 munira?
311 3729 345 3781 10
362 3728 498 3782 nouacula
515 3735 597 3783 acuta
624 3746 675 3798 per
701 3745 810 3797 quomo
871 3727 1003 3797 crucifige
1023 3747 1070 3782 sec.
1093 3730 1139 3781 loc.
1166 3745 1223 3797 rap.

110 3792 268 3889 bum
322 3814 1225 3883 mmmuommmmmmmuwmma

110 3878 219 3950 dulcori
236 3900 352 3955 arv
404 3904 437 3956 re
460 3901 594 3973 uniquam
618 3921 648 3956 a
673 3903 821 3970 iniquitate
846 3920 878 3954 m.
903 3900 923 3954 2
947 3902 972 3954 r
1021 3901 1226 3968 praemiator

113 3966 209 4034 munt
223 4003 374 4055 propensae
393 3988 518 4042 malitiae
535 3988 666 4043 affectum
679 3989 743 4041 m
799 3990 832 4042 18
849 3989 878 4040 in
897 3987 1070 4055 euuangeliia
1089 3987 1136 4040 ΓΗ
1180 3993 1224 4041 eat

112 4058 316 4142 stl'ttmngir
336 4073 462 4127 homines
482 4074 577 4127 apra
630 4068 876 4130 maestior?
895 4075 919 4128 V
968 4074 1050 4127 homo
1069 4093 1099 4127 ex
1117 4073 1224 4137 homiui

114 4140 165 4239 *ἓ
174 4147 350 4213 thusturac
369 4177 434 4215 sane
452 4160 681 4216 consuetudinem
696 4163 728 4216 Va
781 4163 814 4215 27
827 4168 856 4215 et
874 4177 909 4215 ex
927 4162 1007 4214 nobis
1021 4160 1044 4213 1⁷
1093 4162 1128 4216 28
1141 4175 1224 4227 super

115 4247 142 4258 “
156 4239 264 4300 ratitum
281 4266 338 4319 rap.
357 4249 402 4302 lin.
421 4264 438 4301 a
456 4266 489 4302 m.
509 4252 529 4301 2
552 4249 583 4302 V.
