2790 4844
334 295 516 345 tractatus
535 291 568 343 in
586 292 758 359 psalmum
779 290 873 344 LXIV.
1114 289 1178 355 239

42 493 91 539 utu
106 482 263 561 tompetit
285 480 353 545 haee
375 481 472 544 oratio
495 480 609 545 Iudaeo.
655 486 686 543 et
709 498 898 563 quamquam
922 477 974 543 hie
996 478 1076 545 liber
1098 479 1180 564 legis

50 579 89 649 S'lb
111 585 276 666 tropheos
310 590 414 649 temen
448 603 510 648 nou
543 592 591 649 est
623 584 726 668 gentis
756 584 855 649 unius.
901 602 973 663 spes
1005 584 1089 648 enim
1112 583 1180 650 use

56 680 172 753 «inuium
193 689 304 754 finium
328 694 418 754 terrae
441 695 505 763 est;
536 695 567 753 ot
590 706 782 771 quecumque
805 707 839 752 se
863 685 1043 752 habitabilis
1073 689 1179 753 muudi

60 782 130 850 buius
150 794 313 875 temperies
338 792 483 865 extendit,
514 792 659 857 omuibus
682 789 824 856 Christus
855 793 886 856 iu
917 811 972 872 spe
1003 798 1060 856 est.
1104 794 1179 876 quin

64 888 133 955 eden
152 897 259 964 interni
283 902 377 981 atquo
399 898 519 961 externi
543 896 638 960 moris
661 894 769 960 iusuiae
792 896 824 959 iu
848 894 938 960 huius
961 896 1096 961 nominis
1119 897 1180 962 uir-
1220 925 1233 960 s

66 999 328 1086 tuterequiesouut.
373 1021 467 1082 spes
490 1000 594 1065 enim
617 1001 793 1063 omniurn
823 999 971 1063 finium
1000 1004 1120 1065 terrae
1143 1007 1181 1064 et

66 1094 94 1158 in
119 1107 203 1171 ueri
239 1106 361 1186 longe
396 1111 466 1170 est.
511 1105 568 1170 sed
597 1123 686 1184 spem
717 1109 838 1185 oportet
860 1123 921 1167 uon
945 1085 1088 1168 exinani
1112 1123 1181 1170 esse

66 1218 259 1291 innuptum.
283 1230 324 1275 ue
346 1210 447 1293 magis
464 1209 505 1273 sit
518 1209 706 1273 incertorum
723 1208 934 1288 praesumptio,
959 1227 1052 1291 quom
1072 1228 1180 1290 erpeo·

66 1307 118 1372 totio
135 1317 332 1399 cognitorum.

95 1454 116 1522 8.
135 1461 247 1546 Itaque,
271 1483 326 1527 our
341 1463 371 1526 io
389 1481 425 1526 eo
441 1480 513 1541 spes
529 1461 667 1524 omnium
684 1460 733 1533 sit,
756 1461 788 1524 iu
812 1460 1075 1543 consequentibus
1091 1462 1181 1525 donet
1208 1486 1233 1522 ιο

65 1555 157 1630 diceus:
180 1585 415 1648 praepsrous
439 1564 656 1630 montesio
679 1565 834 1629 uirtute
865 1568 929 1628 tus
965 1565 1180 1629 accinctus

64 1658 90 1723 ill
115 1671 292 1749 potentio
328 1676 367 1734 et
400 1668 651 1734 oouturbsus
685 1666 853 1731 fundum
885 1669 1018 1744 moris,
1042 1688 1178 1733 sonum

65 1762 232 1840 fluctuum
266 1775 363 1840 eius.
408 1774 447 1838 od
482 1779 676 1837 terrenorum
711 1773 862 1836 montium
900 1779 1042 1836 naturam
1078 1791 1181 1839 sermo

64 1866 172 1942 isteron
196 1880 345 1960 pertinet:
368 1876 485 1941 firmati
508 1878 592 1941 euim
616 1882 697 1953 suut,
721 1895 780 1939 uou
797 1877 974 1956 praepornti;
999 1877 1181 1957 preparatio

64 1984 137 2044 auten
169 1982 279 2048 suturae
314 1982 499 2062 operationis
534 1986 581 2044 est
611 1985 757 2059 centurn.
803 1978 916 2044 dehine
940 1987 1181 2046 memoratorum
1209 2004 1234 2042 1⁵

64 2086 185 2150 montium
207 2086 390 2167 praepnrotio
423 2087 457 2150 in
490 2085 628 2149 seoiuotu
664 2084 809 2164 pot-entire
844 2090 936 2167 atque
970 2085 1083 2149 uirtute
1118 2090 1180 2149 est:

64 2184 122 2250 terro
141 2199 242 2255 sutem
273 2191 375 2255 omnis
410 2209 447 2254 ex
476 2186 574 2252 nihilo
597 2194 644 2253 est
673 2189 756 2252 iusso
791 2187 969 2266 subsistere,
1003 2207 1115 2273 resque
1145 2208 1182 2253 eo

64 2293 177 2359 notetis
200 2315 261 2359 nou
285 2295 371 2378 eguit
393 2293 541 2371 accinctu,
565 2313 634 2376 quse
650 2311 687 2356 ex
704 2290 828 2355 iubendi
844 2290 992 2357 fooilitste
1016 2291 1181 2372 pendebat.

64 2387 117 2457 utile
135 2405 179 2463 est
200 2405 305 2464 sutem
329 2417 526 2481 cognoscere,
550 2396 649 2462 sieubi
671 2397 704 2459 iu
727 2396 888 2476 seripturis
918 2396 1070 2460 montium
1101 2394 1183 2461 facto

65 2490 219 2568 sitneutio.
264 2503 308 2568 sit
330 2521 466 2585 nomque
489 2499 655 2582 propheto:
679 2500 826 2576 audite,
856 2499 998 2581 populi
1031 2519 1179 2571 omues.
1209 2524 1234 2559 κο

66 2602 292 2672 etsdtonust.
322 2612 431 2670 terro
461 2612 500 2670 et
534 2625 670 2669 omues
701 2603 943 2669 habitantes
973 2604 1014 2667 in
1044 2625 1097 2668 eo.
1143 2611 1183 2668 et

66 2700 123 2767 orit
140 2711 250 2775 uobis
275 2711 460 2774 dominus
484 2709 581 2774 deus
604 2709 642 2772 iu
667 2709 960 2784 testiinonium,
993 2708 1181 2772 domiuus

66 2798 199 2879 deusde
222 2817 337 2880 domo
361 2820 601 2879 seuotasua.
647 2819 816 2894 propter
852 2812 956 2896 quod
991 2831 1085 2877 eooe
1119 2812 1180 2875 do-

67 2906 165 2981 minus
186 2920 413 2984 descendet
436 2919 482 2982 de
513 2918 601 2982 looo
632 2937 701 2982 suo
732 2924 771 2981 et·
801 2917 1029 2982 descendet
1059 2936 1182 2996 super

67 3017 198 3087 excetra
235 3029 354 3088 terrae
392 3029 430 3088 et
466 3027 655 3088 conteret
690 3027 844 3085 montes
879 3022 1023 3086 subtus
1059 3040 1111 3094 se,
1143 3028 1183 3084 et
1210 3042 1235 3077 ro

99 3221 124 3277 ‘dd
137 3227 213 3286 Mieh.
233 3232 252 3297 1,
272 3234 289 3284 2
308 3248 368 3298 sqq.

100 3429 245 3506 leompetit
264 3440 338 3491 (eom
356 3456 427 3508 supr.
446 3456 495 3491 eor.
514 3456 546 3490 or.
565 3435 598 3502 3)
619 3438 645 3490 R
697 3436 800 3492 dhaes
829 3455 891 3506 spes
909 3438 984 3492 euim
1005 3438 1029 3489 P
1079 3439 1182 3505 aquu-

61 3528 155 3587 fflmuue
170 3543 199 3577 er
217 3541 410 3594 qneeoumque
429 3525 455 3579 R
508 3527 627 3592 detque
645 3525 755 3578 externi
773 3525 859 3578 om.P
909 3527 1135 3593 spi-esumptam
1153 3542 1184 3578 ex

57 3618 220 3680 promptum
243 3630 311 3666 eoru.
339 3630 371 3664 m.
391 3612 408 3664 1
426 3612 452 3664 R
507 3614 539 3665 12
557 3611 587 3664 in
613 3613 739 3679 potentia
764 3609 799 3665 V²
825 3609 874 3677 (of.
903 3612 1023 3665 ,toboder
1050 3611 1088 3677 11,
1116 3609 1174 3665 126

52 3692 78 3743 e
91 3696 218 3766 omes
235 3698 328 3764 Lxx)
347 3699 475 3768 posonen
491 3695 608 3752 worn
658 3703 687 3752 et
707 3699 876 3753 conturbans
891 3696 954 3764 ru
973 3673 1184 3772 amaseam}

49 3777 239 3851 quioouturbus
250 3786 330 3839 RPE
363 3785 480 3840 fundum
492 3784 711 3852 (fundum-zu)
728 3785 1003 3854 VRPprofuudume
1041 3787 1074 3839 13
1091 3786 1177 3838 moui·

44 3886 150 3943 riumu
201 3892 234 3943 14
251 3888 355 3944 firmati
385 3870 438 3944 eut
464 3893 529 3943 suut
559 3891 585 3943 P
634 3908 688 3944 uon
721 3889 877 3958 praeparati
908 3908 939 3943 er
970 3888 1127 3958 praeparati
1157 3889 1183 3942 R

40 4028 74 4085 1⁶
88 3972 174 4082 ἀοὶίυο
201 4030 226 4082 R
286 4031 318 4083 17
336 4046 452 4111 resquue
484 4030 510 4081 P
568 4046 600 4082 en
630 4047 696 4082 eros.
726 4030 751 4081 R
806 4032 838 4084 18
855 4027 1046 4093 uontteros.
1075 4027 1125 4094 ui)
1157 4029 1183 4082 R

30 4188 70 4247 fl
86 4184 115 4239 in
142 4185 301 4239 testimonio
333 4186 354 4238 V
405 4186 467 4240 dms
497 4187 532 4239 ds
561 4186 596 4238 de
630 4185 655 4238 Γ
679 4184 807 4238 domiuus
837 4186 872 4238 de
892 4185 970 4237 RPE
1023 4132 1139 4239 ⁸23dorno
1157 4187 1183 4239 12

29 4289 97 4333 ecee
116 4270 151 4325 d!
177 4271 199 4324 Γ
248 4272 284 4327 26
301 4278 400 4341 suptus
426 4273 453 4326 Γ.
