2790 4844
150 280 213 345 680
496 278 614 331 sancti
633 276 765 331 Hilarii
783 278 944 346 episcopi

149 471 227 536 nisi
252 476 375 552 pater,
398 470 464 553 qui
496 488 553 532 me
584 469 704 543 misit,
738 470 913 534 adducat
935 471 1062 538 illum.
1112 475 1204 540 illam
1229 476 1294 541 Sion

150 581 288 640 sanatam
324 580 354 638 et
387 573 542 638 caelestem
581 572 775 638 Hierusalem
813 573 914 658 elegit,
952 579 1147 643 concordem
1187 580 1297 645 seilicet

149 678 287 744 fidelium
318 683 432 743 eratum
462 683 493 741 et
521 675 727 742 sanctificatas
757 680 960 744 moramentis
989 680 1135 747 eeclesia
1170 685 1295 762 animas,

149 783 316 866 inquibus
347 787 504 864 tamquam
534 780 708 845 rationabili
740 787 771 846 et
799 781 988 866 intellegenti
1019 793 1050 849 et
1074 789 1251 852 emundata
1271 797 1296 852 et

111 914 124 949 n
150 905 264 952 aeterna
286 906 343 967 per
366 884 598 950 resurrectionis
621 884 750 968 gloriam
782 888 873 950 domo
906 888 1100 954 rationabilis
1124 898 1159 956 et
1183 892 1293 958 intelle

149 1011 227 1076 gens
261 1002 291 1054 et
324 989 472 1071 inpolluta
506 996 536 1053 et
573 1005 688 1054 aeterna
724 990 939 1056 inenarrabilis
977 993 1153 1059 diuinitatis
1194 1003 1294 1060 natura

150 1096 333 1179 requieseat.
378 1114 438 1158 uon
463 1094 544 1177 quod
568 1113 603 1158 er
628 1114 671 1169 ee,
694 1094 725 1157 in
749 1114 811 1177 qua
833 1101 887 1170 est,
911 1094 1073 1161 infinitatis
1097 1117 1164 1163 suae
1182 1100 1292 1164 inmen-

150 1200 240 1264 sitate
263 1199 399 1274 desistat,
422 1203 456 1262 ut
478 1196 683 1262 humanarum
705 1199 856 1263 mentium
878 1201 1030 1283 augustiis
1045 1209 1222 1270 coartetur:
1244 1204 1292 1267 sed

150 1304 223 1386 quia
246 1323 301 1383 per
323 1302 408 1386 digni
432 1321 467 1367 se
490 1301 654 1365 habitaculi
679 1303 797 1379 sedem,
814 1303 865 1385 qni
888 1302 1003 1386 ubique
1019 1310 1050 1369 et
1066 1305 1154 1370 idem
1173 1314 1205 1371 et
1218 1315 1291 1372 totus

99 1431 124 1468 ιο
151 1414 183 1472 et
204 1427 329 1488 semper
352 1412 407 1481 est,
431 1407 462 1470 in
485 1406 600 1470 sanctis
623 1405 895 1490 probabilibusque
924 1409 1109 1492 requiescat,
1137 1411 1193 1475 ubi
1216 1410 1292 1475 nulla

151 1511 287 1590 offensio,
310 1531 370 1574 non
394 1511 569 1586 demutatio,
593 1511 649 1575 sed
679 1510 717 1574 in
752 1510 941 1575 saeculum
964 1513 1114 1590 saeeuli,
1139 1515 1173 1578 id
1198 1521 1244 1579 est
1265 1515 1289 1577 in

151 1622 266 1680 aeterua
289 1620 428 1695 tempora
451 1615 544 1697 digna
570 1622 600 1677 et
623 1613 747 1693 placens
771 1614 919 1679 habitatio
941 1616 983 1679 sit
1005 1615 1113 1681 electa

193 1720 244 1783 24.
268 1718 390 1783 Dehinc
413 1719 566 1801 sequitur:
598 1719 757 1781 uiduam
793 1719 879 1782 eius
901 1719 1159 1786 benedicens
1183 1723 1288 1787 bene

151 1825 288 1888 dicam.
334 1823 460 1906 quidam
485 1821 704 1885 translatorum
733 1823 951 1903 interpretatus
981 1843 1050 1888 esse
1082 1826 1125 1889 ita
1156 1834 1287 1906 repertus

101 1948 125 1984 nn
152 1933 214 1991 est:
250 1929 479 2010 captionem
515 1927 600 1989 eius
635 1925 886 1991 benedicens
924 1928 1184 1993 benedicam:
1218 1941 1286 1994 tam·

151 2052 245 2113 quarn
279 2032 475 2095 aenatoribus
512 2036 542 2095 et
572 2031 775 2110 piscatoribus
805 2030 967 2094 hominnm
998 2030 1118 2097 effectis
1149 2031 1285 2114 apostolis

151 2134 218 2200 hac
252 2155 357 2199 eorum
392 2135 556 2200 benedicta
590 2134 630 2197 sit
660 2134 767 2214 captio,
792 2134 926 2198 maxime
949 2136 1033 2218 quod
1058 2135 1282 2210 Bethsaidam

151 2259 213 2322 qua
235 2239 363 2320 apostoli
387 2246 466 2306 sunt,
490 2258 545 2317 per
569 2239 850 2317 interpretationem
876 2238 989 2322 linguae
1014 2239 1170 2305 hebraicae
1186 2242 1281 2304 domus

151 2345 329 2409 uenautium
354 2349 552 2423 nuncupetur.
599 2344 653 2406 sed
677 2343 766 2405 uobis
796 2344 956 2424 sequenda
985 2351 1033 2407 est
1063 2345 1166 2424 prima
1188 2344 1236 2409 illa
1255 2354 1279 2406 et

151 2449 207 2512 sub
232 2448 406 2512 ludaeorum
430 2447 620 2526 temporibus
644 2452 715 2510 ante
739 2448 854 2511 domini
886 2449 1053 2512 aduentum
1085 2450 1126 2513 ad
1157 2447 1277 2513 ecelesia

150 2553 323 2617 doctrinam
347 2552 531 2634 consignata
554 2549 762 2614 translationis
795 2551 975 2615 auotoritas:
1009 2552 1173 2616 uiduam
1204 2552 1273 2614 eins

151 2657 401 2722 benedicens
424 2654 673 2719 benedicam.
719 2661 835 2736 quanta
857 2654 1020 2720 uiduarum
1043 2655 1180 2740 dignitas
1197 2656 1272 2719 estet

150 2760 280 2825 honesta
302 2760 391 2823 unius
414 2760 471 2823 tori
494 2760 684 2823 conscientia
707 2770 737 2823 et
759 2758 857 2823 salicis
879 2759 1075 2824 continentiae
1105 2761 1268 2824 indemutata

150 2864 336 2928 constantia!
381 2862 447 2926 haec
472 2864 556 2926 enirn
579 2863 771 2927 benedicitur
794 2871 825 2926 et
848 2863 1059 2927 benedicendo
1088 2862 1266 2928 benedicitur:

150 2988 187 3032 ex
224 2967 336 3031 iudicio
374 2966 491 3031 seilicet
527 2966 737 3031 benedicentis
771 2966 985 3031 benedictione
1018 2965 1055 3031 fit
1090 2968 1190 3050 digna.
1226 2957 1264 3024 sed

150 3070 304 3150 apostolus
327 3071 468 3153 gentium
503 3070 609 3135 doctor
639 3069 777 3135 hortatur
799 3091 855 3134 nos
879 3081 908 3134 et
930 3069 1014 3134 aliud
1038 3073 1077 3136 de
1100 3072 1263 3148 arduaque·

150 3175 362 3239 benedicenda
374 3182 430 3251 est,
447 3175 570 3239 sentire.
616 3174 685 3258 lege
709 3175 793 3238 enirn
815 3194 874 3238 nou
899 3195 955 3254 per
976 3175 1122 3241 uirtutem
1147 3166 1262 3254 spun'uls

196 3371 207 3420 l
227 3367 304 3419 misit
321 3382 365 3419 me
384 3367 410 3420 R
462 3370 479 3421 5
497 3384 547 3435 per
566 3367 663 3419 ΙΨΙῈ
679 3383 698 3433 p
716 3385 788 3437 supr.
806 3384 855 3419 scr.
875 3366 900 3419 R
953 3365 1036 3419 domo
1054 3365 1156 3420 VPTE
1170 3355 1264 3418 domull

150 3459 179 3508 et
196 3453 361 3521 intellegens
380 3453 627 3507 -inenarrabilis
646 3455 673 3505 io
691 3471 773 3521 nimy.
792 3471 877 3522 super.
896 3454 957 3505 odd.
977 3453 1003 3504 P
1053 3456 1070 3507 7
1089 3470 1124 3507 ex
1141 3470 1172 3506 ea
1193 3440 1267 3503 rull

149 3557 185 3595 ex
202 3558 234 3594 eo
250 3541 275 3592 R
328 3540 466 3628 inlinique
491 3539 519 3603 (n
538 3559 568 3592 an
585 3537 644 3605 mii
663 3540 689 3593 R
741 3538 887 3592 infinitatis
911 3555 976 3592 suae
1004 3539 1069 3615 VRe
1096 3538 1214 3593 infinitas
1234 3544 1268 3584 ⁸11⁸

150 3646 213 3697 PTb
269 3647 298 3697 ll
319 3644 440 3708 offensio,
471 3661 525 3697 non
553 3642 705 3697 demutatio
741 3643 815 3696 VRP
839 3641 962 3709 offensio,
993 3642 1072 3696 nulla
1102 3640 1271 3696 damnosior

149 3731 332 3785 offensionum
359 3731 511 3785 demutatio
531 3732 556 3782 T
556 3733 570 3782 b
626 3733 658 3783 la
677 3730 714 3783 sit
740 3736 769 3782 et
795 3729 885 3782 electa
910 3729 931 3780 V
985 3730 1018 3782 14
1036 3729 1151 3796 quidam
1176 3724 1272 3782 transle-

149 3822 242 3871 torum
260 3845 293 3854 -
310 3817 473 3872 benedicam
492 3836 540 3869 nnn.
562 3817 610 3868 PT
661 3817 878 3883 interpraetatus
903 3814 951 3867 VR
1005 3817 1037 3870 17
1056 3817 1176 3870 maxime
1192 3807 1276 3885 quel

148 3904 280 3966 bethaida
299 3906 323 3955 'l'
341 3904 493 3958 betsaidam
518 3903 542 3956 V
594 3906 626 3957 18
643 3902 789 3956 hebreicae
813 3901 838 3954 V
861 3901 1025 3955 haebraicae
1044 3903 1070 3956 R
1124 3906 1157 3958 19
1176 3917 1279 3958 uaenau·

149 3990 220 4044 tium
239 3992 265 4042 P
316 3996 491 4055 nuncupetur
519 3991 592 4044 VRP
608 3994 785 4058 nuncupatur
804 3990 829 4040 Τ
879 3992 915 4043 20
932 3989 1156 4057 temporibus-
1175 3991 1282 4045 eccleis

149 4094 202 4129 ron.
229 4096 261 4130 m.
290 4077 306 4129 l
333 4079 359 4131 R
411 4080 444 4132 21
464 4078 616 4131 auctoritas
643 4077 720 4129 RP'I'
745 4076 940 4130 auctoritatem
971 4076 995 4128 V
1045 4079 1080 4132 23
1098 4082 1127 4131 et
1153 4079 1244 4134 felicis
1259 4103 1285 4115 ·-

149 4165 305 4217 constantia
323 4182 371 4217 om.
390 4166 417 4218 R
469 4164 655 4218 continentiae
674 4182 704 4216 aa
721 4163 922 4216 continentiam
940 4161 1065 4216 na2V
1114 4167 1150 4218 24
1168 4174 1198 4220 et
1216 4168 1289 4221 bene·

148 4250 265 4303 dicendo
283 4250 458 4304 benedicitur
482 4252 530 4304 VR
551 4269 600 4302 nnn,
620 4251 670 4302 1u'
721 4251 755 4303 25
773 4249 966 4303 benedictione
985 4249 1064 4303 RPT
1081 4252 1243 4308 benedictio
1267 4253 1292 4306 V.
