2790 4844
415 283 599 332 tractatus
624 279 659 331 in
683 279 854 346 psalmum
880 279 925 332 Ll.
1178 280 1235 344 10]

110 486 166 530 erin
189 468 216 530 in
253 468 345 532 trium
377 468 497 532 dierum
530 467 668 533 tenebris
699 468 842 532 tenebras
874 469 956 547 ipsas
988 468 1102 533 lumine
1134 489 1237 534 secum

112 579 239 636 manente
270 593 329 635 uon
361 573 470 642 sensit,
502 591 572 636 eum
596 572 775 655 Aegyptum
810 573 910 651 ipsam
934 580 1062 656 argento
1093 582 1124 638 et
1154 575 1238 638 omni

113 684 202 739 nmutu
225 674 428 755 despoliatam
453 674 535 739 eladi
558 695 621 739 sum
645 673 776 757 reliquit,
800 695 868 738 eum
888 676 1058 739 seeundum
1083 677 1144 740 diei
1167 696 1240 741 noe,

116 779 198 861 tisque
221 788 361 859 tempora
384 778 528 843 columna
551 798 631 843 nuno
655 777 760 843 nubila
783 799 865 842 nune
888 779 981 863 ignea
1000 799 1072 843 usus
1088 788 1145 858 est,
1169 800 1238 844 ourn

117 881 220 947 rubmm
244 903 328 948 mare
353 883 449 963 pedes
473 883 623 960 transiuit,
654 902 723 947 eum
753 882 933 966 augelorum
958 883 1026 946 eibo
1055 884 1140 952 uixit.
1171 904 1239 948 oum
1281 915 1293 950 a

119 986 289 1053 maiestatem
314 987 534 1052 descendentis
557 988 595 1052 ad
619 993 754 1051 montem
779 987 827 1050 dei
852 987 937 1064 uidit,
967 1007 1034 1051 erim
1069 1008 1176 1052 nouem
1202 990 1240 1054 de

121 1088 174 1171 igno
193 1090 348 1175 loquentis
371 1091 496 1167 audiuit,
520 1111 590 1155 eum
612 1111 712 1174 regna
734 1090 831 1154 multa
854 1089 944 1154 bellis
959 1091 1106 1174 grauibus
1121 1094 1239 1171 euertit,

121 1211 173 1258 enm
187 1195 348 1262 Iordanem
368 1195 558 1271 refluentem,
581 1204 614 1259 ut
637 1196 695 1262 sibi
713 1202 823 1267 ureret,
841 1195 1001 1274 spectauit,
1025 1215 1094 1259 eum
1107 1196 1240 1276 prophe-

123 1305 156 1359 tas
173 1296 281 1377 habirit,
306 1319 376 1364 eum
401 1299 613 1364 sacerdotibus
644 1300 683 1363 ad
714 1299 963 1364 emundationem
988 1306 1186 1378 peceatorum
1210 1307 1241 1365 et

125 1400 340 1482 redemptionem
365 1404 476 1468 animae
500 1423 562 1467 suae
585 1423 659 1467 usus
683 1409 739 1473 est,
760 1423 832 1466 euni
848 1403 988 1467 obtinere
1002 1422 1134 1486 regnum
1151 1424 1237 1468 suum
1268 1433 1293 1470 ιο

126 1508 217 1570 uomit.
263 1509 318 1571 sed
344 1507 375 1570 iu
400 1506 448 1571 his
471 1505 614 1570 omnibns
638 1525 708 1570 oum
732 1512 842 1586 potens
865 1513 957 1583 esset
992 1513 1096 1570 tumen
1120 1507 1152 1572 in
1175 1526 1240 1572 ma·

128 1603 171 1670 litia
190 1632 240 1676 sna
263 1618 372 1691 potens
396 1630 521 1689 semper
543 1611 608 1683 luit,
643 1630 713 1674 enm
744 1630 846 1690 caepas
877 1618 908 1674 et
931 1609 1023 1674 alium
1047 1612 1184 1695 Aegypti
1209 1618 1240 1676 et

127 1727 207 1778 omes
229 1715 426 1782 desiderauit,
451 1733 521 1778 oum
545 1713 585 1777 ob
609 1714 751 1778 uitiorum
781 1713 1033 1778 monsuetudinem
1058 1715 1240 1780 seruitutem

128 1812 224 1894 inpiam
259 1819 393 1884 libertati
431 1819 489 1898 piae
525 1817 665 1898 pretulit,
700 1838 769 1882 eum
800 1816 929 1882 nitulnm
960 1819 1105 1896 adorauit,
1136 1819 1239 1904 Moysi

129 1918 264 1997 maledixit,
289 1925 381 1988 deum
407 1924 602 1988 abominatus
625 1931 682 1999 est,
706 1922 784 1986 lilios
808 1944 878 1987 suos
909 1924 1097 1987 daemonum*
1121 1923 1238 1989 hostias
1267 1953 1291 1989 ιθ

129 2023 192 2089 unit
212 2027 377 2108 prophetas
394 2027 516 2104 (recidit,
539 2028 639 2107 ipsum
664 2047 786 2110 quoque
807 2027 896 2090 deum
911 2047 946 2090 ao
959 2028 1116 2091 dominum
1141 2047 1237 2105 suum,

129 2124 160 2185 sui
177 2147 253 2195 musa
277 2137 382 2195 natum
407 2129 573 2207 hominem,
597 2131 752 2211 proditum
777 2132 899 2211 praetori
921 2131 950 2194 in
966 2151 1090 2196 erucem
1106 2131 1237 2196 sustulit.

129 2244 153 2287 at
170 2232 203 2296 sio
216 2241 276 2298 toto
292 2235 364 2298 uitae
387 2256 450 2299 sure
474 2235 523 2299 die
546 2235 742 2317 iniquitatem
760 2234 903 2318 glorians,
927 2255 997 2299 eum
1014 2243 1122 2316 potens
1145 2242 1238 2310 esset,

130 2338 209 2401 uirens
229 2345 332 2401 tamen
358 2337 387 2401 in
412 2336 530 2401 malitia
553 2357 622 2401 esse
646 2338 824 2417 permansit.

158 2431 181 2495 7.
200 2438 265 2505 Post
298 2441 378 2505 hane
402 2461 477 2525 ergo
501 2443 539 2505 de
566 2463 602 2505 eo
625 2441 797 2522 prophetici
829 2442 942 2506 doloris
973 2441 1142 2525 querellam
1176 2443 1236 2505 iam
1265 2471 1290 2507 eo

130 2531 151 2595 ln
169 2536 248 2617 ipsum
280 2565 384 2610 sermo
414 2545 617 2609 conuertitur:
653 2546 909 2609 iniustitiam
941 2546 1143 2629 cogitauit
1166 2545 1236 2609 lin-

129 2653 275 2716 sualua.
322 2647 436 2732 linguae
468 2648 609 2713 humanae
640 2649 776 2714 officium
809 2655 863 2725 est,
893 2656 927 2713 ut
961 2648 1091 2712 naturali
1116 2649 1237 2729 inpulsa

129 2742 221 2823 rltine,
253 2760 336 2817 motu
376 2754 460 2817 uario
506 2753 676 2836 eodemque
719 2754 877 2817 moderato
918 2772 1026 2816 uocem
1068 2753 1097 2815 in
1140 2753 1236 2817 uerba

128 2843 271 2938 distinguat,
302 2863 449 2938 ext-etque
479 2876 536 2937 per
566 2877 634 2920 eam
665 2878 702 2920 ox
733 2855 859 2920 confuso
890 2855 1080 2934 erumpentis
1110 2855 1234 2935 spiritus

128 2966 183 3014 sono
205 2959 361 3025 dissonans
391 2960 431 3024 ad
461 2979 565 3024 rerum
595 2959 839 3044 intellegentiam
874 2980 986 3024 sermo.
1032 2966 1063 3023 et
1091 2960 1234 3042 quamuis
1262 2991 1287 3027 a

128 3053 224 3130 quidm
246 3062 296 3129 hie
320 3064 386 3128 eius
409 3063 448 3128 ad
472 3064 504 3127 id
521 3063 718 3128 elfieiendum
733 3063 924 3129 rationabilis
941 3072 1040 3127 motus
1064 3064 1113 3141 sit,
1131 3070 1234 3127 tarnen

128 3153 179 3233 llll
195 3168 306 3232 subdita
330 3167 429 3248 potius
453 3188 523 3232 esse
547 3168 656 3232 rationi
672 3167 872 3252 intellegitur,
896 3187 989 3251 quam
1005 3187 1097 3232 sensu
1111 3168 1235 3231 rationis

153 3385 335 3447 lintriduum
354 3394 462 3447 dierum
483 3394 508 3446 1’
539 3374 575 3444 '2
594 3410 649 3447 non
667 3396 752 3448 sentit
769 3395 789 3446 Γ
842 3393 991 3461 Aegiptum
1010 3393 1063 3461 ipsi
1075 3394 1099 3444 lt
1151 3393 1236 3446 adis-

126 3468 227 3535 mltum
244 3480 287 3532 Pa
340 3477 428 3533 eladis
455 3480 476 3532 Γ
535 3480 656 3548 reliquid
676 3482 701 3533 lt
754 3477 1238 3548 51›edest'epedenr⁷rtse‹rcf.

125 3555 158 3608 l'r.
169 3559 238 3625 att:
252 3568 286 3618 10
298 3567 342 3619 arbi
353 3569 429 3618 etium
443 3569 470 3619 in
486 3564 614 3634 Rpedes)
669 3571 685 3618 6
703 3566 879 3621 descendetis
897 3584 927 3619 ex
944 3565 1124 3620 descendetes
1136 3584 1169 3619 m.
1183 3566 1202 3618 2
1217 3567 1241 3620 V

122 3646 285 3724 woidempr.
299 3652 385 3707 sord
420 3669 516 3707 uooem
527 3647 557 3706 di
574 3653 712 3721 loquentis
724 3654 773 3706 PT
824 3656 841 3705 8
853 3652 989 3706 Iordanen
999 3671 1029 3705 er
1038 3652 1189 3705 lordeanen
1206 3650 1239 3707 Γι

120 3733 149 3787 lo
166 3739 277 3805 optinere
305 3741 330 3793 It
385 3742 417 3792 12
441 3756 523 3808 ospes
551 3741 629 3793 PTE
651 3740 752 3808 cephas
787 3741 809 3793 Γ
860 3744 888 3793 et
912 3740 977 3792 allia
1003 3739 1080 3791 ΡΤΕ
1129 3746 1239 3793 etcum

115 3837 195 3877 nne·
212 3827 276 3880 ΡΓα
332 3829 365 3881 14
383 3827 497 3894 impiam
516 3846 564 3879 ona
583 3827 610 3880 R
661 3826 785 3880 libertati
804 3826 850 3895 pio
868 3845 898 3880 aa·
916 3826 1046 3880 libertate
1064 3844 1108 3879 me
1129 3830 1240 3880 aenan

112 3909 217 3966 libertati
241 3915 285 3982 pia
316 3914 340 3967 Γ
389 3913 460 3966 Mosi
481 3915 519 3966 Ile
537 3913 652 3982 Moysen
672 3915 721 3966 1⁷1·
776 3916 807 3966 15
832 3913 988 3968 deum-:lt
1006 3912 1062 3966 dffir
1089 3915 1110 3966 Γ
1131 3913 1197 3967 dnm
1220 3914 1243 3966 Ρ

105 3997 284 4056 abhominatus
302 4007 345 4056 ost
360 4003 386 4055 n
404 4002 578 4056 abominatus
597 4002 656 4066 (om.
676 4002 728 4067 ost)
739 4004 789 4055 ΡΤ
846 4001 943 4055 hostiis
955 4003 1022 4054 m
1077 4004 1109 4056 16
1128 4003 1205 4055 uobit
1220 4003 1244 4054 V

104 4090 136 4143 18
142 4088 211 4143 diem
221 4091 246 4143 R
290 4089 438 4158 iniquitate
448 4089 496 4142 ΡΥ
506 4089 661 4157 iniquitatis
673 4091 697 4142 rt
706 4091 735 4143 in
746 4088 894 4156 iniquitate
906 4089 932 4140 E
974 4086 1008 4142 eii
1018 4091 1045 4141 in
1054 4107 1136 4155 nrorp.
1146 4090 1206 4140 rnld.
1218 4088 1241 4139 n

101 4178 132 4230 l9
147 4180 337 4245 pounntamsu
355 4194 386 4229 er
403 4177 614 4243 potestamenR
667 4193 725 4229 esse
745 4195 793 4228 ern.
808 4176 855 4227 ΡΤ
906 4177 940 4228 21
960 4176 988 4227 in
1007 4175 1104 4244 ipsol'
1154 4176 1242 4228 win-

93 4264 188 4336 pulsua
202 4265 224 4313 Γ
264 4261 723 4317 asmodenaeauariatoeorrrr
766 4266 935 4330 ilpereurn
949 4263 997 4314 1⁸7·
1040 4265 1073 4316 97
1087 4279 1197 4315 sensum
1211 4263 1242 4314 u.
