<?xml version="1.0" encoding="UTF-8"?>
<!DOCTYPE html PUBLIC "-//W3C//DTD XHTML 1.0 Transitional//EN"
    "http://www.w3.org/TR/xhtml1/DTD/xhtml1-transitional.dtd">
<html xmlns="http://www.w3.org/1999/xhtml" xml:lang="en" lang="en">
 <head>
  <title>
</title>
<meta http-equiv="Content-Type" content="text/html;charset=utf-8" />
  <meta name='ocr-system' content='tesseract 3.04.00' />
  <meta name='ocr-capabilities' content='ocr_page ocr_carea ocr_par ocr_line ocrx_word'/>
</head>
<body>
  <div class='ocr_page' id='page_1' title='image "./shilariiepiscop00hilagoog_0179.png"; bbox 0 0 2790 4844; ppageno 0'>
   <div class='ocr_carea' id='block_1_1' title="bbox 413 256 1241 341">
    <p class='ocr_par' dir='ltr' id='par_1_1' title="bbox 413 256 1241 341">
     <span class='ocr_line' id='line_1_1' title="bbox 413 256 1241 341; baseline 0.006 -16"><span class='ocrx_word' id='word_1_1' title='bbox 413 277 597 327; x_wconf 86' lang='lat' dir='ltr'><strong>tractatus</strong></span> <span class='ocrx_word' id='word_1_2' title='bbox 616 274 649 326; x_wconf 89' lang='lat' dir='ltr'><strong>in</strong></span> <span class='ocrx_word' id='word_1_3' title='bbox 668 275 841 341; x_wconf 83' lang='lat' dir='ltr'><strong>psalmum</strong></span> <span class='ocrx_word' id='word_1_4' title='bbox 860 272 929 328; x_wconf 86' lang='lat' dir='ltr'>LIV.</span> <span class='ocrx_word' id='word_1_5' title='bbox 1140 256 1145 264; x_wconf 42' lang='grc'><strong>’</strong></span> <span class='ocrx_word' id='word_1_6' title='bbox 1181 275 1241 339; x_wconf 78' lang='grc'><strong>147</strong></span> 
     </span>
    </p>
   </div>
   <div class='ocr_carea' id='block_1_2' title="bbox 95 461 1241 632">
    <p class='ocr_par' dir='ltr' id='par_1_2' title="bbox 95 461 1241 632">
     <span class='ocr_line' id='line_1_2' title="bbox 95 461 1241 546; baseline 0.003 -20"><span class='ocrx_word' id='word_1_7' title='bbox 95 462 191 528; x_wconf 92' lang='lat' dir='ltr'><strong>homo</strong></span> <span class='ocrx_word' id='word_1_8' title='bbox 226 462 370 527; x_wconf 88' lang='lat' dir='ltr'><strong>dominus</strong></span> <span class='ocrx_word' id='word_1_9' title='bbox 403 469 509 528; x_wconf 86' lang='lat' dir='ltr'><strong>noster</strong></span> <span class='ocrx_word' id='word_1_10' title='bbox 539 461 627 527; x_wconf 90' lang='lat' dir='ltr'><strong>Iesus</strong></span> <span class='ocrx_word' id='word_1_11' title='bbox 650 461 799 530; x_wconf 77' lang='lat' dir='ltr'><strong>Christus,</strong></span> <span class='ocrx_word' id='word_1_12' title='bbox 832 464 882 546; x_wconf 93' lang='lat' dir='ltr'><strong>qui</strong></span> <span class='ocrx_word' id='word_1_13' title='bbox 919 469 966 528; x_wconf 86' lang='lat' dir='ltr'><strong>est</strong></span> <span class='ocrx_word' id='word_1_14' title='bbox 997 463 1177 530; x_wconf 84' lang='lat' dir='ltr'><strong>benedictus</strong></span> <span class='ocrx_word' id='word_1_15' title='bbox 1211 467 1241 529; x_wconf 90' lang='lat' dir='ltr'><strong>in</strong></span> 
     </span>
     <span class='ocr_line' id='line_1_3' title="bbox 95 564 577 632; baseline -0.002 -1"><span class='ocrx_word' id='word_1_16' title='bbox 95 565 211 632; x_wconf 75' lang='lat' dir='ltr'><strong>arcula</strong></span> <span class='ocrx_word' id='word_1_17' title='bbox 234 564 428 632; x_wconf 79' lang='lat' dir='ltr'><strong>saculomm.</strong></span> <span class='ocrx_word' id='word_1_18' title='bbox 474 586 577 630; x_wconf 85' lang='lat' dir='ltr'><strong>arnan.</strong></span> 
     </span>
    </p>
   </div>
   <div class='ocr_carea' id='block_1_3' title="bbox 524 668 816 752">
    <p class='ocr_par' dir='ltr' id='par_1_3' title="bbox 524 668 816 752">
     <span class='ocr_line' id='line_1_4' title="bbox 524 668 816 752; baseline 0 -3"><span class='ocrx_word' id='word_1_19' title='bbox 524 668 709 752; x_wconf 71' lang='lat' dir='ltr'><strong>Pssumis</strong></span> <span class='ocrx_word' id='word_1_20' title='bbox 737 669 816 750; x_wconf 86' lang='lat' dir='ltr'><strong>llll.</strong></span> 
     </span>
    </p>
   </div>
   <div class='ocr_carea' id='block_1_4' title="bbox 103 790 1306 3062">
    <p class='ocr_par' dir='ltr' id='par_1_4' title="bbox 190 790 1151 858">
     <span class='ocr_line' id='line_1_5' title="bbox 190 790 1151 858; baseline 0 -2"><span class='ocrx_word' id='word_1_21' title='bbox 190 791 233 856; x_wconf 93' lang='lat' dir='ltr'><strong>In</strong></span> <span class='ocrx_word' id='word_1_22' title='bbox 257 791 383 857; x_wconf 86' lang='lat' dir='ltr'><strong>finem</strong></span> <span class='ocrx_word' id='word_1_23' title='bbox 408 792 445 856; x_wconf 96' lang='lat' dir='ltr'><strong>in</strong></span> <span class='ocrx_word' id='word_1_24' title='bbox 470 792 721 857; x_wconf 83' lang='lat' dir='ltr'><strong>carminibus</strong></span> <span class='ocrx_word' id='word_1_25' title='bbox 746 790 989 857; x_wconf 89' lang='lat' dir='ltr'><strong>intellectus</strong></span> <span class='ocrx_word' id='word_1_26' title='bbox 1014 793 1151 858; x_wconf 87' lang='lat' dir='ltr'><strong>Dauid.</strong></span> 
     </span>
    </p>

    <p class='ocr_par' dir='ltr' id='par_1_5' title="bbox 103 895 1280 1084">
     <span class='ocr_line' id='line_1_6' title="bbox 143 895 1280 978; baseline 0.004 -19"><span class='ocrx_word' id='word_1_27' title='bbox 143 895 330 961; x_wconf 79' lang='lat' dir='ltr'>{naurire</span> <span class='ocrx_word' id='word_1_28' title='bbox 354 897 451 961; x_wconf 88' lang='lat' dir='ltr'><strong>deus</strong></span> <span class='ocrx_word' id='word_1_29' title='bbox 475 897 701 962; x_wconf 88' lang='lat' dir='ltr'><strong>orationem</strong></span> <span class='ocrx_word' id='word_1_30' title='bbox 722 916 844 960; x_wconf 87' lang='lat' dir='ltr'><strong>meam</strong></span> <span class='ocrx_word' id='word_1_31' title='bbox 881 897 1280 978; x_wconf 79' lang='lat' dir='ltr'><strong>etnedespexerise</strong></span> 
     </span>
     <span class='ocr_line' id='line_1_7' title="bbox 103 999 787 1084; baseline 0 -22"><span class='ocrx_word' id='word_1_32' title='bbox 103 999 433 1080; x_wconf 80' lang='lat' dir='ltr'>deprecationem</span> <span class='ocrx_word' id='word_1_33' title='bbox 458 1020 583 1064; x_wconf 90' lang='lat' dir='ltr'><strong>meam</strong></span> <span class='ocrx_word' id='word_1_34' title='bbox 608 1000 787 1084; x_wconf 87' lang='lat' dir='ltr'><strong>etreliqua.</strong></span> 
     </span>
    </p>

    <p class='ocr_par' dir='ltr' id='par_1_6' title="bbox 108 1102 1292 2116">
     <span class='ocr_line' id='line_1_8' title="bbox 144 1102 1239 1185; baseline 0.002 -17"><span class='ocrx_word' id='word_1_35' title='bbox 144 1104 171 1167; x_wconf 92' lang='lat'><strong>1.</strong></span> <span class='ocrx_word' id='word_1_36' title='bbox 194 1104 419 1185; x_wconf 73' lang='lat' dir='ltr'><strong>superscriptio</strong></span> <span class='ocrx_word' id='word_1_37' title='bbox 442 1102 554 1185; x_wconf 80' lang='lat' dir='ltr'><strong>psalmi</strong></span> <span class='ocrx_word' id='word_1_38' title='bbox 578 1104 645 1169; x_wconf 90' lang='lat' dir='ltr'><strong>sine</strong></span> <span class='ocrx_word' id='word_1_39' title='bbox 661 1103 791 1169; x_wconf 88' lang='lat' dir='ltr'><strong>historia</strong></span> <span class='ocrx_word' id='word_1_40' title='bbox 807 1118 870 1182; x_wconf 86' lang='lat' dir='ltr'><strong>est;</strong></span> <span class='ocrx_word' id='word_1_41' title='bbox 894 1110 1027 1170; x_wconf 88' lang='lat' dir='ltr'><strong>tantum:</strong></span> <span class='ocrx_word' id='word_1_42' title='bbox 1051 1105 1089 1168; x_wconf 93' lang='lat' dir='ltr'><strong>in</strong></span> <span class='ocrx_word' id='word_1_43' title='bbox 1112 1104 1239 1170; x_wconf 86' lang='lat' dir='ltr'><strong>finem</strong></span> 
     </span>
     <span class='ocr_line' id='line_1_9' title="bbox 108 1206 1239 1293; baseline 0.004 -24"><span class='ocrx_word' id='word_1_44' title='bbox 108 1206 141 1270; x_wconf 92' lang='lat' dir='ltr'><strong>in</strong></span> <span class='ocrx_word' id='word_1_45' title='bbox 171 1207 331 1293; x_wconf 84' lang='lat' dir='ltr'><strong>hymnis</strong></span> <span class='ocrx_word' id='word_1_46' title='bbox 365 1206 610 1273; x_wconf 89' lang='lat' dir='ltr'><strong>intellectus</strong></span> <span class='ocrx_word' id='word_1_47' title='bbox 645 1214 699 1273; x_wconf 89' lang='lat' dir='ltr'><strong>est.</strong></span> <span class='ocrx_word' id='word_1_48' title='bbox 745 1207 879 1293; x_wconf 85' lang='lat' dir='ltr'><strong>hymnos</strong></span> <span class='ocrx_word' id='word_1_49' title='bbox 916 1207 1008 1292; x_wconf 81' lang='lat' dir='ltr'><strong>aliqui</strong></span> <span class='ocrx_word' id='word_1_50' title='bbox 1040 1208 1239 1275; x_wconf 77' lang='lat' dir='ltr'><strong>translatores</strong></span> 
     </span>
     <span class='ocr_line' id='line_1_10' title="bbox 111 1310 1240 1396; baseline 0.006 -24"><span class='ocrx_word' id='word_1_51' title='bbox 111 1312 192 1375; x_wconf 87' lang='lat' dir='ltr'><strong>nostri</strong></span> <span class='ocrx_word' id='word_1_52' title='bbox 215 1312 357 1378; x_wconf 88' lang='lat' dir='ltr'><strong>carmina</strong></span> <span class='ocrx_word' id='word_1_53' title='bbox 378 1319 646 1396; x_wconf 82' lang='lat' dir='ltr'><strong>nuncupauerunt3</strong></span> <span class='ocrx_word' id='word_1_54' title='bbox 669 1310 808 1394; x_wconf 81' lang='lat' dir='ltr'><strong>plerique</strong></span> <span class='ocrx_word' id='word_1_55' title='bbox 832 1320 936 1377; x_wconf 89' lang='lat' dir='ltr'><strong>autem</strong></span> <span class='ocrx_word' id='word_1_56' title='bbox 956 1311 1090 1396; x_wconf 82' lang='lat' dir='ltr'><strong>hymnos</strong></span> <span class='ocrx_word' id='word_1_57' title='bbox 1113 1333 1151 1378; x_wconf 88' lang='lat' dir='ltr'><strong>ex</strong></span> <span class='ocrx_word' id='word_1_58' title='bbox 1173 1314 1240 1394; x_wconf 87' lang='lat' dir='ltr'><strong>ipsa</strong></span> 
     </span>
     <span class='ocr_line' id='line_1_11' title="bbox 115 1415 1292 1499; baseline 0.003 -20"><span class='ocrx_word' id='word_1_59' title='bbox 115 1417 263 1496; x_wconf 77' lang='lat' dir='ltr'><strong>grauitatis</strong></span> <span class='ocrx_word' id='word_1_60' title='bbox 287 1417 484 1499; x_wconf 85' lang='lat' dir='ltr'><strong>usurpatione</strong></span> <span class='ocrx_word' id='word_1_61' title='bbox 509 1424 680 1497; x_wconf 85' lang='lat' dir='ltr'><strong>posuerunt.</strong></span> <span class='ocrx_word' id='word_1_62' title='bbox 727 1419 765 1482; x_wconf 87' lang='lat' dir='ltr'><strong>de</strong></span> <span class='ocrx_word' id='word_1_63' title='bbox 782 1417 905 1480; x_wconf 92' lang='lat' dir='ltr'><strong>nomine</strong></span> <span class='ocrx_word' id='word_1_64' title='bbox 921 1415 998 1481; x_wconf 91' lang='lat' dir='ltr'><strong>nihil</strong></span> <span class='ocrx_word' id='word_1_65' title='bbox 1014 1415 1125 1493; x_wconf 82' lang='lat' dir='ltr'><strong>differt,</strong></span> <span class='ocrx_word' id='word_1_66' title='bbox 1149 1418 1239 1482; x_wconf 89' lang='lat' dir='ltr'><strong>dum·</strong></span> <span class='ocrx_word' id='word_1_67' title='bbox 1268 1445 1292 1482; x_wconf 81' lang='grc' dir='ltr'><strong>ιο</strong></span> 
     </span>
     <span class='ocr_line' id='line_1_12' title="bbox 119 1520 1240 1605; baseline 0.003 -24"><span class='ocrx_word' id='word_1_68' title='bbox 119 1522 191 1584; x_wconf 90' lang='lat' dir='ltr'><strong>nodo</strong></span> <span class='ocrx_word' id='word_1_69' title='bbox 211 1541 261 1585; x_wconf 89' lang='lat' dir='ltr'><strong>res</strong></span> <span class='ocrx_word' id='word_1_70' title='bbox 284 1541 345 1584; x_wconf 92' lang='lat' dir='ltr'><strong>una</strong></span> <span class='ocrx_word' id='word_1_71' title='bbox 368 1541 445 1599; x_wconf 88' lang='lat' dir='ltr'><strong>esse,</strong></span> <span class='ocrx_word' id='word_1_72' title='bbox 471 1539 539 1603; x_wconf 85' lang='lat' dir='ltr'><strong>quae</strong></span> <span class='ocrx_word' id='word_1_73' title='bbox 562 1520 610 1586; x_wconf 92' lang='lat' dir='ltr'><strong>uel</strong></span> <span class='ocrx_word' id='word_1_74' title='bbox 635 1522 665 1585; x_wconf 93' lang='lat' dir='ltr'><strong>in</strong></span> <span class='ocrx_word' id='word_1_75' title='bbox 689 1520 812 1605; x_wconf 86' lang='lat' dir='ltr'><strong>hymnis</strong></span> <span class='ocrx_word' id='word_1_76' title='bbox 829 1520 876 1586; x_wconf 92' lang='lat' dir='ltr'><strong>uel</strong></span> <span class='ocrx_word' id='word_1_77' title='bbox 892 1521 924 1584; x_wconf 92' lang='lat' dir='ltr'><strong>in</strong></span> <span class='ocrx_word' id='word_1_78' title='bbox 941 1520 1127 1585; x_wconf 83' lang='lat' dir='ltr'><strong>carminibus</strong></span> <span class='ocrx_word' id='word_1_79' title='bbox 1143 1521 1240 1605; x_wconf 85' lang='lat' dir='ltr'><strong>signi·</strong></span> 
     </span>
     <span class='ocr_line' id='line_1_13' title="bbox 119 1621 1238 1708; baseline 0.005 -25"><span class='ocrx_word' id='word_1_80' title='bbox 119 1621 244 1701; x_wconf 80' lang='lat' dir='ltr'><strong>habitur,</strong></span> <span class='ocrx_word' id='word_1_81' title='bbox 269 1622 475 1707; x_wconf 83' lang='lat' dir='ltr'><strong>intellegatur.</strong></span> <span class='ocrx_word' id='word_1_82' title='bbox 521 1623 580 1689; x_wconf 93' lang='lat' dir='ltr'><strong>hoc</strong></span> <span class='ocrx_word' id='word_1_83' title='bbox 615 1644 689 1708; x_wconf 84' lang='lat' dir='ltr'><strong>ergo</strong></span> <span class='ocrx_word' id='word_1_84' title='bbox 723 1626 761 1688; x_wconf 91' lang='lat' dir='ltr'><strong>de</strong></span> <span class='ocrx_word' id='word_1_85' title='bbox 796 1624 915 1705; x_wconf 86' lang='lat' dir='ltr'><strong>psalmo</strong></span> <span class='ocrx_word' id='word_1_86' title='bbox 949 1624 1145 1689; x_wconf 88' lang='lat' dir='ltr'><strong>sentiendum</strong></span> <span class='ocrx_word' id='word_1_87' title='bbox 1183 1633 1238 1703; x_wconf 89' lang='lat' dir='ltr'><strong>est,</strong></span> 
     </span>
     <span class='ocr_line' id='line_1_14' title="bbox 120 1727 1238 1812; baseline 0.004 -24"><span class='ocrx_word' id='word_1_88' title='bbox 120 1727 182 1805; x_wconf 88' lang='lat' dir='ltr'><strong>quod</strong></span> <span class='ocrx_word' id='word_1_89' title='bbox 202 1748 270 1812; x_wconf 87' lang='lat' dir='ltr'><strong>quae</strong></span> <span class='ocrx_word' id='word_1_90' title='bbox 293 1727 410 1811; x_wconf 90' lang='lat' dir='ltr'><strong>hymno</strong></span> <span class='ocrx_word' id='word_1_91' title='bbox 434 1729 498 1793; x_wconf 89' lang='lat' dir='ltr'><strong>eius</strong></span> <span class='ocrx_word' id='word_1_92' title='bbox 521 1728 570 1793; x_wconf 88' lang='lat' dir='ltr'><strong>uel</strong></span> <span class='ocrx_word' id='word_1_93' title='bbox 593 1729 730 1792; x_wconf 91' lang='lat' dir='ltr'><strong>carmine</strong></span> <span class='ocrx_word' id='word_1_94' title='bbox 754 1729 956 1805; x_wconf 85' lang='lat' dir='ltr'><strong>continentur,</strong></span> <span class='ocrx_word' id='word_1_95' title='bbox 981 1728 1010 1791; x_wconf 93' lang='lat' dir='ltr'><strong>in</strong></span> <span class='ocrx_word' id='word_1_96' title='bbox 1035 1728 1129 1792; x_wconf 88' lang='lat' dir='ltr'><strong>finem</strong></span> <span class='ocrx_word' id='word_1_97' title='bbox 1150 1728 1238 1794; x_wconf 89' lang='lat' dir='ltr'><strong>iutel-</strong></span> 
     </span>
     <span class='ocr_line' id='line_1_15' title="bbox 122 1824 1238 1912; baseline 0.006 -22"><span class='ocrx_word' id='word_1_98' title='bbox 122 1824 229 1912; x_wconf 81' lang='lat' dir='ltr'><strong>legenda</strong></span> <span class='ocrx_word' id='word_1_99' title='bbox 267 1839 354 1896; x_wconf 89' lang='lat' dir='ltr'><strong>sunt:</strong></span> <span class='ocrx_word' id='word_1_100' title='bbox 392 1833 476 1896; x_wconf 90' lang='lat' dir='ltr'><strong>omni</strong></span> <span class='ocrx_word' id='word_1_101' title='bbox 514 1831 672 1897; x_wconf 85' lang='lat' dir='ltr'><strong>intellectu</strong></span> <span class='ocrx_word' id='word_1_102' title='bbox 710 1832 826 1898; x_wconf 90' lang='lat' dir='ltr'><strong>scilicet</strong></span> <span class='ocrx_word' id='word_1_103' title='bbox 863 1839 966 1898; x_wconf 88' lang='lat' dir='ltr'><strong>nostro</strong></span> <span class='ocrx_word' id='word_1_104' title='bbox 1001 1833 1040 1896; x_wconf 92' lang='lat' dir='ltr'><strong>ad</strong></span> <span class='ocrx_word' id='word_1_105' title='bbox 1074 1833 1238 1897; x_wconf 88' lang='lat' dir='ltr'><strong>dominum</strong></span> 
     </span>
     <span class='ocr_line' id='line_1_16' title="bbox 123 1933 1290 2021; baseline 0.003 -23"><span class='ocrx_word' id='word_1_106' title='bbox 123 1945 232 2000; x_wconf 78' lang='lat' dir='ltr'><strong>hunum</strong></span> <span class='ocrx_word' id='word_1_107' title='bbox 258 1936 362 2000; x_wconf 87' lang='lat' dir='ltr'><strong>lesum</strong></span> <span class='ocrx_word' id='word_1_108' title='bbox 385 1933 561 2017; x_wconf 78' lang='lat' dir='ltr'><strong>Christum,</strong></span> <span class='ocrx_word' id='word_1_109' title='bbox 592 1955 682 2019; x_wconf 91' lang='lat' dir='ltr'><strong>quem</strong></span> <span class='ocrx_word' id='word_1_110' title='bbox 707 1935 863 2021; x_wconf 88' lang='lat' dir='ltr'><strong>apostolus</strong></span> <span class='ocrx_word' id='word_1_111' title='bbox 894 1937 988 2002; x_wconf 87' lang='lat' dir='ltr'><strong>finem</strong></span> <span class='ocrx_word' id='word_1_112' title='bbox 1022 1936 1101 2020; x_wconf 82' lang='lat' dir='ltr'><strong>legis</strong></span> <span class='ocrx_word' id='word_1_113' title='bbox 1132 1937 1236 2002; x_wconf 89' lang='lat' dir='ltr'><strong>docuit</strong></span> <span class='ocrx_word' id='word_1_114' title='bbox 1266 1962 1290 2002; x_wconf 79' lang='lat' dir='ltr'><strong>ra</strong></span> 
     </span>
     <span class='ocr_line' id='line_1_17' title="bbox 124 2040 369 2116; baseline 0.004 -14"><span class='ocrx_word' id='word_1_115' title='bbox 124 2052 178 2116; x_wconf 79' lang='lat' dir='ltr'><strong>use,</strong></span> <span class='ocrx_word' id='word_1_116' title='bbox 196 2040 369 2107; x_wconf 86' lang='lat' dir='ltr'><strong>referendo.</strong></span> 
     </span>
    </p>

    <p class='ocr_par' dir='ltr' id='par_1_7' title="bbox 125 2139 1306 3062">
     <span class='ocr_line' id='line_1_18' title="bbox 153 2139 1236 2230; baseline 0.007 -27"><span class='ocrx_word' id='word_1_117' title='bbox 153 2139 175 2204; x_wconf 82' lang='lat'><strong>2.</strong></span> <span class='ocrx_word' id='word_1_118' title='bbox 194 2143 387 2228; x_wconf 79' lang='lat' dir='ltr'><strong>Frequenter</strong></span> <span class='ocrx_word' id='word_1_119' title='bbox 409 2151 511 2209; x_wconf 88' lang='lat' dir='ltr'><strong>autem</strong></span> <span class='ocrx_word' id='word_1_120' title='bbox 534 2145 755 2222; x_wconf 71' lang='lat' dir='ltr'><strong>admonuimus</strong></span> <span class='ocrx_word' id='word_1_121' title='bbox 788 2166 855 2210; x_wconf 88' lang='lat' dir='ltr'><strong>eam</strong></span> <span class='ocrx_word' id='word_1_122' title='bbox 885 2146 916 2209; x_wconf 92' lang='lat' dir='ltr'><strong>in</strong></span> <span class='ocrx_word' id='word_1_123' title='bbox 948 2145 1134 2227; x_wconf 88' lang='lat' dir='ltr'><strong>psalmorum</strong></span> <span class='ocrx_word' id='word_1_124' title='bbox 1165 2165 1236 2230; x_wconf 82' lang='lat' dir='ltr'><strong>cog·</strong></span> 
     </span>
     <span class='ocr_line' id='line_1_19' title="bbox 125 2241 1236 2330; baseline 0.006 -23"><span class='ocrx_word' id='word_1_125' title='bbox 125 2241 210 2313; x_wconf 79' lang='lat' dir='ltr'><strong>nilons</strong></span> <span class='ocrx_word' id='word_1_126' title='bbox 232 2268 342 2314; x_wconf 87' lang='lat' dir='ltr'><strong>sensus</strong></span> <span class='ocrx_word' id='word_1_127' title='bbox 365 2249 462 2313; x_wconf 90' lang='lat' dir='ltr'><strong>nostri</strong></span> <span class='ocrx_word' id='word_1_128' title='bbox 485 2250 721 2330; x_wconf 86' lang='lat' dir='ltr'><strong>temperandam</strong></span> <span class='ocrx_word' id='word_1_129' title='bbox 744 2269 812 2314; x_wconf 89' lang='lat' dir='ltr'><strong>esse</strong></span> <span class='ocrx_word' id='word_1_130' title='bbox 836 2250 993 2328; x_wconf 85' lang='lat' dir='ltr'><strong>rationem,</strong></span> <span class='ocrx_word' id='word_1_131' title='bbox 1026 2256 1057 2314; x_wconf 93' lang='lat' dir='ltr'><strong>ut</strong></span> <span class='ocrx_word' id='word_1_132' title='bbox 1088 2270 1167 2328; x_wconf 89' lang='lat' dir='ltr'><strong>eum,</strong></span> <span class='ocrx_word' id='word_1_133' title='bbox 1196 2250 1236 2315; x_wconf 82' lang='lat' dir='ltr'><strong>de</strong></span> 
     </span>
     <span class='ocr_line' id='line_1_20' title="bbox 125 2352 1236 2438; baseline 0.005 -28"><span class='ocrx_word' id='word_1_134' title='bbox 125 2361 210 2424; x_wconf 82' lang='lat' dir='ltr'><strong>quaet</strong></span> <span class='ocrx_word' id='word_1_135' title='bbox 231 2373 286 2434; x_wconf 88' lang='lat' dir='ltr'><strong>per</strong></span> <span class='ocrx_word' id='word_1_136' title='bbox 318 2373 410 2438; x_wconf 91' lang='lat' dir='ltr'><strong>quern</strong></span> <span class='ocrx_word' id='word_1_137' title='bbox 442 2354 542 2417; x_wconf 85' lang='lat' dir='ltr'><strong>omnis</strong></span> <span class='ocrx_word' id='word_1_138' title='bbox 573 2352 734 2433; x_wconf 85' lang='lat' dir='ltr'><strong>prophetia</strong></span> <span class='ocrx_word' id='word_1_139' title='bbox 767 2360 822 2431; x_wconf 87' lang='lat' dir='ltr'><strong>est,</strong></span> <span class='ocrx_word' id='word_1_140' title='bbox 857 2374 893 2418; x_wconf 85' lang='lat' dir='ltr'><strong>ex</strong></span> <span class='ocrx_word' id='word_1_141' title='bbox 927 2354 976 2419; x_wconf 89' lang='lat' dir='ltr'><strong>dei</strong></span> <span class='ocrx_word' id='word_1_142' title='bbox 1008 2353 1070 2417; x_wconf 88' lang='lat' dir='ltr'><strong>lilio</strong></span> <span class='ocrx_word' id='word_1_143' title='bbox 1101 2353 1236 2417; x_wconf 90' lang='lat' dir='ltr'><strong>hominis</strong></span> 
     </span>
     <span class='ocr_line' id='line_1_21' title="bbox 126 2446 1291 2534; baseline 0.009 -27"><span class='ocrx_word' id='word_1_144' title='bbox 126 2446 194 2519; x_wconf 87' lang='lat' dir='ltr'><strong>ilium</strong></span> <span class='ocrx_word' id='word_1_145' title='bbox 216 2468 320 2522; x_wconf 87' lang='lat' dir='ltr'><strong>natum</strong></span> <span class='ocrx_word' id='word_1_146' title='bbox 346 2457 584 2534; x_wconf 86' lang='lat' dir='ltr'><strong>meminerimus,</strong></span> <span class='ocrx_word' id='word_1_147' title='bbox 621 2457 671 2521; x_wconf 89' lang='lat' dir='ltr'><strong>‹lei</strong></span> <span class='ocrx_word' id='word_1_148' title='bbox 695 2462 834 2522; x_wconf 88' lang='lat' dir='ltr'><strong>naturam</strong></span> <span class='ocrx_word' id='word_1_149' title='bbox 858 2458 1000 2522; x_wconf 91' lang='lat' dir='ltr'><strong>omnihus</strong></span> <span class='ocrx_word' id='word_1_150' title='bbox 1024 2464 1094 2522; x_wconf 89' lang='lat' dir='ltr'><strong>ante</strong></span> <span class='ocrx_word' id='word_1_151' title='bbox 1117 2458 1236 2523; x_wconf 85' lang='lat' dir='ltr'><strong>saeculis</strong></span> <span class='ocrx_word' id='word_1_152' title='bbox 1265 2479 1291 2517; x_wconf 82' lang='lat' dir='ltr'><strong>so</strong></span> 
     </span>
     <span class='ocr_line' id='line_1_22' title="bbox 128 2560 1237 2646; baseline 0.003 -25"><span class='ocrx_word' id='word_1_153' title='bbox 128 2567 275 2625; x_wconf 84' lang='lat' dir='ltr'><strong>umentem</strong></span> <span class='ocrx_word' id='word_1_154' title='bbox 300 2562 331 2624; x_wconf 93' lang='lat' dir='ltr'><strong>in</strong></span> <span class='ocrx_word' id='word_1_155' title='bbox 356 2569 496 2625; x_wconf 87' lang='lat' dir='ltr'><strong>naturam</strong></span> <span class='ocrx_word' id='word_1_156' title='bbox 520 2560 656 2625; x_wconf 92' lang='lat' dir='ltr'><strong>hominis</strong></span> <span class='ocrx_word' id='word_1_157' title='bbox 679 2581 748 2626; x_wconf 89' lang='lat' dir='ltr'><strong>csse</strong></span> <span class='ocrx_word' id='word_1_158' title='bbox 772 2582 808 2627; x_wconf 85' lang='lat' dir='ltr'><strong>ex</strong></span> <span class='ocrx_word' id='word_1_159' title='bbox 824 2569 911 2643; x_wconf 88' lang='lat' dir='ltr'><strong>partu</strong></span> <span class='ocrx_word' id='word_1_160' title='bbox 935 2562 1065 2646; x_wconf 86' lang='lat' dir='ltr'><strong>uirginis</strong></span> <span class='ocrx_word' id='word_1_161' title='bbox 1088 2562 1237 2645; x_wconf 87' lang='lat' dir='ltr'><strong>genitam,</strong></span> 
     </span>
     <span class='ocr_line' id='line_1_23' title="bbox 126 2651 1237 2748; baseline 0.005 -23"><span class='ocrx_word' id='word_1_162' title='bbox 126 2651 155 2718; x_wconf 73' lang='lat' dir='ltr'><strong>lh</strong></span> <span class='ocrx_word' id='word_1_163' title='bbox 172 2670 196 2727; x_wconf 88' lang='lat' dir='ltr'><strong>ul</strong></span> <span class='ocrx_word' id='word_1_164' title='bbox 216 2678 333 2730; x_wconf 80' lang='lat' dir='ltr'><strong>naturae</strong></span> <span class='ocrx_word' id='word_1_165' title='bbox 356 2665 534 2748; x_wconf 86' lang='lat' dir='ltr'><strong>posterioris</strong></span> <span class='ocrx_word' id='word_1_166' title='bbox 568 2665 699 2730; x_wconf 90' lang='lat' dir='ltr'><strong>adiectio</strong></span> <span class='ocrx_word' id='word_1_167' title='bbox 734 2665 851 2731; x_wconf 90' lang='lat' dir='ltr'><strong>nullam</strong></span> <span class='ocrx_word' id='word_1_168' title='bbox 886 2666 1088 2733; x_wconf 86' lang='lat' dir='ltr'><strong>delectionem</strong></span> <span class='ocrx_word' id='word_1_169' title='bbox 1119 2672 1237 2731; x_wconf 77' lang='lat' dir='ltr'><strong>naturae</strong></span> 
     </span>
     <span class='ocr_line' id='line_1_24' title="bbox 127 2768 1306 2852; baseline 0.008 -28"><span class='ocrx_word' id='word_1_170' title='bbox 127 2768 255 2834; x_wconf 71' lang='lat' dir='ltr'><strong>interioris</strong></span> <span class='ocrx_word' id='word_1_171' title='bbox 290 2768 434 2847; x_wconf 78' lang='lat' dir='ltr'><strong>adferret,</strong></span> <span class='ocrx_word' id='word_1_172' title='bbox 471 2788 573 2852; x_wconf 90' lang='lat' dir='ltr'><strong>neque</strong></span> <span class='ocrx_word' id='word_1_173' title='bbox 610 2770 661 2852; x_wconf 93' lang='lat' dir='ltr'><strong>qui</strong></span> <span class='ocrx_word' id='word_1_174' title='bbox 696 2770 789 2834; x_wconf 89' lang='lat' dir='ltr'><strong>etiam</strong></span> <span class='ocrx_word' id='word_1_175' title='bbox 824 2770 917 2834; x_wconf 91' lang='lat' dir='ltr'><strong>homo</strong></span> <span class='ocrx_word' id='word_1_176' title='bbox 941 2790 1009 2836; x_wconf 90' lang='lat' dir='ltr'><strong>esse</strong></span> <span class='ocrx_word' id='word_1_177' title='bbox 1032 2775 1173 2852; x_wconf 71' lang='lat' dir='ltr'><strong>coeperat,</strong></span> <span class='ocrx_word' id='word_1_178' title='bbox 1197 2770 1238 2845; x_wconf 85' lang='lat' dir='ltr'><strong>id,</strong></span> <span class='ocrx_word' id='word_1_179' title='bbox 1302 2808 1306 2816; x_wconf 94' lang='lat'>-</span> 
     </span>
     <span class='ocr_line' id='line_1_25' title="bbox 128 2869 1236 2951; baseline -0.003 -9"><span class='ocrx_word' id='word_1_180' title='bbox 128 2869 185 2942; x_wconf 72' lang='lat' dir='ltr'><strong>llud</strong></span> <span class='ocrx_word' id='word_1_181' title='bbox 203 2880 270 2938; x_wconf 88' lang='lat' dir='ltr'><strong>ante</strong></span> <span class='ocrx_word' id='word_1_182' title='bbox 293 2872 450 2938; x_wconf 87' lang='lat' dir='ltr'><strong>hominem</strong></span> <span class='ocrx_word' id='word_1_183' title='bbox 476 2872 628 2949; x_wconf 85' lang='lat' dir='ltr'><strong>manebat,</strong></span> <span class='ocrx_word' id='word_1_184' title='bbox 652 2873 727 2938; x_wconf 82' lang='lat' dir='ltr'><strong>deus</strong></span> <span class='ocrx_word' id='word_1_185' title='bbox 751 2874 873 2951; x_wconf 88' lang='lat' dir='ltr'><strong>scilicet,</strong></span> <span class='ocrx_word' id='word_1_186' title='bbox 897 2894 967 2940; x_wconf 88' lang='lat' dir='ltr'><strong>esse</strong></span> <span class='ocrx_word' id='word_1_187' title='bbox 982 2875 1146 2940; x_wconf 84' lang='lat' dir='ltr'><strong>desineret.</strong></span> <span class='ocrx_word' id='word_1_188' title='bbox 1186 2872 1236 2939; x_wconf 83' lang='lat' dir='ltr'><strong>hic</strong></span> 
     </span>
     <span class='ocr_line' id='line_1_26' title="bbox 127 2976 1289 3062; baseline 0.001 -20"><span class='ocrx_word' id='word_1_189' title='bbox 127 2982 180 3050; x_wconf 68' lang='lat'><strong>⁰18⁰</strong></span> <span class='ocrx_word' id='word_1_190' title='bbox 196 2978 361 3042; x_wconf 86' lang='lat' dir='ltr'><strong>adsumens</strong></span> <span class='ocrx_word' id='word_1_191' title='bbox 382 2977 482 3042; x_wconf 84' lang='lat' dir='ltr'><strong>carnis</strong></span> <span class='ocrx_word' id='word_1_192' title='bbox 499 2987 612 3041; x_wconf 79' lang='lat' dir='ltr'><strong>nostra</strong></span> <span class='ocrx_word' id='word_1_193' title='bbox 627 2976 827 3061; x_wconf 81' lang='lat' dir='ltr'><strong>fragilitatem</strong></span> <span class='ocrx_word' id='word_1_194' title='bbox 850 2984 882 3043; x_wconf 89' lang='lat' dir='ltr'><strong>et</strong></span> <span class='ocrx_word' id='word_1_195' title='bbox 908 2999 1036 3043; x_wconf 90' lang='lat' dir='ltr'><strong>manens</strong></span> <span class='ocrx_word' id='word_1_196' title='bbox 1052 2997 1126 3043; x_wconf 90' lang='lat' dir='ltr'><strong>suus</strong></span> <span class='ocrx_word' id='word_1_197' title='bbox 1142 2983 1234 3062; x_wconf 89' lang='lat' dir='ltr'><strong>atque</strong></span> <span class='ocrx_word' id='word_1_198' title='bbox 1264 2997 1289 3036; x_wconf 71' lang='lat'><strong>2⁵</strong></span> 
     </span>
    </p>
   </div>
   <div class='ocr_carea' id='block_1_5' title="bbox 124 3081 1241 3602">
    <p class='ocr_par' dir='ltr' id='par_1_8' title="bbox 127 3081 1236 3254">
     <span class='ocr_line' id='line_1_27' title="bbox 127 3081 1236 3166; baseline 0.012 -34"><span class='ocrx_word' id='word_1_199' title='bbox 127 3081 201 3141; x_wconf 84' lang='lat' dir='ltr'><strong>noster</strong></span> <span class='ocrx_word' id='word_1_200' title='bbox 231 3081 272 3145; x_wconf 87' lang='lat' dir='ltr'><strong>ita</strong></span> <span class='ocrx_word' id='word_1_201' title='bbox 306 3081 380 3166; x_wconf 83' lang='lat' dir='ltr'><strong>agit,</strong></span> <span class='ocrx_word' id='word_1_202' title='bbox 414 3089 490 3156; x_wconf 88' lang='lat' dir='ltr'><strong>orat,</strong></span> <span class='ocrx_word' id='word_1_203' title='bbox 530 3081 694 3162; x_wconf 79' lang='lat' dir='ltr'><strong>profitetur,</strong></span> <span class='ocrx_word' id='word_1_204' title='bbox 733 3089 888 3162; x_wconf 79' lang='lat' dir='ltr'><strong>exspectat</strong></span> <span class='ocrx_word' id='word_1_205' title='bbox 925 3083 1028 3148; x_wconf 88' lang='lat' dir='ltr'><strong>omnia</strong></span> <span class='ocrx_word' id='word_1_206' title='bbox 1066 3081 1127 3158; x_wconf 86' lang='lat' dir='ltr'><strong>illa,</strong></span> <span class='ocrx_word' id='word_1_207' title='bbox 1168 3101 1236 3165; x_wconf 85' lang='lat' dir='ltr'><strong>quae</strong></span> 
     </span>
     <span class='ocr_line' id='line_1_28' title="bbox 159 3180 365 3254; baseline 0 -14"><span class='ocrx_word' id='word_1_208' title='bbox 159 3180 182 3233; x_wconf 77' lang='grc'><strong>16</strong></span> <span class='ocrx_word' id='word_1_209' title='bbox 195 3184 268 3240; x_wconf 80' lang='lat' dir='ltr'><strong>Rom</strong></span> <span class='ocrx_word' id='word_1_210' title='bbox 288 3188 322 3254; x_wconf 82' lang='lat' dir='ltr'><strong>X,</strong></span> <span class='ocrx_word' id='word_1_211' title='bbox 340 3189 365 3240; x_wconf 77' lang='grc'><strong>4.</strong></span> 
     </span>
    </p>

    <p class='ocr_par' dir='ltr' id='par_1_9' title="bbox 124 3265 1241 3602">
     <span class='ocr_line' id='line_1_29' title="bbox 157 3265 1236 3342; baseline 0.005 -20"><span class='ocrx_word' id='word_1_212' title='bbox 157 3265 250 3327; x_wconf 70' lang='lat' dir='ltr'><strong>lamen</strong></span> <span class='ocrx_word' id='word_1_213' title='bbox 268 3292 318 3327; x_wconf 84' lang='lat' dir='ltr'><strong>om.</strong></span> <span class='ocrx_word' id='word_1_214' title='bbox 344 3274 367 3327; x_wconf 75' lang='lat' dir='ltr'><strong><em>V</em></strong></span> <span class='ocrx_word' id='word_1_215' title='bbox 388 3273 510 3341; x_wconf 82' lang='lat' dir='ltr'><strong>Explicit</strong></span> <span class='ocrx_word' id='word_1_216' title='bbox 530 3273 655 3327; x_wconf 81' lang='lat' dir='ltr'><strong>Psalmus</strong></span> <span class='ocrx_word' id='word_1_217' title='bbox 680 3273 744 3327; x_wconf 92' lang='lat' dir='ltr'><strong>Llll</strong></span> <span class='ocrx_word' id='word_1_218' title='bbox 763 3273 862 3342; x_wconf 88' lang='lat' dir='ltr'><strong>incipit</strong></span> <span class='ocrx_word' id='word_1_219' title='bbox 880 3274 1005 3328; x_wconf 86' lang='lat' dir='ltr'><strong>Psalmus</strong></span> <span class='ocrx_word' id='word_1_220' title='bbox 1024 3274 1101 3328; x_wconf 87' lang='lat' dir='ltr'>LIIII</span> <span class='ocrx_word' id='word_1_221' title='bbox 1120 3273 1236 3327; x_wconf 87' lang='lat' dir='ltr'><strong>VFinit</strong></span> 
     </span>
     <span class='ocr_line' id='line_1_30' title="bbox 126 3343 1241 3430; baseline -0.003 -15"><span class='ocrx_word' id='word_1_222' title='bbox 126 3343 222 3415; x_wconf 69' lang='lat' dir='ltr'><strong>imma</strong></span> <span class='ocrx_word' id='word_1_223' title='bbox 239 3360 303 3414; x_wconf 82' lang='lat' dir='ltr'><strong>nur</strong></span> <span class='ocrx_word' id='word_1_224' title='bbox 322 3359 421 3428; x_wconf 66' lang='lat' dir='ltr'><strong>antipa</strong></span> <span class='ocrx_word' id='word_1_225' title='bbox 440 3359 568 3428; x_wconf 66' lang='lat' dir='ltr'><strong>spamus</strong></span> <span class='ocrx_word' id='word_1_226' title='bbox 587 3360 703 3414; x_wconf 81' lang='lat' dir='ltr'><strong>unna</strong></span> <span class='ocrx_word' id='word_1_227' title='bbox 727 3360 803 3413; x_wconf 72' lang='lat' dir='ltr'><strong>sinn</strong></span> <span class='ocrx_word' id='word_1_228' title='bbox 822 3360 921 3414; x_wconf 67' lang='lat' dir='ltr'><strong>ratur</strong></span> <span class='ocrx_word' id='word_1_229' title='bbox 941 3360 1004 3415; x_wconf 81' lang='lat' dir='ltr'><strong>um</strong></span> <span class='ocrx_word' id='word_1_230' title='bbox 1022 3361 1106 3430; x_wconf 75' lang='lat' dir='ltr'><strong>incip.</strong></span> <span class='ocrx_word' id='word_1_231' title='bbox 1123 3360 1201 3414; x_wconf 82' lang='lat' dir='ltr'><strong>nnn</strong></span> <span class='ocrx_word' id='word_1_232' title='bbox 1215 3361 1241 3412; x_wconf 83' lang='lat' dir='ltr'><strong>n</strong></span> 
     </span>
     <span class='ocr_line' id='line_1_31' title="bbox 124 3434 1237 3516; baseline 0.002 -17"><span class='ocrx_word' id='word_1_233' title='bbox 124 3434 259 3500; x_wconf 72' lang='lat' dir='ltr'><strong>lisanam</strong></span> <span class='ocrx_word' id='word_1_234' title='bbox 273 3475 305 3484; x_wconf 93' lang='lat'>—</span> <span class='ocrx_word' id='word_1_235' title='bbox 319 3446 544 3516; x_wconf 83' lang='lat' dir='ltr'><strong>deprecationem</strong></span> <span class='ocrx_word' id='word_1_236' title='bbox 562 3463 652 3500; x_wconf 79' lang='lat' dir='ltr'><strong>meam</strong></span> <span class='ocrx_word' id='word_1_237' title='bbox 671 3448 759 3500; x_wconf 88' lang='lat' dir='ltr'><strong>om.V</strong></span> <span class='ocrx_word' id='word_1_238' title='bbox 810 3448 1083 3515; x_wconf 79' lang='lat' dir='ltr'><strong>&#39;isuperscribtioV</strong></span> <span class='ocrx_word' id='word_1_239' title='bbox 1134 3448 1163 3500; x_wconf 91' lang='lat' dir='ltr'><strong>in</strong></span> <span class='ocrx_word' id='word_1_240' title='bbox 1181 3445 1237 3501; x_wconf 86' lang='lat' dir='ltr'><strong>fine</strong></span> 
     </span>
     <span class='ocr_line' id='line_1_32' title="bbox 126 3519 1241 3602; baseline 0.001 -17"><span class='ocrx_word' id='word_1_241' title='bbox 126 3519 165 3572; x_wconf 65' lang='grc' dir='ltr'><strong>ΒΡ</strong></span> <span class='ocrx_word' id='word_1_242' title='bbox 204 3534 232 3588; x_wconf 89' lang='grc'><strong>10</strong></span> <span class='ocrx_word' id='word_1_243' title='bbox 248 3534 444 3602; x_wconf 83' lang='lat' dir='ltr'><strong>susurpatione</strong></span> <span class='ocrx_word' id='word_1_244' title='bbox 469 3533 493 3586; x_wconf 87' lang='lat' dir='ltr'><em>V</em></span> <span class='ocrx_word' id='word_1_245' title='bbox 545 3536 576 3589; x_wconf 80' lang='lat'><strong>18</strong></span> <span class='ocrx_word' id='word_1_246' title='bbox 595 3533 784 3602; x_wconf 75' lang='lat' dir='ltr'><strong>intellegenda</strong></span> <span class='ocrx_word' id='word_1_247' title='bbox 811 3538 875 3587; x_wconf 88' lang='lat' dir='ltr'><strong>sunt</strong></span> <span class='ocrx_word' id='word_1_248' title='bbox 893 3534 969 3587; x_wconf 90' lang='lat' dir='ltr'><strong>omni</strong></span> <span class='ocrx_word' id='word_1_249' title='bbox 987 3537 1014 3587; x_wconf 85' lang='lat' dir='ltr'><strong>in</strong></span> <span class='ocrx_word' id='word_1_250' title='bbox 1032 3552 1114 3601; x_wconf 76' lang='lat' dir='ltr'><strong>mury.</strong></span> <span class='ocrx_word' id='word_1_251' title='bbox 1135 3535 1196 3586; x_wconf 83' lang='lat' dir='ltr'><strong>add.</strong></span> <span class='ocrx_word' id='word_1_252' title='bbox 1215 3535 1241 3586; x_wconf 89' lang='lat' dir='ltr'><em>P</em></span> 
     </span>
    </p>
   </div>
   <div class='ocr_carea' id='block_1_6' title="bbox 103 3630 1241 4330">
    <p class='ocr_par' dir='ltr' id='par_1_10' title="bbox 103 3630 1241 4330">
     <span class='ocr_line' id='line_1_33' title="bbox 122 3630 1241 3725; baseline 0.001 -21"><span class='ocrx_word' id='word_1_253' title='bbox 122 3651 251 3708; x_wconf 69' lang='lat' dir='ltr'><strong>antonna</strong></span> <span class='ocrx_word' id='word_1_254' title='bbox 268 3657 460 3724; x_wconf 55' lang='lat' dir='ltr'><strong>matam.</strong></span> <span class='ocrx_word' id='word_1_255' title='bbox 478 3654 497 3707; x_wconf 82' lang='lat'><em>2</em></span> <span class='ocrx_word' id='word_1_256' title='bbox 515 3655 540 3706; x_wconf 84' lang='lat' dir='ltr'><em>V</em></span> <span class='ocrx_word' id='word_1_257' title='bbox 593 3630 672 3709; x_wconf 83' lang='lat' dir='ltr'><strong>14⁸u</strong></span> <span class='ocrx_word' id='word_1_258' title='bbox 691 3673 722 3707; x_wconf 71' lang='lat' dir='ltr'><strong>m.</strong></span> <span class='ocrx_word' id='word_1_259' title='bbox 746 3656 803 3707; x_wconf 81' lang='lat' dir='ltr'><strong>ra</strong></span> <span class='ocrx_word' id='word_1_260' title='bbox 857 3657 889 3708; x_wconf 85' lang='lat' dir='ltr'><strong>rr</strong></span> <span class='ocrx_word' id='word_1_261' title='bbox 908 3671 968 3707; x_wconf 72' lang='lat' dir='ltr'><strong>eam</strong></span> <span class='ocrx_word' id='word_1_262' title='bbox 980 3655 1241 3725; x_wconf 60' lang='lat' dir='ltr'><strong>capitulari»</strong></span> 
     </span>
     <span class='ocr_line' id='line_1_34' title="bbox 121 3732 1240 3809; baseline 0.001 -20"><span class='ocrx_word' id='word_1_263' title='bbox 121 3732 291 3794; x_wconf 70' lang='lat' dir='ltr'><strong>wudicioneli</strong></span> <span class='ocrx_word' id='word_1_264' title='bbox 346 3744 377 3797; x_wconf 82' lang='grc'><strong>18</strong></span> <span class='ocrx_word' id='word_1_265' title='bbox 395 3746 427 3796; x_wconf 86' lang='lat' dir='ltr'><strong>ut</strong></span> <span class='ocrx_word' id='word_1_266' title='bbox 445 3739 516 3796; x_wconf 83' lang='lat' dir='ltr'><strong>oiil&#39;</strong></span> <span class='ocrx_word' id='word_1_267' title='bbox 568 3745 601 3796; x_wconf 86' lang='lat' dir='ltr'><strong>le</strong></span> <span class='ocrx_word' id='word_1_268' title='bbox 619 3741 736 3809; x_wconf 86' lang='lat' dir='ltr'><strong>profetia</strong></span> <span class='ocrx_word' id='word_1_269' title='bbox 754 3742 799 3793; x_wconf 83' lang='lat' dir='ltr'><strong>VR</strong></span> <span class='ocrx_word' id='word_1_270' title='bbox 852 3743 887 3795; x_wconf 73' lang='grc'><strong>20</strong></span> <span class='ocrx_word' id='word_1_271' title='bbox 904 3740 1035 3795; x_wconf 78' lang='lat' dir='ltr'><strong>filiumex</strong></span> <span class='ocrx_word' id='word_1_272' title='bbox 1052 3739 1161 3794; x_wconf 86' lang='lat' dir='ltr'><strong>filiam.</strong></span> <span class='ocrx_word' id='word_1_273' title='bbox 1181 3739 1240 3792; x_wconf 77' lang='lat'><strong>21⁷</strong></span> 
     </span>
     <span class='ocr_line' id='line_1_35' title="bbox 118 3819 1240 3895; baseline 0.001 -18"><span class='ocrx_word' id='word_1_274' title='bbox 118 3819 370 3882; x_wconf 72' lang='lat' dir='ltr'><strong>adelmannus</strong></span> <span class='ocrx_word' id='word_1_275' title='bbox 419 3835 501 3883; x_wconf 85' lang='lat' dir='ltr'><strong>antea</strong></span> <span class='ocrx_word' id='word_1_276' title='bbox 519 3829 567 3882; x_wconf 85' lang='lat' dir='ltr'><strong>VR</strong></span> <span class='ocrx_word' id='word_1_277' title='bbox 619 3830 651 3882; x_wconf 80' lang='lat' dir='ltr'><strong>sl</strong></span> <span class='ocrx_word' id='word_1_278' title='bbox 672 3827 790 3882; x_wconf 89' lang='lat' dir='ltr'><strong>hominis</strong></span> <span class='ocrx_word' id='word_1_279' title='bbox 810 3847 839 3880; x_wconf 77' lang='lat' dir='ltr'><strong>ex</strong></span> <span class='ocrx_word' id='word_1_280' title='bbox 858 3829 910 3881; x_wconf 89' lang='lat' dir='ltr'><strong>inis</strong></span> <span class='ocrx_word' id='word_1_281' title='bbox 929 3847 961 3881; x_wconf 84' lang='lat' dir='ltr'><strong>nr.</strong></span> <span class='ocrx_word' id='word_1_282' title='bbox 981 3832 1000 3881; x_wconf 78' lang='lat'><em>2</em></span> <span class='ocrx_word' id='word_1_283' title='bbox 1024 3829 1049 3880; x_wconf 89' lang='lat' dir='ltr'><em>V</em></span> <span class='ocrx_word' id='word_1_284' title='bbox 1098 3825 1194 3895; x_wconf 75' lang='lat' dir='ltr'><strong>genitu</strong></span> <span class='ocrx_word' id='word_1_285' title='bbox 1215 3828 1240 3878; x_wconf 84' lang='lat' dir='ltr'><em>P</em></span> 
     </span>
     <span class='ocr_line' id='line_1_36' title="bbox 116 3906 1237 3986; baseline 0.002 -21"><span class='ocrx_word' id='word_1_286' title='bbox 116 3906 148 3956; x_wconf 70' lang='lat'><strong>22</strong></span> <span class='ocrx_word' id='word_1_287' title='bbox 166 3909 196 3965; x_wconf 79' lang='lat' dir='ltr'><strong>iu</strong></span> <span class='ocrx_word' id='word_1_288' title='bbox 216 3934 270 3986; x_wconf 78' lang='lat' dir='ltr'><strong>sup.</strong></span> <span class='ocrx_word' id='word_1_289' title='bbox 295 3917 341 3968; x_wconf 83' lang='lat' dir='ltr'><strong>lin.</strong></span> <span class='ocrx_word' id='word_1_290' title='bbox 359 3934 376 3968; x_wconf 88' lang='lat' dir='ltr'><strong>u</strong></span> <span class='ocrx_word' id='word_1_291' title='bbox 395 3915 468 3968; x_wconf 74' lang='lat' dir='ltr'><strong>aa?</strong></span> <span class='ocrx_word' id='word_1_292' title='bbox 493 3917 547 3969; x_wconf 87' lang='lat' dir='ltr'><strong>Va</strong></span> <span class='ocrx_word' id='word_1_293' title='bbox 566 3935 600 3968; x_wconf 89' lang='lat' dir='ltr'><strong>m.</strong></span> <span class='ocrx_word' id='word_1_294' title='bbox 622 3917 636 3967; x_wconf 90' lang='grc'><strong><em>1</em></strong></span> <span class='ocrx_word' id='word_1_295' title='bbox 656 3916 681 3967; x_wconf 87' lang='grc' dir='ltr'><em>Ρ</em></span> <span class='ocrx_word' id='word_1_296' title='bbox 731 3918 766 3969; x_wconf 74' lang='lat'><strong>23</strong></span> <span class='ocrx_word' id='word_1_297' title='bbox 793 3915 877 3969; x_wconf 85' lang='lat' dir='ltr'><strong>etiam</strong></span> <span class='ocrx_word' id='word_1_298' title='bbox 905 3915 958 3970; x_wconf 91' lang='lat' dir='ltr'><strong>iam</strong></span> <span class='ocrx_word' id='word_1_299' title='bbox 987 3917 1010 3968; x_wconf 91' lang='lat' dir='ltr'><em>V</em></span> <span class='ocrx_word' id='word_1_300' title='bbox 1059 3918 1094 3969; x_wconf 70' lang='lat'><strong>24</strong></span> <span class='ocrx_word' id='word_1_301' title='bbox 1124 3919 1188 3968; x_wconf 85' lang='lat' dir='ltr'><strong>ante</strong></span> <span class='ocrx_word' id='word_1_302' title='bbox 1208 3933 1237 3967; x_wconf 77' lang='lat' dir='ltr'><strong>ca</strong></span> 
     </span>
     <span class='ocr_line' id='line_1_37' title="bbox 112 3999 1240 4070; baseline 0 -18"><span class='ocrx_word' id='word_1_303' title='bbox 112 3999 182 4052; x_wconf 70' lang='lat' dir='ltr'><strong>mles</strong></span> <span class='ocrx_word' id='word_1_304' title='bbox 202 4001 270 4055; x_wconf 70' lang='lat' dir='ltr'><strong>aa?</strong></span> <span class='ocrx_word' id='word_1_305' title='bbox 294 4003 319 4055; x_wconf 88' lang='lat' dir='ltr'><em>V</em></span> <span class='ocrx_word' id='word_1_306' title='bbox 368 4003 489 4057; x_wconf 84' lang='lat' dir='ltr'><strong>ominem</strong></span> <span class='ocrx_word' id='word_1_307' title='bbox 508 4004 533 4056; x_wconf 84' lang='lat' dir='ltr'><em>R</em></span> <span class='ocrx_word' id='word_1_308' title='bbox 556 4003 695 4056; x_wconf 87' lang='lat' dir='ltr'><strong>hominem</strong></span> <span class='ocrx_word' id='word_1_309' title='bbox 715 4021 744 4055; x_wconf 79' lang='lat' dir='ltr'><strong>az·</strong></span> <span class='ocrx_word' id='word_1_310' title='bbox 762 4001 873 4055; x_wconf 89' lang='lat' dir='ltr'><strong>homine</strong></span> <span class='ocrx_word' id='word_1_311' title='bbox 893 4001 964 4056; x_wconf 78' lang='lat' dir='ltr'><strong>m.2</strong></span> <span class='ocrx_word' id='word_1_312' title='bbox 989 4003 1011 4056; x_wconf 82' lang='lat' dir='ltr'><em>V</em></span> <span class='ocrx_word' id='word_1_313' title='bbox 1062 4001 1104 4056; x_wconf 86' lang='lat' dir='ltr'><strong>his</strong></span> <span class='ocrx_word' id='word_1_314' title='bbox 1124 4018 1190 4070; x_wconf 81' lang='lat' dir='ltr'><strong>argo</strong></span> <span class='ocrx_word' id='word_1_315' title='bbox 1215 4001 1240 4052; x_wconf 88' lang='lat' dir='ltr'><em>V</em></span> 
     </span>
     <span class='ocr_line' id='line_1_38' title="bbox 109 4081 1236 4159; baseline -0.002 -17"><span class='ocrx_word' id='word_1_316' title='bbox 109 4081 144 4135; x_wconf 65' lang='lat'><strong>⁹⁶</strong></span> <span class='ocrx_word' id='word_1_317' title='bbox 157 4084 291 4142; x_wconf 62' lang='lat' dir='ltr'><strong>meua</strong></span> <span class='ocrx_word' id='word_1_318' title='bbox 310 4108 340 4142; x_wconf 73' lang='lat' dir='ltr'><strong>ez</strong></span> <span class='ocrx_word' id='word_1_319' title='bbox 358 4088 489 4143; x_wconf 70' lang='lat' dir='ltr'><strong>adsumen</strong></span> <span class='ocrx_word' id='word_1_320' title='bbox 508 4109 541 4143; x_wconf 84' lang='lat' dir='ltr'><strong>m.</strong></span> <span class='ocrx_word' id='word_1_321' title='bbox 560 4089 580 4142; x_wconf 85' lang='lat'><strong><em>3</em></strong></span> <span class='ocrx_word' id='word_1_322' title='bbox 598 4091 624 4143; x_wconf 86' lang='lat' dir='ltr'><em>R</em></span> <span class='ocrx_word' id='word_1_323' title='bbox 677 4088 766 4156; x_wconf 89' lang='lat' dir='ltr'><strong>adque</strong></span> <span class='ocrx_word' id='word_1_324' title='bbox 783 4089 830 4141; x_wconf 74' lang='lat' dir='ltr'><strong>ln</strong></span> <span class='ocrx_word' id='word_1_325' title='bbox 883 4090 917 4143; x_wconf 70' lang='lat'><strong>26</strong></span> <span class='ocrx_word' id='word_1_326' title='bbox 936 4089 992 4159; x_wconf 76' lang='lat' dir='ltr'><strong>agit</strong></span> <span class='ocrx_word' id='word_1_327' title='bbox 1012 4087 1064 4157; x_wconf 73' lang='lat' dir='ltr'><strong>(git</strong></span> <span class='ocrx_word' id='word_1_328' title='bbox 1073 4090 1090 4142; x_wconf 86' lang='lat' dir='ltr'><strong>i.</strong></span> <span class='ocrx_word' id='word_1_329' title='bbox 1100 4107 1153 4142; x_wconf 81' lang='lat' dir='ltr'><strong>ros.</strong></span> <span class='ocrx_word' id='word_1_330' title='bbox 1163 4085 1193 4153; x_wconf 78' lang='lat'><strong>3)</strong></span> <span class='ocrx_word' id='word_1_331' title='bbox 1212 4089 1236 4140; x_wconf 77' lang='lat' dir='ltr'><strong>le</strong></span> 
     </span>
     <span class='ocr_line' id='line_1_39' title="bbox 106 4169 1239 4246; baseline -0.001 -19"><span class='ocrx_word' id='word_1_332' title='bbox 106 4169 231 4239; x_wconf 69' lang='lat' dir='ltr'><strong>sciturP</strong></span> <span class='ocrx_word' id='word_1_333' title='bbox 280 4182 343 4229; x_wconf 80' lang='lat' dir='ltr'><strong>orat</strong></span> <span class='ocrx_word' id='word_1_334' title='bbox 361 4174 384 4242; x_wconf 79' lang='lat' dir='ltr'><strong>lt</strong></span> <span class='ocrx_word' id='word_1_335' title='bbox 401 4194 472 4246; x_wconf 78' lang='lat' dir='ltr'><strong>supr.</strong></span> <span class='ocrx_word' id='word_1_336' title='bbox 496 4176 644 4242; x_wconf 80' lang='lat' dir='ltr'><strong>scr.m.1)</strong></span> <span class='ocrx_word' id='word_1_337' title='bbox 674 4177 699 4229; x_wconf 81' lang='lat' dir='ltr'><em>R</em></span> <span class='ocrx_word' id='word_1_338' title='bbox 726 4191 774 4229; x_wconf 87' lang='lat' dir='ltr'><strong>ora</strong></span> <span class='ocrx_word' id='word_1_339' title='bbox 801 4176 823 4226; x_wconf 88' lang='lat' dir='ltr'><strong>l&#39;</strong></span> <span class='ocrx_word' id='word_1_340' title='bbox 844 4193 892 4227; x_wconf 84' lang='lat' dir='ltr'><strong>om.</strong></span> <span class='ocrx_word' id='word_1_341' title='bbox 914 4177 938 4227; x_wconf 92' lang='grc' dir='ltr'><em>Ρ</em></span> <span class='ocrx_word' id='word_1_342' title='bbox 988 4192 1020 4229; x_wconf 88' lang='lat' dir='ltr'><strong>ac</strong></span> <span class='ocrx_word' id='word_1_343' title='bbox 1048 4175 1194 4242; x_wconf 85' lang='lat' dir='ltr'><strong>profitetur</strong></span> <span class='ocrx_word' id='word_1_344' title='bbox 1214 4175 1239 4226; x_wconf 90' lang='grc' dir='ltr'><em>Ρ</em></span> 
     </span>
     <span class='ocr_line' id='line_1_40' title="bbox 103 4262 564 4330; baseline 0.004 -14"><span class='ocrx_word' id='word_1_345' title='bbox 103 4262 138 4316; x_wconf 59' lang='lat' dir='ltr'><em>w</em></span> <span class='ocrx_word' id='word_1_346' title='bbox 152 4263 300 4330; x_wconf 60' lang='lat' dir='ltr'><strong>exspumat</strong></span> <span class='ocrx_word' id='word_1_347' title='bbox 326 4262 350 4315; x_wconf 81' lang='lat' dir='ltr'><strong>l&#39;</strong></span> <span class='ocrx_word' id='word_1_348' title='bbox 400 4262 564 4318; x_wconf 77' lang='lat' dir='ltr'><strong>illuom.1³.</strong></span> 
     </span>
    </p>
   </div>
   <div class='ocr_carea' id='block_1_7' title="bbox 1030 4368 1082 4420">
    <p class='ocr_par' dir='ltr' id='par_1_11' title="bbox 1030 4368 1082 4420">
     <span class='ocr_line' id='line_1_41' title="bbox 1030 4368 1082 4420; baseline 0.038 -2"><span class='ocrx_word' id='word_1_349' title='bbox 1030 4368 1082 4420; x_wconf 69' lang='lat'><strong>10*</strong></span> 
     </span>
    </p>
   </div>
   <div class='ocr_carea' id='block_1_8' title="bbox 0 0 1426 4844">
    <p class='ocr_par' dir='ltr' id='par_1_12' title="bbox 0 0 1426 4844">
     <span class='ocr_line' id='line_1_42' title="bbox 0 0 1426 4844; baseline 0 0"><span class='ocrx_word' id='word_1_350' title='bbox 0 0 1426 4844; x_wconf 95' lang='lat' dir='ltr'><strong> </strong></span> 
     </span>
    </p>
   </div>
  </div>
 </body>
</html>
