2790 4844
148 257 211 323 710
475 243 607 310 'sancti
631 255 765 308 Hilarii
790 254 953 323 episcopi

149 455 235 530 petra
258 449 398 524 eiecerat
422 467 537 511 manna
560 465 576 510 e
599 445 673 510 oaelo
696 444 830 522 miserat
854 443 958 529 legem
988 454 1147 528 posuerat,
1175 448 1292 512 neniam

148 553 242 617 tantis
266 550 437 635 sacrilegiis
461 550 639 626 indulserat,
665 557 710 614 tot
732 548 979 633 inreligiosorum
1003 569 1106 633 regna
1134 552 1291 623 deiecerat,

148 657 316 737 propbetas
339 656 473 732 miserat,
496 655 690 737 unigenitum
713 674 805 718 suum
828 654 912 718 nasci
942 652 1105 719 hominem
1141 655 1291 732 uoluerat;

148 762 204 825 sed
228 765 272 824 tot
296 760 451 843 tantisque
476 757 634 824 beneficiis
657 757 787 839 populus
821 759 961 840 ingratus
990 764 1021 821 et
1043 757 1175 823 colonus
1200 760 1289 823 uinea

109 890 122 926 s
149 864 265 945 primns
289 862 405 927 electus
435 863 465 926 in
496 862 598 942 ipsum
629 863 787 926 dominum
818 861 918 926 uineae
948 861 1153 942 parricidales
1185 883 1288 927 manns

144 960 257 1043 intulit,
281 969 385 1046 deum,
409 972 561 1055 qnantum
584 967 615 1029 in
638 985 672 1031 se
696 971 751 1039 est,
775 965 954 1030 crucifixum
977 965 1009 1030 in
1032 965 1165 1033 homine
1189 969 1287 1033 morti·

148 1071 254 1136 ficaus.
310 1072 367 1135 sed
411 1069 501 1136 electi
546 1079 617 1135 sunt
650 1070 742 1145 serni,
780 1070 892 1153 quibus
929 1070 1020 1134 uinea
1053 1069 1192 1136 sruotnm
1229 1071 1286 1136 eius

147 1175 348 1241 reddentibus
373 1174 552 1251 traderetur,
575 1174 606 1238 in
630 1173 741 1257 quibus
765 1174 908 1239 dominus
940 1173 1071 1238 iudicato
1103 1173 1217 1255 populo
1239 1194 1285 1238 suo

148 1278 271 1360 pietatis
305 1299 368 1343 suae
402 1279 552 1343 damnum
586 1276 800 1342 consolaretur.
845 1278 948 1360 itaque
987 1276 1186 1343 consolantur
1223 1299 1284 1343 eun

97 1415 121 1449 lo
149 1387 259 1466 gentes
292 1383 323 1446 in
347 1381 534 1464 martyribus
558 1386 589 1445 et
611 1380 840 1446 consessoribus
864 1388 896 1445 et
917 1378 1059 1445 fidelibus
1087 1382 1152 1446 suis
1176 1379 1284 1446 tructus

149 1506 186 1551 ex
208 1506 242 1551 se
265 1486 440 1550 commissas
464 1484 522 1550 sibi
541 1485 649 1567 gratiae
665 1487 878 1564 rependentes
924 1503 985 1547 nou
1003 1504 1083 1548 noua
1099 1491 1213 1562 autern,
1235 1504 1283 1549 neo

148 1590 239 1656 huius
263 1595 381 1653 tantum
399 1588 562 1672 prophetae
593 1610 651 1652 nox
681 1590 739 1653 ista
763 1597 817 1654 est.
864 1589 990 1673 Moyses
1014 1589 1044 1653 in
1069 1588 1218 1670 preclaro
1241 1588 1283 1654 illo

148 1693 380 1759 Deuteronomii
410 1693 535 1770 cantico,
559 1713 629 1758 curn
661 1699 787 1773 peccata
820 1691 924 1776 populi
948 1691 1039 1757 huius
1063 1699 1094 1758 et
1116 1693 1281 1774 impietates

148 1799 335 1863 nouissimus
358 1806 389 1861 et
411 1795 507 1862 fidem
530 1797 740 1880 generationis
762 1795 1096 1887 alteriuspraedicaret
1120 1797 1179 1862 ait:
1203 1815 1280 1881 quo

97 1932 122 1967 rs
148 1903 252 1968 niam
277 1901 481 1966 iudicabit
504 1901 690 1966 dominus
713 1900 902 1982 populum
922 1900 1279 1966 suumetinseruis

148 2026 190 2071 su
200 2006 234 2070 is
257 2004 550 2070 consolabitur.
588 2010 713 2070 sanetus
726 2005 819 2071 etiarn
834 2004 969 2082 Eleazar,
985 2023 1057 2069 eum
1071 2026 1089 2068 a
1102 2003 1277 2085 principibus

148 2108 250 2191 populi
274 2110 320 2174 sui
344 2110 509 2192 degustare
533 2109 715 2174 ementitum
739 2107 942 2174 sacrificatum
965 2115 1136 2193 cogeretur,
1158 2107 1274 2192 glorian

149 2215 286 2298 martyrii
311 2214 368 2278 sub
392 2213 453 2279 hac
476 2216 583 2279 eadem
608 2234 682 2278 uoce
712 2218 914 2288 consummat,
945 2213 1047 2278 sciens
1077 2214 1228 2278 dominnm
1250 2210 1272 2271 in

150 2318 250 2384 seruis
273 2318 335 2383 suis
359 2317 544 2382 uoluntatem
569 2318 635 2381 eius
658 2318 856 2398 operantibus
890 2317 1024 2381 iudicato
1047 2316 1158 2397 populo
1181 2333 1270 2380 conse

98 2449 123 2484 20
150 2421 284 2487 laudum.

194 2543 243 2607 26.
268 2542 463 2608 conuertitur
496 2543 608 2607 deinde
637 2544 676 2608 ad
707 2541 925 2623 depellendum
958 2562 1094 2607 errorem
1127 2538 1262 2624 gentilium

150 2647 327 2729 prophetico
350 2667 503 2721 sermone,
539 2653 572 2711 ut
594 2645 703 2712 stultns
726 2653 818 2729 atque
839 2645 1033 2730 inreligiosus
1057 2643 1260 2726 superstitiones

150 2773 186 2817 er
216 2751 292 2832 ipsis
322 2751 575 2831 superstitionum
606 2752 705 2816 causis
740 2756 887 2834 coarguat
916 2750 1040 2815 disens:
1071 2747 1257 2815 simulacra

150 2857 333 2940 gentium
357 2863 570 2938 argentum
595 2860 632 2919 et
654 2874 802 2934 aurum,
821 2874 944 2935 opera
966 2873 1148 2919 manuum
1168 2843 1255 2915 homi·

98 2987 123 3023 as
150 2980 247 3025 num.
293 2980 335 3025 os
358 2958 510 3024 habent
539 2964 575 3024 et
604 2980 680 3024 non
704 2959 938 3042 loquentur;
970 2958 1109 3024 oeulos
1139 2953 1253 3021 habeut

151 3071 189 3128 et
222 3083 295 3128 non
330 3064 544 3140 uidebunt;
583 3082 702 3128 aures
741 3062 891 3128 habent
924 3069 961 3127 et
996 3083 1072 3128 non
1106 3058 1252 3127 audient:

150 3188 268 3233 nares
293 3168 443 3232 habent
465 3175 504 3231 et
527 3187 603 3231 non
626 3168 870 3245 odorabunt3
901 3186 1041 3232 manus
1072 3165 1208 3231 habent
1227 3159 1251 3216 u

149 3291 223 3336 non
248 3271 487 3353 palpabunt;
519 3270 641 3351 pedes
665 3269 818 3336 habent
840 3276 879 3337 et
909 3290 984 3335 non
1007 3262 1252 3335 ambulabunt

151 3375 539 3442 nonclamabuutin
564 3381 732 3458 gutture
755 3394 823 3440 suo
858 3395 987 3459 neque
1021 3381 1083 3441 est
1116 3368 1252 3455 spiritus

96 3505 123 3541 so
151 3481 188 3544 in
212 3501 279 3545 ore
303 3500 445 3544 eorum.
480 3478 641 3544 similes
664 3478 753 3544 illis
776 3479 890 3557 fiant,
914 3480 980 3563 qui
1003 3480 1161 3545 faciunt
1179 3491 1214 3540 es
1230 3466 1255 3528 11

195 3640 226 3690 14
245 3637 326 3690 neus.
345 3636 456 3702 xxxn,
474 3638 516 3690 ae.
555 3639 586 3689 17
605 3636 637 3689 cf.
656 3636 744 3690 naen.
763 3636 798 3703 11,
816 3640 841 3703 e,
859 3636 900 3689 ar.
939 3637 972 3689 rs
989 3637 1060 3690 ruia.
1079 3636 1114 3704 11,
1132 3639 1156 3702 7,
1172 3636 1193 3688 e.

192 3774 389 3856 3homin1ine
409 3776 433 3827 Τ
487 3777 519 3830 le
544 3775 624 3829 exodi
644 3776 751 3829 cantico
777 3776 802 3827 P
854 3779 886 3829 17
910 3774 1060 3866 degustase
1082 3776 1124 3839 (re
1141 3778 1168 3828 iu
1185 3761 1266 3837 scell
1319 3836 1322 3857 ¹

149 3879 283 3933 ementita
311 3864 662 3934 1101111011ίὶΡΓεηιᾶιίῡ1
683 3878 888 3945 sacrificatua;
915 3897 931 3934 a
958 3880 1085 3949 gentium
1105 3879 1270 3935 merificatne

149 3967 250 4018 comest.
261 3967 365 4019 Erusm.
381 3969 419 4020 ed.
429 3967 512 4020 Busil.
529 3967 612 4032 1550,
623 3967 686 4021 Pur.
702 3965 784 4033 1572,
793 3968 881 4036 sedes.
892 3969 953 4021 adn.
962 3967 1061 4021 Bened.
1117 3971 1150 4022 18
1164 3970 1276 4039 scripturo

151 4052 170 4103 l.
187 4069 259 4122 capr.
277 4070 297 4105 c.
315 4063 410 4123 septem
420 4055 526 4122 fratres
544 4056 591 4108 buo
609 4073 669 4108 uoce
688 4072 745 4106 usos
763 4073 815 4107 asse
836 4064 937 4108 namot.
991 4055 1025 4108 aa
1049 4054 1212 4124 prophetico
1233 4070 1282 4108 aer·

149 4153 231 4191 mone
242 4138 294 4190 PE
304 4139 482 4208 propheticus
496 4158 585 4194 sermo
599 4143 624 4194 Τ
674 4142 708 4195 115
727 4139 1010 4195 oeulos—uidebant
1025 4143 1113 4195 om.P
1171 4144 1205 4199 29
1222 4159 1285 4196 uoco

149 4241 205 4277 non
224 4224 382 4280 clamabunt
400 4226 428 4278 in
447 4232 560 4295 gutture
585 4217 634 4281 suo
659 4230 685 4280 in
710 4228 747 4281 Pe
771 4229 833 4297 infr.
854 4238 914 4298 post
937 4227 967 4281 in
985 4245 1033 4281 ora
1052 4245 1152 4285 eorum
1171 4233 1289 4302 leguntur.
