2790 4844
521 280 718 349 Appendix.
1131 279 1194 346 873

78 469 169 535 thoe
199 470 294 555 igitur
328 468 479 552 propheta
513 469 603 535 dixit:
639 471 793 548 exaudi,
828 471 935 547 dens,
970 471 1197 536 orationem

88 595 181 652 earn,
207 575 295 639 dum
319 575 518 655 deprecor
540 575 585 638 ad
610 579 654 640 te.
698 573 890 659 uigilandum
916 594 991 658 ergo
1007 575 1039 638 in
1059 576 1197 640 oratione

78 677 97 740 ei
130 685 185 757 est
220 684 261 757 nt,
296 698 366 744 enm
403 678 528 763 setigeri
562 678 666 743 anima
700 679 731 742 in
765 679 919 762 pressuris
953 679 1090 759 eoeperit,
1121 680 1197 745 deus

78 790 297 864 impermotus
321 782 464 847 exaudiet
487 802 605 866 nosque
627 783 665 847 ab
688 781 749 860 his,
783 802 852 866 qnae
883 783 1039 860 timemus,
1071 784 1197 865 eripiet3

78 888 224 970 sequenti
248 887 331 951 enim
353 885 475 969 psalmo
498 887 558 951 ait:
581 907 599 950 a
623 887 767 951 timore
796 886 956 952 inimici
980 887 1095 967 eripe
1118 888 1195 952 ani·
1238 914 1250 950 e

78 1004 147 1054 tom
171 1010 306 1055 meam.
352 991 429 1055 deus
453 990 537 1055 onim
561 1010 621 1055 non
646 999 718 1056 tnnc
742 997 860 1055 tantum
883 990 1017 1055 orandus
1041 996 1099 1070 est,
1127 1012 1196 1057 cum

78 1109 117 1157 nae
152 1095 300 1159 timentur
336 1095 508 1159 euenerint.
553 1114 679 1175 semper
710 1094 815 1178 itaque
852 1095 1018 1160 indefessis
1052 1095 1196 1176 precibus

78 1200 180 1263 undns
204 1203 260 1275 est,
283 1204 316 1263 nt
338 1218 394 1264 nos
416 1218 435 1262 a
459 1199 569 1263 timore
592 1219 707 1275 eorum,
731 1218 860 1282 qnorum
889 1199 1083 1264 dominatum
1108 1201 1197 1265 time

79 1320 126 1378 ns,
149 1302 269 1383 eripiat.
314 1301 465 1383 prophete
495 1322 569 1386 ergo
600 1321 659 1366 non
691 1302 829 1386 ignarus,
861 1322 930 1386 quae
953 1313 1101 1369 euentura
1124 1306 1197 1382 sint,

78 1406 269 1471 minentibns
285 1426 408 1487 semper
424 1405 670 1472 tribulationibus
686 1408 795 1471 anxins
811 1408 896 1472 etad
912 1426 1035 1472 omnem
1053 1408 1196 1473 timorem
1225 1433 1250 1469 lo

78 1506 168 1574 fmici
191 1509 338 1575 sollicitus
362 1511 455 1576 deum
479 1517 545 1574 orat
563 1511 602 1575 nb
618 1531 664 1588 eo,
689 1530 758 1594 quae
782 1511 878 1587 timet,
900 1517 942 1587 ut,
965 1531 1037 1576 cum
1053 1512 1084 1575 in
1102 1498 1211 1577 tribu-¹

79 1611 161 1678 ione
184 1614 285 1691 luerit,
308 1614 504 1693 exandiatnr3
528 1634 629 1699 neque
653 1616 737 1681 enim
761 1616 811 1680 dei
835 1615 1078 1681 misericordiam
1095 1624 1196 1681 metus

78 1724 162 1795 ster,
187 1719 243 1783 sed
266 1718 344 1782 fides
376 1726 580 1799 promeretur.
625 1725 657 1784 et
686 1719 812 1784 adiecit:
843 1720 1066 1801 protexisti
1098 1740 1197 1785 mea

95 1829 255 1887 nuentu
279 1822 925 1906 malignantium,amnltitndine
942 1825 1196 1904 operantium

84 1922 325 2008 iquitatem,
360 1928 426 2010 qui
461 1934 717 1996 exacuerunt,
746 1933 786 1991 nt
814 1928 996 2010 gladium
1031 1927 1195 2013 linguas
1223 1949 1248 1987 1⁵

95 2048 152 2107 as,
176 2031 448 2096 intenderunt
470 2051 603 2096 areum
628 2051 707 2096 rem
732 2032 1196 2116 amaramutsegittent

125 2133 297 2198 obscuro
331 2134 632 2200 inmaculatum.
678 2136 733 2200 sed
768 2154 858 2200 arens
888 2135 1052 2201 homicidae
1082 2134 1195 2220 linguae

78 2252 173 2316 nper
196 2239 331 2303 intentus
355 2246 402 2304 est
424 2251 456 2304 et
478 2259 608 2304 acumen
631 2238 729 2322 gladii
759 2237 873 2322 linguae
907 2240 972 2304 eius
995 2246 1109 2322 praesto
1132 2247 1195 2318 est;

78 2333 154 2405 lant
176 2342 259 2431 enim
282 2340 389 2407 letales
413 2343 476 2408 eius
500 2344 622 2427 sagittae
646 2349 678 2408 et
699 2363 760 2407 non
784 2342 910 2408 dubium
942 2351 996 2418 est.
1032 2343 1105 2427 quid
1129 2343 1196 2410 effi·

78 2452 146 2509 ·nt:
170 2445 228 2510 hoe
252 2446 333 2510 enirn
359 2453 509 2529 quaerunt,
532 2453 566 2511 nt
589 2447 737 2531 sagittent
759 2447 789 2510 in
814 2448 942 2512 obscuro
958 2447 1195 2527 inmaculatum
1223 2468 1248 2504 2⁰

80 2563 132 2614 no
154 2551 235 2614 enim
260 2552 371 2633 qnaerit
400 2550 556 2636 malignus
590 2548 1027 2630 interficere'inmaeulatnm
1061 2553 1109 2618 cui
1140 2573 1196 2633 per

78 2654 240 2726 prismum
263 2656 344 2719 lacta
367 2656 509 2720 remissio
526 2661 574 2721 est
589 2662 727 2720 ueterum
744 2655 916 2733 criminum,
940 2657 1076 2721 nondum
1092 2663 1195 2722 tamen
1218 2709 1219 2719 ,

78 2758 197 2822 etrinis
232 2758 421 2839 spiritalibus
460 2759 631 2835 eruditnm;
668 2761 725 2824 sed
763 2758 939 2840 simplicem
973 2768 1004 2825 et
1037 2780 1074 2825 ex
1108 2781 1196 2826 nouae

78 2859 218 2927 tinitatis
252 2863 384 2927 infantie
422 2869 560 2928 tenerum
601 2863 709 2947 qnaerit
742 2864 861 2929 intento
896 2884 968 2929 arcu
1001 2885 1057 2945 per
1090 2884 1196 2929 rernm

78 2966 444 3033 1orantiamunlnerare.
480 2969 638 3033 eitenim:
663 2968 799 3032 subito
823 2968 1087 3050 sagittabunt
1111 2989 1194 3033 eum
1223 2987 1248 3023 2⁶

108 3089 184 3134 non
209 3070 412 3136 timebunt
435 3079 576 3136 naturam
600 3071 776 3152 simplicem
800 3079 830 3136 et
853 3070 1081 3137 inmaculatam.
1115 3072 1197 3137 hanc

78 3164 133 3237 lm
156 3173 261 3239 saliere
285 3182 433 3258 querunt,
457 3175 529 3240 huie
551 3175 684 3240 occultos
708 3175 833 3258 laqueos
860 3176 1064 3256 pretendunt,
1088 3183 1122 3241 nt
1141 3197 1196 3257 per

81 3283 179 3343 entes
195 3279 324 3343 insidiae
340 3278 528 3345 interficiant
543 3279 747 3344 innocentem.
782 3281 921 3363 sequitur
937 3280 1036 3344 enim:
1061 3280 1153 3345 sirm
1164 3301 1196 3344 e·

78 3389 196 3447 erunt
219 3382 298 3447 sibi
323 3384 486 3448 uerbum
509 3383 671 3461 melum;
695 3383 1025 3464 disputauerunt
1050 3392 1090 3450 nt
1111 3385 1195 3449 abs·

78 3487 278 3551 >oderent
311 3487 495 3571 laqueos;
542 3487 750 3552 dixerunt:
786 3487 875 3570 quis
909 3488 1070 3553 uidebit
1103 3486 1195 3554 eos?
1222 3502 1248 3542 ⁸0

80 3602 173 3670 1nper
186 3591 268 3655 enim
282 3611 319 3655 ex
331 3610 364 3655 se
377 3593 525 3656 aduersus
538 3590 633 3657 fidem
646 3603 759 3672 praesto
772 3599 851 3657 sunt.
878 3600 909 3657 et
922 3593 992 3657 ideo
1004 3593 1118 3657 dictum
1132 3599 1194 3657 est:

78 3684 1197 3780 bscondernntlaqueosetdirerunt:quisuidebiteos?

95 3852 278 3920 ndepraecor
330 3856 436 3921 lqnae
463 3856 524 3907 odd.
552 3873 584 3907 m.
606 3853 626 3906 2
678 3854 837 3908 'lenenerit
891 3854 1002 3921 itaquae
1030 3872 1097 3908 corr.
1124 3853 1197 3907 m?

89 3961 245 4037 euenturum
264 3976 330 4010 corr.
351 3958 422 4010 nu?
477 3961 508 4011 ll
528 3958 648 4012 inimicis
702 3964 763 4011 orat
789 3976 860 4028 supr.
885 3975 932 4011 scr.
962 3925 1034 4011 rm?
1088 3959 1121 4012 14
1138 3976 1197 4011 ma·

78 4061 198 4127 gnatinm
218 4061 280 4127 (sic)
294 4079 310 4114 a
322 4061 502 4115 multitudine
514 4063 689 4131 operantium
699 4063 759 4114 add.
770 4081 802 4115 m.
814 4060 833 4114 2
888 4064 920 4116 17
932 4061 1111 4144 ,ὴοωίοξίᾶαε
1129 4081 1196 4115 corr.

79 4165 118 4217 ,1
172 4165 268 4234 lingua
322 4169 354 4220 18
373 4183 408 4219 ex
434 4171 531 4249 eenme
584 4169 618 4220 27
637 4170 739 4236 pruno
792 4167 961 4220 occultoscn
982 4167 1197 4221 occultatam?

78 4251 208 4305 idiotnm
226 4271 262 4306 es.
