2790 4844
148 233 212 297 414
492 233 609 288 saneti
631 232 764 286 Hilarii
789 232 951 300 episcopi

148 429 186 489 te
209 431 269 489 est
292 423 507 495 charisma,
542 443 580 487 ne
603 443 659 503 per
681 420 912 507 neglegentiam
936 441 972 487 eo
995 421 1152 487 desidiam
1178 419 1288 505 indigni

149 528 366 609 predicatione
389 526 475 592 uerbi
499 527 549 591 dei
572 527 678 591 simus,

195 648 222 714 6.
248 648 312 714 Sed
334 648 485 731 propheta
519 668 579 713 nou
602 649 697 713 audet
719 648 750 711 in
773 653 890 712 tantum
915 638 951 712 se'
971 667 989 711 a
1011 656 1141 728 peceato
1164 647 1281 712 liberum

149 752 231 818 esfioi
255 752 343 827 uelle,
368 761 484 818 utnon
509 753 686 818 meminerit
709 772 802 817 unum
826 750 926 817 solnm
950 771 1027 819 esse.
1057 752 1109 835 qui
1134 757 1278 833 peeoaturn

109 884 122 920 s
149 875 211 920 non
237 856 344 922 feeerit
374 867 403 922 et
435 855 522 921 dolus
544 857 575 920 in
599 877 652 921 ore
676 856 741 921 eius
773 877 832 920 non
863 856 1007 921 inuentus
1037 856 1087 933 sit
1119 864 1151 921 et
1179 855 1277 920 idcireo

148 960 295 1026 subieoit:
319 981 611 1044 usquequaque
636 961 767 1024 nimis.
812 979 867 1040 per
882 960 1066 1024 modestiam
1082 959 1199 1025 seilicet
1216 976 1274 1024 oon·

148 1064 290 1130 sessionis
306 1079 344 1141 et,
360 1074 394 1129 ut·
417 1086 477 1129 non
493 1064 649 1129 auferetur
671 1086 689 1128 a
712 1084 746 1129 se
770 1065 898 1130 uerbum
920 1063 1071 1141 ueritatis,
1090 1072 1168 1141 orat,
1189 1070 1218 1128 et
1230 1079 1274 1142 per

148 1167 296 1233 honorem
328 1170 402 1250 eius,
434 1170 486 1252 qui
510 1188 587 1234 unus
611 1177 729 1233 tantum
767 1170 833 1233 sine
868 1174 994 1247 peceato
1027 1181 1084 1244 est,
1118 1187 1158 1233 ue
1179 1185 1273 1249 usque

148 1291 269 1355 quaque
304 1274 397 1338 nimis
431 1294 449 1337 a
479 1292 513 1337 se
547 1273 711 1346 auferatur,
744 1271 923 1353 expostulat,
958 1272 1030 1355 quia
1064 1292 1098 1337 se
1131 1269 1272 1336 hominem

97 1400 122 1438 ro
149 1376 335 1451 meminerit,
371 1378 423 1460 qui
448 1396 502 1457 per
524 1385 640 1441 nuturae
663 1375 877 1441 infirmitatem
900 1377 967 1441 sine
990 1387 1116 1457 peceato
1139 1394 1206 1442 esse
1225 1390 1272 1437 uou

148 1480 257 1561 possit.

193 1583 221 1647 7.
247 1583 540 1650 Etoustodiam
564 1584 701 1669 legem
728 1581 1271 1664 tunn1.semperinsaeeulun

149 1694 187 1752 et
216 1687 254 1751 in
278 1687 466 1754 saeculum
499 1687 641 1754 saeculi.
688 1687 804 1753 nullum
834 1687 986 1769 propheto
1015 1688 1087 1754 uitas
1109 1707 1172 1754 sum
1192 1685 1271 1751 finem

149 1792 347 1872 pertimescit.
393 1813 452 1857 non
478 1794 561 1858 enim
585 1792 776 1858 eonoluditur
799 1794 878 1858 tides
901 1791 1108 1869 mesenatis,
1131 1791 1184 1858 sed
1205 1789 1272 1854 sein

97 1917 122 1956 m
148 1895 331 1961 intinitatem
364 1906 537 1976 tempomm
568 1897 669 1961 officio
699 1897 908 1962 custodiendas
933 1895 1010 1979 tegis
1045 1897 1187 1962 extendit
1224 1890 1271 1957 seit

149 2007 181 2065 et
198 1998 294 2065 altare
311 2021 327 2065 n
344 2001 453 2084 Moyse
469 2002 500 2065 in
517 2000 689 2081 exemplum
706 2021 776 2066 esse
791 2000 956 2081 superioris
971 1999 1076 2066 alteus
1092 2007 1269 2066 exstruetum.

148 2104 207 2169 seit
231 2112 262 2169 et
286 2106 390 2169 Aaron
420 2106 613 2171 sacerdotem
643 2106 682 2170 sd
715 2106 850 2188 speeiem
881 2124 951 2170 esse
980 2105 1095 2170 ostensi
1126 2105 1157 2169 in
1185 2112 1268 2167 monte
1302 2120 1305 2125 ·

149 2208 318 2273 sacerdotis
342 2216 492 2273 ornat-um.
539 2208 641 2292 Moysi
664 2209 746 2274 enim
771 2210 846 2274 deus
870 2208 961 2273 dixit:
992 2209 1099 2287 uude,
1134 2211 1191 2274 fac
1211 2221 1265 2268 om·
1305 2196 1307 2219 ²

148 2312 214 2376 nis
251 2314 473 2377 seeundum
512 2311 749 2393 exemplum,
788 2313 891 2396 quod
928 2313 1092 2378 ostendi
1138 2310 1207 2377 tibi
1237 2306 1263 2369 in
1305 2300 1307 2305 ’

96 2436 122 2474 ao
149 2423 293 2480 monte.
338 2415 464 2480 festinat
503 2436 577 2500 ergo
614 2417 645 2480 in
681 2415 767 2501 leges
801 2415 868 2480 ilias
891 2423 1077 2481 aeternorum
1101 2414 1261 2483 soeoulorum

148 2540 220 2583 nam
245 2539 314 2584 oum
338 2518 386 2584 lex
410 2519 501 2584 futuri
525 2521 635 2585 umbra
658 2521 706 2595 sit,
740 2540 869 2586 neo-esse
899 2528 947 2586 est
979 2541 1090 2603 eorpus
1113 2520 1184 2586 illud
1203 2532 1260 2582 uem

148 2622 227 2706 legis
251 2629 401 2688 aeternum
426 2624 473 2688 sit.
518 2624 655 2689 distinxit
679 2630 782 2689 eutem
808 2644 943 2704 praesens
973 2624 1112 2690 officium
1142 2626 1179 2690 ab
1196 2617 1259 2685 inte

149 2726 231 2792 sessa
276 2725 329 2791 ilia
362 2729 503 2808 perpetui
537 2727 629 2792 otiioii
663 2729 792 2812 iugitate
810 2729 948 2818 ‘dieensz
987 2737 1026 2794 et
1062 2726 1259 2795 custodiam

148 2829 283 2914 legem
321 2839 427 2896 tuam
465 2852 624 2913 semper
661 2832 698 2896 in
737 2832 926 2898 saeculum
961 2839 999 2899 et
1032 2834 1070 2898 in
1102 2827 1264 2899 secutum

97 2952 122 2991 ²⁶
149 2933 299 3000 saeouli.
344 2953 414 3001 eom
448 2936 507 2999 ait:
542 2956 702 3016 semper
735 2937 775 3000 in
809 2936 1006 3011 saeoulum,
1038 2929 1267 3003 nullumintttc

194 3136 227 3187 re
246 3133 332 3188 nxou.
352 3135 435 3201 mxu,
453 3139 495 3190 40.

194 3299 348 3353 lksrisma
365 3318 395 3353 es
413 3299 557 3353 karissima
575 3301 600 3353 R
618 3301 779 3355 oimrissima
786 3321 808 3372 p
860 3303 1073 3370 dquiodd.m
1092 3300 1153 3355 21⁷
1198 3285 1288 3352 5¹²oe

149 3385 228 3440 dolus
247 3385 277 3438 in
295 3402 343 3439 ore
362 3387 420 3440 eius
438 3403 493 3439 non
512 3387 641 3440 inuentus
660 3387 698 3441 sit
712 3388 737 3440 R
755 3393 783 3442 et
801 3387 881 3441 dolus
898 3389 927 3442 in
945 3405 993 3443 ore
1011 3389 1070 3444 eius
1088 3390 1210 3443 inuentus
1225 3370 1295 3435 ⁰⁰⁰

148 3472 185 3525 sit
209 3472 234 3525 V
290 3476 305 3526 7
324 3472 497 3555 auferatqtur
513 3491 579 3527 coru.
598 3492 631 3528 oi.
649 3473 670 3527 2
688 3474 712 3528 t'
762 3477 779 3530 8
797 3492 832 3528 ne
849 3476 1159 3544 usquequaque-sine
1175 3451 1298 3544 pow'w

149 3591 208 3629 esse
235 3576 262 3628 in
289 3593 372 3646 orory.
401 3575 477 3641 irrser.
505 3580 565 3631 odd.
589 3577 661 3632 aa?
684 3578 711 3632 V
761 3582 793 3633 ll
812 3581 915 3661 posseit
938 3597 1005 3634 οων.
1022 3578 1097 3634 aa?
1121 3580 1145 3633 Γ
1159 3575 1254 3649 posse‘
1287 3537 1304 3593 s

149 3682 182 3733 12
200 3696 309 3749 semper
327 3683 350 3735 h.
369 3683 386 3735 l.
405 3701 454 3736 oar.
477 3682 556 3751 VRC,
574 3685 620 3737 sed
636 3685 670 3752 cf.
691 3685 736 3737 lin.
750 3682 789 3736 24
844 3686 877 3738 14
894 3682 962 3739 fides
980 3701 1029 3738 sue
1040 3712 1076 3722 -
1088 3689 1239 3754 temporum
1277 3662 1307 3753 ’ἶ

148 3784 230 3835 rnorq.
249 3768 328 3835 inser.
347 3768 452 3821 odd?
502 3770 651 3824 esaeeulis
676 3769 710 3822 1⁷¹
767 3770 838 3824 &se
858 3771 883 3823 R
936 3772 969 3825 15
986 3769 1125 3826 infinitate
1143 3769 1201 3835 (om.
1211 3729 1299 3832 mi

147 3851 285 3908 infinitate
314 3852 373 3921 (osu.
401 3855 442 3920 in]
470 3856 521 3910 ΒΟ
570 3855 693 3910 officium
722 3857 932 3911 constituendae
957 3857 1028 3927 legis
1054 3858 1178 3913 ostendit
1203 3857 1233 3923 R,
1258 3817 1301 3918 ‘sl

148 3940 212 4007 infr.
224 3941 315 4011 copti
370 3945 402 3996 16
412 3942 603 3998 eltereeaalte
613 3943 676 3998 ro.2
691 3944 716 3996 V
766 3944 861 4013 Moyse
880 3945 938 4007 (om.
956 3944 983 4004 e)
1002 3945 1029 3998 R
1084 3949 1117 3999 17
1134 3942 1234 4000 ostensi
1254 3924 1297 4019 (ξ’

149 4027 176 4077 io
194 4044 246 4079 roe.
265 4026 339 4081 5—6'
358 4030 419 4093 litt.)
438 4029 464 4082 R
518 4032 551 4084 18
569 4031 636 4084 deus
655 4031 694 4084 ait
710 4030 803 4101 VGpE
853 4032 884 4085 sl
906 4030 969 4084 illut
995 4031 1018 4083 Γ
1067 4033 1105 4085 22
1123 4036 1235 4086 aeterni
1249 4005 1289 4077 ΙῙί

150 4111 183 4176 (d
201 4114 228 4164 in
246 4132 299 4166 ros.
318 4113 393 4167 2-3
411 4114 472 4181 liet.)
501 4117 527 4169 R
553 4123 697 4170 aeternum
722 4118 747 4169 V
796 4121 889 4171 autem
915 4116 967 4170 hoo
985 4115 1148 4191 offioinmp
1200 4119 1233 4173 ab
1247 4114 1283 4170 iss'

149 4199 255 4253 defesse
274 4200 321 4253 itte
342 4202 365 4252 1:
418 4202 453 4254 24
471 4208 497 4257 et
516 4203 545 4255 in
564 4203 704 4256 saeculum
722 4203 826 4257 saeculi
843 4221 891 4257 oea.
917 4203 990 4257 tat*
1039 4206 1076 4259 26
1087 4204 1118 4259 in
1137 4205 1243 4261 saeculo
1258 4188 1281 4252 Γ·
