2790 4844
571 235 766 303 Appendix.
1177 235 1241 300 879

95 435 239 496 cantatus
273 434 336 507 est;
371 429 426 493 sed
457 427 529 511 quia
558 425 588 489 in
612 425 672 490 alia
695 425 849 490 dominica
873 425 922 490 die
945 425 1043 491 lactus
1067 432 1114 492 est
1137 434 1242 493 sextus

95 534 235 615 psalmus
259 538 290 598 et
313 552 368 597 nos
391 551 447 616 pro
469 530 671 614 egrotatione
685 530 882 612 interpretari
898 550 959 594 non
975 532 1137 611 potuimus,
1160 551 1242 597 nunc

96 647 202 704 autem
217 637 315 702 lectus
332 643 379 701 est
402 635 553 716 septimus
569 632 708 718 psalmus
724 669 765 680 -
782 632 994 700 hebetantem
1014 634 1132 700 titulum
1154 637 1242 702 istius

97 742 198 806 modi:
233 741 413 822 psalmus
447 739 576 815 Dauid,
612 758 729 821 quem
763 740 948 803 cantauit
983 739 1143 803 domino
1173 760 1242 821 pro

98 846 237 911 uerbis
268 843 391 909 Ohusi
423 842 507 907 filii
537 840 693 906 Iemini.
738 842 844 907 uidete
874 844 1030 927 mysteria.
1076 863 1135 908 non
1167 864 1242 928 ergo
1283 869 1295 905 r

97 951 159 1015 ista
182 952 248 1015 sine
272 969 364 1014 causa
387 948 502 1027 scripta
525 952 603 1012 sunt.
649 948 680 1011 in
712 947 820 1030 quint-o
855 947 981 1011 dicitur:
1011 968 1067 1041 pro
1098 969 1142 1025 ea,
1173 968 1243 1032 quae

99 1055 303 1120 hereditatem
321 1053 531 1135 consequitur3
555 1052 585 1115 in
603 1057 689 1116 serto
706 1051 832 1115 dicitnr:
848 1071 904 1132 pm
920 1057 1043 1130 octaua;
1064 1053 1093 1115 in
1111 1053 1243 1135 septimo

96 1160 225 1223 dicitur:
250 1178 304 1238 pro
326 1157 430 1221 uerbis
455 1154 550 1221 Chusi
575 1155 629 1218 lilii
655 1154 774 1220 lamini.
819 1155 932 1220 uidetis
948 1175 1031 1239 ergo,
1052 1164 1167 1239 quanta
1182 1158 1244 1222 sint

97 1268 238 1328 contenta
273 1260 429 1345 mysteria.
482 1280 552 1340 pro
587 1279 637 1336 ea,
678 1279 760 1342 quie
794 1257 1069 1344 hereditatem
1106 1279 1242 1325 conse·

97 1369 251 1450 quitur:
277 1384 346 1449 quae
368 1366 400 1429 in
424 1365 528 1447 quinto
552 1362 673 1444 psalmo
697 1363 922 1443 disputauimus
938 1363 1188 1443 interpretantes,
1206 1385 1243 1429 ex
1272 1387 1296 1422 ιο

96 1490 231 1554 persona
265 1469 404 1535 ccclesiae
439 1467 591 1557 psalmum
627 1466 722 1532 fuisse
746 1473 911 1535 cantatum.
944 1488 1012 1551 quae
1036 1467 1243 1534 hereditatem

96 1575 214 1640 Christi
250 1579 415 1639 consecute
438 1578 494 1637 est.
541 1576 646 1636 sextus
676 1591 749 1660 uero
779 1572 902 1652 proprie
925 1573 965 1636 ad
987 1572 1242 1638 resurrectionem

96 1681 242 1761 pertinet,
277 1698 346 1761 quae
382 1677 432 1742 die
467 1680 576 1742 octaua
610 1688 664 1740 est.
710 1694 766 1739 nos
801 1676 884 1740 enim
923 1682 954 1740 et
991 1677 1074 1742 diem
1110 1679 1241 1757 primum

98 1783 254 1848 habemus
289 1787 320 1846 et
353 1782 436 1846 diem
471 1786 620 1844 octauam.
666 1788 773 1844 octaua
804 1780 870 1845 dies
902 1787 950 1845 est
978 1787 1047 1861 post
1070 1781 1243 1857 sabbatum,

96 1888 200 1970 prima
223 1886 255 1950 in
277 1886 436 1967 principio.
481 1884 609 1968 longum
633 1890 690 1957 est,
715 1885 741 1947 si
764 1903 845 1948 nunc
869 1883 1057 1949 uoluerimus
1079 1886 1181 1950 dicere
1205 1888 1244 1951 de
1271 1914 1296 1950 a

98 1990 256 2055 octonario
279 2009 416 2054 numero.
447 1990 600 2071 quomodo
625 1994 693 2053 octo
716 1988 922 2052 beatitudines
945 1988 1007 2052 sint
1030 1989 1060 2052 in
1086 1989 1244 2066 Malthace,

98 2094 255 2178 quomodo
288 2094 319 2157 in
354 2092 524 2158 centesimo
555 2101 662 2156 octauo
694 2091 815 2156 decimo
838 2090 958 2171 psalmo
982 2092 1112 2176 singulte
1135 2092 1244 2158 litteren

97 2207 227 2262 octonos
240 2216 350 2261 uersus
361 2196 506 2271 habeant,
518 2197 672 2279 quomodo
690 2195 868 2279 quindecim
883 2194 994 2276 psalmi
1007 2197 1068 2260 sint
1080 2199 1244 2280 graduum,

99 2303 255 2385 quomodo
289 2306 407 2381 septem
432 2306 464 2365 et
486 2305 552 2365 octo
576 2300 638 2364 sint
668 2307 699 2364 et
729 2302 883 2383 quomodo
908 2298 1111 2365 Ecclesiastes
1146 2301 1244 2366 dicat:

99 2407 195 2470 date
232 2411 388 2485 partem
427 2409 592 2485 septem,
632 2406 722 2468 date
759 2409 913 2484 partem
953 2409 1050 2481 octo,
1088 2406 1296 2488 quomodote

98 2509 258 2574 orientalis
292 2514 380 2590 porta
413 2508 443 2571 in
480 2506 623 2573 Ezechiel
662 2506 774 2573 habeat
811 2514 930 2588 septem
964 2510 1080 2592 gradus
1114 2515 1144 2574 et
1177 2513 1243 2573 octo

99 2614 234 2697 gradus;
264 2611 389 2696 longum
415 2619 462 2677 est
485 2613 596 2690 dicere,
627 2613 781 2695 quomodo
805 2617 836 2676 et
869 2618 994 2677 octauus
1025 2618 1072 2677 est
1104 2614 1143 2678 de
1172 2612 1244 2679 filiis

100 2717 188 2781 Iesse
213 2717 321 2795 Dauid,
344 2717 395 2800 qui
419 2717 538 2797 accepit
560 2736 701 2799 regnum.
747 2714 820 2780 hinc
843 2722 901 2796 est,
924 2717 1006 2799 quod
1030 2737 1111 2782 nune
1135 2717 1246 2783 dicitur

98 2822 140 2885 de
163 2826 286 2898 octaua3
310 2822 339 2884 in
364 2828 473 2885 octaua
496 2821 579 2885 enim
603 2840 659 2885 nos
682 2820 857 2901 accepimus
874 2840 970 2903 regua
986 2819 1138 2899 cmlomm,
1162 2823 1245 2887 unde

99 2925 190 2989 dicit:
216 2926 385 3001 domine,
415 2945 461 2989 ne
485 2925 522 2988 in
548 2924 686 2990 surore
710 2930 775 2989 tuo
799 2944 947 3008 arguas
971 2945 1028 2990 me
1052 2945 1183 3010 neque
1206 2928 1243 2992 in
1272 2952 1297 2989 a
1328 2953 1333 2966 ·

99 3031 161 3092 ira
195 3036 260 3092 tua
294 3029 498 3110 corripias
532 3048 600 3094 me.
645 3030 701 3093 sed
733 3029 880 3111 quoniam
904 3031 943 3094 de
966 3030 1085 3095 duobus
1116 3030 1245 3111 psalmis

99 3132 218 3213 pariter
240 3132 434 3213 interpretari
458 3152 519 3196 non
544 3152 715 3214 possumus,
740 3131 856 3197 sufficit
878 3133 967 3197 nobis
984 3134 1022 3198 dc
1039 3135 1117 3199 sexti
1133 3134 1245 3215 psalmi

99 3236 189 3301 titulo
212 3237 396 3317 disputasse.
441 3256 521 3301 nune
550 3237 714 3300 ueniamus
746 3239 786 3302 ad
817 3237 940 3317 septimi
964 3238 1131 3315 exordium,
1164 3240 1244 3322 quod

99 3340 144 3404 ita
167 3340 288 3420 incipit:
325 3340 504 3421 psalmus
540 3339 680 3416 Dauid,
716 3359 831 3423 qnam
867 3342 1051 3406 cantauit
1085 3343 1245 3408 domino

99 3464 171 3524 pro
209 3445 347 3509 uerbis
383 3443 508 3509 Ghnsi
543 3444 625 3509 sitii
660 3444 815 3509 lumini.
860 3445 970 3509 multos
1004 3447 1067 3512 scio
1098 3453 1130 3512 et
1159 3454 1244 3513 certe
1271 3471 1297 3509 aa

100 3548 328 3613 emditissimos
357 3549 439 3613 uiros
475 3549 556 3613 hunc
591 3548 712 3613 titulum
743 3548 786 3612 ita
808 3549 1025 3629 interpretatos
1057 3550 1169 3616 fuisse:
1201 3572 1245 3629 eo,

99 3652 253 3735 inquiunt,
271 3659 417 3732 tempore,
434 3672 494 3735 quo
509 3652 674 3718 insurrexit
690 3652 865 3718 Abessalon
882 3660 987 3718 contra
1004 3653 1107 3720 Dauid
1124 3661 1245 3735 patrem

99 3776 191 3821 suum
217 3793 257 3801 —-
282 3776 386 3839 quaeso
421 3776 484 3832 uos,
519 3766 552 3820 ut
586 3757 751 3837 patientius
786 3757 935 3822 audiatis:
970 3759 1137 3839 scripturas
1161 3759 1244 3824 enim

147 3977 263 4035 ldffica
307 3983 514 4052 ‘aegrotatione
558 3943 686 4053 onon}
733 3987 761 4037 ll
783 3986 867 4072 ecclcL
909 3989 940 4038 13
958 3986 1051 4053 primr'r
1098 3989 1130 4040 14
1148 3992 1246 4042 octaua

102 4123 137 4175 16
156 4078 238 4188 quom
293 4121 403 4175 matheo
458 4125 490 4176 19
508 4124 645 4210 {pelastes
699 4126 733 4177 28
751 4124 796 4176 hic
810 4123 844 4189 (ll
858 4131 899 4178 est
951 4127 986 4179 33
1005 4144 1097 4193 queso,
1117 4128 1143 4178 in
1162 4144 1244 4196 mnrp.

101 4227 136 4261 ra.
156 4208 173 4260 1
191 4211 267 4261 add:
286 4208 448 4262 Parentesis.
