2790 4844
157 205 218 272 132
502 205 618 258 saneti
638 204 774 258 Hilarii
792 203 955 272 episcopi

157 403 259 462 sutem
283 416 319 460 er
343 395 416 460 Sion
440 414 500 458 non
524 393 583 458 suit
605 392 757 468 salutaris,
780 413 872 473 opere
895 392 1021 475 quidem
1048 390 1220 468 uiuifiosns
1243 393 1301 456 sed

156 520 217 567 non
241 498 411 565 iustifiosns
434 520 470 563 ex
493 497 564 563 fide.

203 604 251 670 19.
276 604 334 669 Hie
358 624 432 668 uero
454 608 648 683 exspectatus
671 601 814 666 solutoris
838 609 869 666 et
898 602 989 665 datus
1020 607 1068 666 est
1092 599 1220 678 Israhel,
1245 601 1301 665 sed

157 728 216 774 non
234 707 349 773 carneli
373 705 416 771 illi
432 704 563 772 lsrshsl.
607 725 683 769 non
707 705 821 782 enim,
844 705 911 788 qui
934 704 1018 770 sitii
1044 705 1193 782 curnis,
1216 704 1302 769 lilii

119 809 1301 891 sdeisunt‚sedliliipromissionisdeputunturinsemen.

157 922 286 982 testetur
308 924 339 981 et
353 914 519 993 Iohannes,
542 935 604 979 non
628 933 697 979 esse
721 915 891 979 secundum
915 933 1041 979 curnem
1058 912 1195 979 Abrabae
1211 911 1302 988 filios,

157 1040 229 1087 curu
251 1028 282 1085 ot
304 1019 359 1084 filii
382 1020 561 1104 uipersrnm
584 1027 665 1094 sunt,
695 1026 726 1083 et
748 1025 856 1099 potens
880 1025 929 1083 est
951 1019 1028 1082 dous
1053 1016 1190 1082 Abrsbae
1221 1015 1303 1081 filios

159 1125 197 1189 de
231 1123 383 1205 lapidibus
417 1125 558 1189 excitare.
604 1123 748 1188 domiuus
782 1128 886 1186 sutem
920 1122 987 1202 ipse
1021 1121 1131 1199 docuit,
1161 1142 1199 1186 er
1229 1119 1303 1185 fidoi

159 1229 302 1309 operibus
318 1228 536 1309 proprietatem
551 1226 757 1292 successionis
772 1226 912 1297 existere,
936 1244 993 1290 nec
1010 1226 1182 1290 seeundum
1197 1225 1304 1290 cornis

108 1359 133 1394 ιο
160 1333 393 1417 generationem
424 1330 557 1395 filiorum
586 1331 738 1414 originem
769 1330 918 1410 deputari,
954 1350 1023 1395 eum
1059 1329 1115 1394 ait:
1150 1329 1183 1393 si
1218 1328 1305 1393 filii

161 1435 366 1502 Abrshsm
390 1435 548 1511 essetis,
572 1456 694 1517 opere
718 1433 921 1499 Abrabam
945 1434 1155 1500 feceretis.
1185 1434 1257 1524 'sed
1274 1440 1306 1497 ot

162 1539 270 1606 Daniel
294 1540 492 1625 presbyteros
515 1541 727 1605 condemnans
750 1539 792 1604 its
814 1539 901 1604 dicit:
926 1559 1000 1602 uon
1024 1558 1156 1603 semen
1183 1538 1306 1602 Abru-

161 1643 259 1715 hsm,
284 1645 352 1708 sed
376 1663 510 1708 semen
534 1641 724 1708 Chonsun
747 1650 784 1708 et
806 1662 880 1706 non
906 1643 1013 1706 luds.
1059 1640 1203 1707 Ezechiel
1227 1661 1306 1724 qno

163 1769 223 1832 que
246 1747 402 1828 increpitis
425 1747 530 1828 populi
552 1747 767 1830 iniquitatibus
797 1747 853 1811 ait:
885 1754 1000 1826 peter
1029 1753 1119 1811 tuus
1149 1744 1304 1810 Chenn-

112 1874 136 1914 rs
162 1872 279 1929 nesus,
311 1859 440 1916 muter
470 1860 536 1916 tus
560 1849 749 1919 (lbettees.
781 1851 896 1915 radix
927 1858 993 1914 tus
1024 1856 1060 1915 et
1089 1851 1308 1933 generatio

163 1964 229 2022 tua
251 1957 296 2020 de
320 1965 428 2019 torrs
451 1954 651 2021 Obsnsuu.
696 1976 757 2019 non
781 1964 828 2020 est
850 1975 925 2038 ergo
951 1953 1071 2020 lsrslrel
1093 1955 1151 2020 iste
1174 1976 1212 2020 ex
1235 1974 1307 2020 suo-

164 2059 303 2126 cessione
326 2078 480 2139 corpores,
503 2059 552 2124 cui
569 2060 607 2123 ob
623 2058 835 2124 infidelitatem
851 2060 937 2142 origo
953 2058 1163 2139 profanissimi
1178 2060 1309 2142 generis

164 2165 336 2245 deputetur.
382 2183 484 2246 neque
506 2162 576 2228 buic
592 2166 665 2228 dats
680 2163 764 2228 salus
781 2170 836 2240 est,
859 2163 990 2246 quinon
1007 2163 1142 2243 suscepit
1163 2160 1310 2240 oblatam,

165 2270 219 2333 sed
243 2268 280 2344 ei,
308 2267 360 2350 qui
384 2287 495 2333 suerso
518 2267 694 2347 captiuitste
717 2267 848 2348 populus
871 2268 921 2332 dei
945 2268 1045 2332 ssotus
1068 2275 1123 2331 est.

113 2391 138 2430 so
208 2372 259 2436 20.
283 2369 397 2452 captes
420 2379 521 2436 sutem
544 2371 744 2452 inperitsrum
768 2372 908 2454 gentium
932 2378 1052 2437 mentes
1068 2378 1099 2436 et
1113 2370 1312 2450 impiissimis

164 2476 246 2541 uitiis
275 2496 311 2541 so
342 2474 541 2559 religionibus
578 2476 717 2540 subditas
748 2476 778 2539 in
817 2475 986 2541 libertatem
1029 2476 1100 2539 fidei
1132 2483 1162 2540 et
1192 2495 1312 2541 nomen

164 2579 289 2644 familis
313 2578 442 2644 eelestis
466 2578 606 2644 absoluit
651 2580 703 2663 qui
732 2579 814 2645 enim
845 2588 933 2645 erant
956 2581 1132 2644 demonum
1162 2579 1312 2657 seruitus,

165 2683 237 2750 faeti
262 2694 333 2749 sunt
356 2684 405 2749 dei
428 2683 569 2765 populus.
614 2684 737 2767 etquis
763 2683 811 2749 bio
842 2684 882 2748 sit
912 2684 1122 2767 captiuitatem
1153 2690 1304 2748 auertens

165 2789 204 2854 de
228 2808 261 2854 se
283 2788 349 2868 ipse
372 2794 501 2853 testatus
523 2794 580 2852 est.
627 2786 709 2852 hsno
739 2789 821 2853 enim
853 2809 914 2852 non
944 2786 1001 2863 lox,
1032 2808 1093 2851 non
1120 2787 1313 2867 patriarche„

114 2907 140 2947 ²⁵
167 2912 227 2956 non
261 2890 426 2972 prophete,
460 2911 520 2956 non
554 2891 701 2973 angelus,
735 2913 795 2958 oon
828 2890 932 2976 sliqus
965 2891 1024 2956 slis
1054 2890 1220 2956 scelestium
1260 2893 1311 2957 uel

209 3065 321 3120 suom.
334 3068 381 3134 rx,
394 3070 418 3120 e.
456 3069 488 3120 ro
505 3066 562 3120 Ioh.
573 3066 646 3135 vm,
658 3070 699 3122 se.
739 3070 771 3121 rs
790 3067 858 3121 nan.
869 3068 942 3134 xm,
955 3068 997 3120 se.
1035 3069 1069 3120 14
1087 3065 1314 3134 messurus.

212 3224 292 3278 lserl
311 3241 365 3276 non
384 3221 534 3276 iustifioens
553 3241 600 3276 om.
625 3223 650 3275 V
699 3225 802 3277 buono
819 3241 867 3275 om.
894 3223 917 3275 V
967 3229 1144 3291 exspectatus
1168 3227 1211 3276 est
1238 3222 1315 3276 sulu-

167 3311 235 3364 turis
255 3311 333 3362 ΙΤΕ
381 3309 458 3362 4illi
476 3328 525 3361 om.
545 3310 595 3361 ΡΤ
645 3310 727 3364 5sed
747 3308 835 3362 liliV
885 3310 1054 3377 deputentur
1077 3327 1108 3362 ex
1130 3309 1314 3363 demutentur

169 3398 270 3451 ru‘ll'
310 3396 441 3451 6iohr'rnis
458 3396 480 3448 V
522 3396 658 3450 'lestdns
676 3397 698 3449 V
740 3395 864 3450 Sexfide
879 3397 903 3449 V
947 3400 979 3450 10
997 3395 1077 3449 filiV
1128 3396 1275 3449 llsbrsbi
1292 3397 1318 3449 V

168 3484 280 3538 ebream
301 3485 325 3535 Τ
341 3484 376 3551 cf.
401 3485 520 3536 Sobatr'er
538 3483 591 3549 III,
611 3482 668 3536 tro
692 3485 751 3536 oder.
776 3483 894 3537 abrabae
914 3484 968 3536 RE
1019 3484 1131 3537 ebream
1151 3484 1175 3534 Τ
1193 3482 1314 3538 habram

175 3571 199 3623 V
214 3570 333 3625 sbrshse
360 3570 415 3622 RE
466 3572 498 3623 12
521 3568 633 3624 danihel
661 3570 738 3623 RPT
789 3571 982 3638 praesbyteros
1010 3571 1035 3623 R
1061 3569 1230 3639 presbiteros
1265 3572 1315 3623 Vr

170 3657 241 3710 dixit
254 3657 304 3709 ΡΤ
356 3659 388 3711 13
407 3658 562 3739 osnnsmV
613 3656 752 3710 ezechihel
768 3656 991 3711 Rhieozeohihcl
1005 3659 1030 3709 Τ
1082 3660 1115 3711 14
1133 3657 1314 3725 iniquitatem

176 3759 209 3816 V¹
265 3763 296 3814 14
321 3760 475 3815 chananeus
501 3762 577 3814 RI'F
600 3760 772 3844 cbensaneus
797 3761 821 3814 V
873 3763 905 3815 15
923 3761 1033 3815 ohettea
1049 3760 1315 3817 Vehetthesl'oet·

170 3865 426 3919 thsesltoethesT
443 3863 566 3931 (χετταία
579 3866 652 3919 LXX
668 3863 812 3929 Tisclesd.)
865 3865 1072 3934 generationem
1088 3863 1121 3917 V¹
1175 3867 1208 3919 16
1227 3865 1315 3919 chen·

170 3968 241 4005 nean
274 3952 311 4035 Τ.
349 3955 382 4007 18
409 3953 525 4022 suscipit
551 3953 644 4006 oblata
677 3953 701 4004 V
752 3953 785 4005 19
812 3969 892 4005 nerse
926 3953 949 4005 V
998 3954 1033 4008 20
1060 3958 1155 4020 captus
1184 3952 1261 4006 enim
1294 3954 1320 4006 V

171 4092 206 4145 22
224 4039 364 4159 quimcorr.
392 4111 424 4145 nr.
444 4092 460 4145 1
479 4093 504 4145 R
556 4095 591 4146 23
609 4100 637 4145 et
661 4111 709 4145 om.
736 4093 756 4145 V
807 4093 842 4144 24
859 4090 927 4145 hseo
954 4092 1027 4146 enim
1048 4092 1073 4143 P
1122 4093 1157 4145 25
1175 4108 1230 4144 non
1260 4092 1318 4146 alis

171 4178 331 4233 caelestium
356 4180 385 4232 V.
