2790 4844
442 271 620 318 tractatus
646 266 680 317 in
704 266 874 332 psalmum
897 267 917 318 1.
1204 268 1246 331 29

93 456 167 519 licet
192 456 284 540 regni
309 455 368 530 dei,
399 455 502 518 idest
533 454 564 517 in
588 455 739 534 paradiso,
771 462 801 518 et
832 456 912 519 unde
943 455 1058 520 llunreu
1088 457 1192 522 exiens
1215 458 1248 521 iu

98 568 241 643 quattuor
274 559 428 641 principia
462 559 615 623 diuiditur.
669 580 729 622 non
769 560 853 623 enim
891 560 947 623 ait:
993 567 1062 640 post
1100 562 1247 625 decursus

101 686 257 748 aquarum,
282 665 353 729 sed:
389 684 508 728 secus
543 664 738 728 decursus
773 685 974 747 aquarum,
1008 665 1090 728 unde
1113 665 1245 744 primunr

104 771 263 834 decursum
288 789 439 851 aquarum
464 767 632 832 diuisiones
656 768 832 832 sortiuntur.
879 767 941 832 illic
971 769 1052 832 eninr
1077 768 1248 849 plantatum

107 873 158 937 luc
180 873 301 955 lignnrn
327 879 384 948 est,
408 893 467 955 quo
489 872 640 936 latronem
663 871 758 946 illurn,
794 893 828 936 se
852 873 1008 936 dominnm
1041 874 1247 944 confitentem,
1288 902 1300 937 a

110 978 252 1051 deminus,
288 978 340 1060 qui
376 977 527 1057 sapientia
562 983 617 1052 est,
652 976 818 1040 introducit
852 977 974 1040 dicens:
1014 996 1126 1040 arnan
1158 978 1248 1041 dico

113 1081 186 1152 tibi.
210 1081 332 1146 hodie
364 1101 510 1145 rneourn
542 1080 626 1144 eris
650 1074 694 1143 in'
719 1081 921 1160 paradiso.
968 1085 998 1144 et
1033 1081 1104 1162 quia
1127 1081 1248 1160 sapien-

116 1184 187 1263 tiam,
210 1206 276 1269 quae
295 1184 437 1250 Christus
454 1193 509 1262 est,
533 1184 652 1267 lignum
670 1185 740 1247 niteo
764 1184 974 1268 cognominari
1000 1184 1038 1247 de
1055 1193 1248 1249 sacramento

120 1288 211 1352 tut-ura
233 1291 455 1370 corporationis
487 1296 517 1353 et
540 1289 693 1368 passionis
727 1287 908 1369 prophetica
942 1289 1121 1352 anctoritate
1145 1290 1247 1353 drrcui·

123 1411 182 1457 mus.
215 1396 307 1458 etiam
338 1414 376 1458 ex
407 1392 576 1476 euangeliis
610 1392 830 1476 intellegentia.
866 1391 956 1456 huius
991 1401 1039 1456 est
1076 1394 1246 1472 proprietas
1277 1421 1301 1456 ιο

127 1496 298 1561 adst-ruenda.
346 1498 488 1562 dominus
511 1517 645 1580 namque
675 1497 741 1577 ipse
765 1517 798 1560 se
822 1497 922 1560 arbori
961 1497 1146 1577 conparauit,
1178 1516 1247 1561 cum

129 1598 150 1659 in
173 1600 330 1666 Beelzebul
361 1602 513 1665 daemonia
543 1622 611 1666 eum
638 1600 733 1665 ludaei
764 1602 864 1666 eicere
896 1601 1061 1665 dixissent:
1097 1607 1163 1665 aut
1197 1602 1246 1664 la-

131 1704 327 1789 riteinquit,
351 1706 533 1769 arborem
558 1707 766 1796 bonamet
800 1705 957 1769 fructus
992 1707 1078 1790 eius
1112 1706 1247 1781 bonos,

133 1811 318 1875 antsacite
342 1811 524 1875 arborem
556 1809 698 1874 malam
722 1818 761 1875 et
792 1811 950 1874 fructus
985 1811 1071 1874 eius
1107 1809 1249 1886 malos;

135 1914 306 1979 exr'rnctn
330 1915 433 1979 enim
464 1915 584 1979 arbor
614 1915 887 1998 cognoscitur.
934 1915 1005 1997 quia
1036 1934 1108 1978 cum
1132 1914 1249 1977 fructus
1277 1940 1301 1974 a

136 2023 195 2079 esset
213 2020 343 2099 optimus
366 2020 517 2082 daemonia
549 2018 659 2093 eicere,
704 2018 865 2083 Beelzebul
901 2038 979 2093 eum,
1015 2018 1101 2082 cuius
1132 2021 1249 2082 l'ructus

137 2122 232 2192 pessimi
264 2131 344 2199 sunt
379 2143 448 2187 esse
482 2123 636 2187 dicebant.
684 2122 774 2187 huius
820 2142 941 2206 quoque
978 2122 1058 2186 beati
1090 2121 1165 2206 ligni
1190 2142 1251 2185 non

138 2217 288 2306 dedignatus
313 2238 361 2292 est
384 2229 415 2291 in
439 2248 473 2291 se
496 2230 606 2292 docere
628 2228 783 2303 uirtutem,
817 2247 887 2291 cum
912 2246 1048 2310 pergens
1071 2228 1110 2291 ad
1126 2246 1250 2290 crucem

138 2322 178 2387 air:
202 2333 285 2412 quia
308 2333 340 2396 si
366 2332 403 2395 in
428 2331 590 2395 humido
613 2331 726 2415 ligno
760 2331 843 2394 hauc
874 2330 1042 2403 faciunt,
1073 2330 1110 2393 in
1135 2331 1250 2394 arido

140 2431 208 2507 quid
229 2433 324 2500 t'iet‘?
359 2456 415 2516 per
439 2436 554 2499 humidi
579 2435 656 2519 ligni
681 2435 855 2516 exemplum
887 2434 964 2498 nihil
994 2435 1025 2498 iu
1057 2455 1090 2498 se
1114 2434 1250 2498 ariditati
1278 2457 1304 2494 20

139 2537 217 2599 tatutis
237 2539 399 2602 ‹ibnrixium
423 2560 492 2603 osse
516 2539 706 2623 significans,

172 2636 207 2703 15.
228 2642 302 2707 Huic
326 2645 431 2726 itaque
454 2642 538 2726 ligno
563 2643 670 2707 beatus
694 2642 745 2707 ille
768 2643 816 2706 uir
840 2643 950 2706 similis
966 2642 1027 2719 fiet,
1051 2662 1130 2719 curn,
1154 2650 1252 2705 traus-

139 2734 176 2802 lati
195 2741 306 2812 latronis
329 2748 361 2812 in
385 2748 562 2827 paradisum
588 2748 688 2835 modo,
719 2747 889 2812 secundum
924 2749 1072 2812 decursus
1103 2766 1250 2829 aquarum

139 2850 160 2902 et
178 2844 229 2925 ipse
250 2851 417 2931 plantetur:
451 2859 482 2916 et
504 2850 559 2916 fiet
582 2851 673 2915 beata
695 2850 747 2915 illa
770 2859 801 2915 et
824 2872 884 2914 non
916 2851 1102 2915 eradicanda
1134 2849 1252 2914 nouella

138 2943 259 3031 plantatio,
284 2976 377 3039 quarn
401 2955 432 3018 in
456 2955 626 3039 euangeliis
646 2957 787 3019 dominus
811 2955 975 3039 significat,
999 2976 1070 3018 cum
1094 2955 1134 3018 de
1152 2953 1251 3017 aliena
1280 2979 1305 3016 a

139 3047 292 3126 plantatione
326 3060 533 3143 conqueritur,
557 3060 679 3124 dicens:
725 3061 852 3123 omnis
887 3059 1101 3140 plantatio,
1137 3079 1249 3142 quarn

139 3169 195 3220 ¹¹0¹]
225 3164 425 3244 plantauit
456 3172 571 3244 pater
602 3183 719 3241 meus
751 3163 1044 3228 eradicabitur.
1090 3163 1148 3226 lroc
1178 3183 1253 3245 ergo

172 3262 267 3323 rme.
304 3269 406 3334 xxur,
442 3271 484 3322 aa.
532 3271 564 3323 12
600 3269 699 3322 metro.
736 3269 796 3336 xu,
833 3271 874 3322 aa.
921 3271 954 3322 re
990 3269 1057 3321 nee.
1093 3268 1192 3332 xxru,
1211 3270 1252 3320 ar.

209 3355 239 3407 aa
254 3356 353 3410 uerat.
374 3355 432 3423 xv,
454 3358 493 3410 ra.

173 3451 243 3511 ted
267 3488 301 3497 —
329 3476 466 3528 aquarum
491 3462 552 3511 add.
578 3479 610 3512 ru.
630 3459 650 3511 2
674 3461 699 3512 V
754 3459 832 3512 iuxta
859 3459 992 3513 decursus
1019 3478 1032 3509 a
1102 3461 1118 3512 5
1146 3458 1254 3511 latrone

140 3531 260 3613 (tiarae)
280 3549 306 3600 Ie‘
366 3547 582 3600 6introdmxite
639 3549 745 3614 Squae
772 3566 802 3599 cr
826 3547 874 3614 qui
892 3548 917 3599 It
946 3547 993 3615 qni
1019 3547 1052 3598 l'e
1079 3564 1096 3613 q
1118 3565 1137 3594 α
1190 3560 1254 3612 aog-

141 3626 246 3685 ¹¹⁰¹1¹inari
270 3653 301 3687 α
328 3633 534 3702 cognominari
562 3653 594 3686 m.
628 3634 641 3684 l
676 3634 698 3685 Γ
768 3635 800 3686 10
822 3649 857 3686 ex
881 3632 1053 3701 euuangeliis
1078 3634 1102 3685 lt
1172 3632 1254 3684 intel·

142 3704 246 3774 laenate
262 3721 344 3774 terne
363 3725 406 3773 eet
426 3721 448 3772 r
500 3723 528 3774 rr
550 3720 780 3788 conparetumV
848 3723 881 3773 ra
898 3720 1053 3774 Beelzebub
1079 3721 1106 3771 u
1163 3720 1196 3772 ra
1214 3718 1255 3770 m-

142 3794 186 3857 (1111
205 3824 230 3855 er
252 3807 351 3876 inquid
370 3808 396 3860 ll
467 3810 499 3860 16
515 3787 714 3861 lleelzebublr'
765 3806 855 3860 e.=.·r’1
870 3809 892 3859 lt
964 3809 995 3861 17
1015 3824 1070 3859 non
1089 3805 1254 3872 dedignatus

142 3890 175 3931 ‘⁸‘
183 3895 391 3960 evaporationem
409 3911 473 3947 eum
492 3911 611 3962 pergens
646 3894 681 3946 l'r
740 3897 771 3948 19
791 3895 819 3946 in
837 3894 931 3947 umido
956 3895 980 3946 l'
1030 3896 1065 3946 20
1083 3891 1207 3946 ariditati
1226 3912 1256 3944 ea·

144 3967 300 4034 tutariet?
335 3981 358 4032 V
408 3982 441 4033 21
470 3979 656 4049 significandi]
680 3982 704 4033 l'
754 3983 788 4034 22
813 3980 861 4034 fiet
885 3981 985 4034 similis
1003 3981 1024 4033 l'
1076 3981 1110 4032 23
1127 3979 1155 4032 in
1175 3997 1255 4047 para·

144 4067 216 4135 difflui
238 4087 261 4138 H
284 4087 313 4139 in
338 4085 462 4154 paradisi
492 4085 517 4136 l'
590 4088 624 4138 24
638 4050 804 4138 eradicanda
828 4087 853 4137 R
922 4087 956 4138 25
981 4086 1010 4136 in
1035 4083 1207 4152 euuangeliis
1233 4084 1257 4135 lt

144 4154 209 4217 dien,
223 4190 272 4242 erp.
287 4175 332 4225 liu.
353 4192 385 4224 or.
405 4176 424 4223 2
446 4172 467 4223 l'
517 4175 553 4224 26
572 4172 769 4240 conquaeritur
793 4173 837 4224 t'lr
873 4175 906 4224 27
922 4176 1002 4240 pater
1013 4188 1091 4224 mens
1110 4170 1256 4224 caelestiae

145 4256 193 4310 ε110
206 4275 250 4327 trip.
269 4263 315 4313 liu.
336 4279 369 4311 ru.
389 4264 408 4310 ἑ)
434 4259 456 4311 l'
472 4258 546 4312 enim
564 4260 597 4312 le'.
