2790 4844
410 271 591 321 tractatus
609 268 644 321 in
662 269 833 336 psalmum
851 269 896 322 LI.
1159 267 1221 336 113

95 455 143 531 his,
165 477 230 540 qum
254 459 335 541 gerit
357 468 388 522 et
410 464 558 539 expectat,
580 477 637 522 sua
659 458 761 542 magis
783 456 861 522 uelle
884 457 1040 524 confidere
1062 464 1221 540 potestate,

97 579 162 637 cum,
183 562 208 625 si
232 561 307 643 quid
329 560 404 626 illud
428 563 459 625 in
483 581 517 627 se
540 562 587 639 sit
611 582 649 626 cr
672 563 731 627 deo
754 558 813 627 sit
845 563 886 626 ud
910 563 1004 627 deum
1026 563 1129 647 itaque
1151 582 1222 644 spes

98 665 181 728 omnis
203 671 310 730 nostra
330 666 373 730 sit
394 671 426 730 et
447 666 601 732 consessio
633 665 733 730 omnis
762 666 799 730 inv
825 667 884 731 deo
913 666 954 730 sit
982 667 1125 747 exemplo
1153 687 1222 748 pro·

100 765 186 849 pheta
208 769 354 834 dicentis:
377 769 548 846 domine,
582 771 744 834 adiutor
777 789 888 834 meus
922 775 960 834 et
989 770 1223 851 redemptor

102 889 191 937 ruens
213 880 396 938 etrursum:
420 873 552 938 leuani
576 872 716 939 oculos
739 893 847 939 meos
870 874 909 938 in
931 879 1097 952 montes,
1119 876 1223 941 unde
1263 905 1275 941 s

104 977 220 1042 ueniet
242 977 493 1042 adiutorium
518 977 624 1042 mihi.
648 977 844 1043 auxilium
868 997 992 1043 meum
1013 999 1032 1042 a
1054 979 1223 1054 domino,

105 1081 157 1158 qui
185 1080 284 1146 iecit
317 1080 454 1148 caelum
488 1088 525 1147 et
555 1088 714 1147 terram.
760 1092 934 1147 metuamus
963 1083 1068 1166 itaque
1090 1101 1222 1163 semper,

106 1186 267 1266 nequando
301 1205 357 1250 nos
389 1193 524 1250 aeternns
558 1185 609 1251 illo
643 1186 726 1267 ignis
760 1193 829 1250 urat
851 1194 882 1250 ct
902 1186 1019 1251 uermis
1052 1184 1224 1251 inmortalis

106 1283 232 1366 absumat
262 1309 332 1354 cnm
354 1290 517 1355 audiamus
540 1289 615 1372 quid
638 1290 709 1355 iusti
725 1290 870 1355 timentes
885 1290 1085 1372 ridentesque
1102 1290 1223 1355 dicant:

108 1392 321 1472 euschemo,
356 1394 423 1477 qui
457 1413 532 1458 uon
555 1392 694 1474 posuit
716 1394 832 1458 deum
854 1394 1082 1460 adiutorem
1105 1412 1224 1470 snum,
1251 1423 1276 1460 ιο

108 1494 161 1556 sed
179 1497 359 1576 sperauit
381 1497 419 1561 in
443 1496 713 1562 multitudine
737 1497 976 1562 diuitiarum
998 1517 1167 1562 suarum.

142 1598 182 1662 21.
202 1600 320 1666 Diuites
354 1602 506 1685 quosdam
539 1601 707 1666 insolentes
745 1621 815 1666 esse
838 1607 962 1682 praestat
999 1601 1162 1685 opulentia,
1196 1591 1226 1666 et

110 1702 218 1769 manure
241 1705 386 1770 timorem
410 1706 459 1770 dci
489 1705 665 1769 diuitiarum
696 1704 810 1770 fiducia
838 1705 939 1770 inanis
969 1706 1098 1770 auertit:
1130 1704 1224 1783 stulti,

109 1819 155 1868 nou
172 1807 383 1892 intellegentes
403 1807 466 1874 hoc
487 1828 522 1874 se
544 1809 646 1892 magis
668 1808 832 1893 religiosos
861 1814 1002 1890 oportere
1031 1828 1108 1886 esse,
1142 1809 1224 1892 quod

109 1904 195 1975 diuites
225 1919 304 1983 sunt.
326 1913 400 1996 quia
422 1913 556 1997 gratim
578 1913 695 1977 referre
716 1910 854 1996 largitori
878 1914 1029 1978 bonorum
1063 1913 1121 1977 sibi
1145 1914 1226 1984 desi·
1253 1943 1278 1978 aa

110 2007 265 2080 dcnbilium
289 2017 460 2095 conueniat,
497 2026 528 2082 et
557 2015 616 2081 hoc
645 2017 745 2099 magis
779 2016 999 2081 inexcusabilis
1022 2017 1063 2081 sit
1084 2016 1225 2082 auaritiae

110 2126 198 2194 reatus,
220 2120 293 2202 qnia
315 2121 450 2185 auaritiae
473 2121 689 2186 necessitatem
713 2140 775 2184 non
798 2126 923 2186 excuset
952 2119 1117 2200 opulentia.
1161 2120 1225 2185 iam

110 2235 166 2282 uuo
192 2243 282 2307 qnam
316 2223 425 2289 infelix
458 2223 570 2290 fiducia
604 2231 651 2289 est
683 2225 727 2289 rei
762 2225 879 2288 inanis:
910 2225 1005 2289 deum
1027 2231 1226 2290 contemnere

110 2317 227 2391 mendo
260 2347 380 2404 aurum,
416 2328 503 2410 quasi
537 2348 647 2392 aurum
681 2348 742 2392 non
772 2348 810 2392 cr
840 2328 888 2392 dei
918 2328 958 2392 sit
980 2328 1139 2404 creaturis,
1173 2335 1226 2392 ant

111 2420 198 2508 niquis
218 2451 274 2515 per
294 2431 328 2496 id
351 2431 465 2496 iudicio
487 2450 572 2497 sanae
594 2431 708 2496 mentis
731 2432 830 2497 beatas
852 2433 924 2496 uitae
947 2431 1091 2515 adquirat
1106 2430 1225 2513 proiec-
1252 2461 1278 2501 ao

112 2530 168 2608 inu,
185 2537 265 2617 quod
287 2535 348 2600 sibi
371 2554 481 2600 aurum
504 2536 602 2601 iaceat
624 2534 801 2612 suffossum,
825 2542 855 2600 et
877 2535 951 2601 hino
973 2535 1028 2600 fiat
1050 2555 1110 2600 non
1132 2553 1225 2619 gene·

112 2629 169 2697 ffll'u
185 2640 292 2705 animae
316 2649 347 2706 et
369 2640 506 2723 corporis
527 2638 622 2704 homo
644 2639 785 2723 aliusque
809 2640 904 2720 possit
919 2659 997 2716 csse,
1020 2659 1115 2723 quam
1138 2643 1227 2704 natus

114 2742 308 2809 alateum
330 2744 395 2808 uite
418 2744 553 2820 excedat
576 2763 651 2809 auro
672 2762 728 2808 suo
752 2744 794 2808 sit
816 2763 926 2808 usurus
941 2743 1101 2809 inmorte!
1124 2749 1227 2808 utetur

115 2833 190 2922 phua,
211 2847 236 2911 ai
258 2867 295 2912 eo
319 2853 402 2912 recte
425 2854 527 2912 utetur
548 2847 580 2912 in
603 2848 674 2921 uita,
697 2847 725 2912 si
740 2848 929 2912 esurientem
940 2867 1021 2931 pane
1036 2867 1093 2912 suo
1108 2845 1227 2924 aluerit

116 2938 254 3015 anulum
276 2963 364 3017 ueste
387 2971 443 3016 sua
465 2951 581 3030 texerit,
612 2961 663 3015 aut
691 2971 811 3035 aegrum
844 2960 970 3035 sumptu
992 2971 1047 3017 suo
1070 2950 1226 3028 resonarit,
1254 2981 1279 3018 a

149 3103 210 3162 4Ιί.
226 3107 326 3175 XVIII,
347 3108 387 3163 16.
423 3107 501 3161 ors.
520 3107 600 3176 CXX,
621 3111 633 3161 l
654 3125 694 3176 sq.

151 3291 161 3342 l
171 3309 221 3364 post
241 3299 318 3368 gerit
342 3294 379 3345 1³¹
395 3316 466 3370 supr.
494 3316 543 3351 scr.
562 3244 601 3366 qis
654 3302 783 3367 expectat
807 3316 837 3350 ex
860 3304 972 3366 expetat
990 3316 1022 3352 m.
1042 3299 1060 3351 1
1079 3299 1104 3351 R
1156 3297 1229 3353 uelle

119 3385 169 3441 ”Pl
181 3399 224 3438 scr.
237 3382 273 3434 Ρ
291 3384 362 3439 uelit
379 3383 417 3450 (el
435 3402 465 3439 a
482 3382 560 3450 corr.)
579 3385 604 3438 R
621 3384 691 3439 uelit
707 3385 790 3438 VP'T
840 3386 858 3438 s
876 3385 905 3438 in
922 3383 970 3438 dn
981 3385 1008 3438 R
1059 3386 1077 3439 8
1095 3384 1231 3439 exuratE

120 3467 194 3522 *aa
217 3489 246 3525 α
265 3471 360 3526 uernis
384 3490 416 3525 m.
436 3470 456 3524 2
480 3471 504 3523 V
552 3474 569 3524 9
588 3471 716 3526 adsumat
740 3472 764 3524 V
814 3471 883 3539 qnid
905 3487 954 3524 om
978 3472 1003 3525 V
1052 3471 1182 3526 timentes
1200 3489 1230 3524 a

120 3542 295 3611 ΜΛΝ
329 3560 360 3612 ll
371 3557 400 3611 in
409 3558 616 3612 multitudinem
629 3559 834 3629 Vsedossupr.
841 3576 869 3627 p.
878 3556 964 3624 111‚l
1001 3560 1102 3613 l‘sessa
1111 3558 1230 3611 omffi

121 3636 227 3698 uelud·
251 3645 275 3697 V
328 3647 360 3698 14
379 3643 523 3715 religiosos
541 3641 568 3710 (ο
586 3647 614 3698 iu
631 3643 695 3711 rus.)
715 3646 741 3699 R
792 3655 853 3697 onte
875 3645 950 3713 quod
966 3663 1038 3717 capr.
1056 3662 1105 3698 scr.
1128 3649 1229 3714 putant

121 3719 195 3810 'WB
243 3733 277 3786 15
288 3729 565 3786 bonordnbusnord
573 3731 637 3785 m.1
653 3731 678 3784 V
728 3733 761 3785 16
776 3732 850 3786 etob
861 3728 1151 3804 hoc(obsapr.scr,m.
1162 3729 1192 3798 2)
1206 3729 1231 3778 P

121 3817 285 3899 Quamuis
303 3836 334 3872 ct
351 3817 539 3872 inexcusabile
558 3817 583 3866 P
596 3818 793 3872 inexcusabilis
813 3836 843 3872 et
866 3819 1041 3873 inexcusabis
1065 3818 1090 3873 V
1138 3818 1230 3873 auari-

121 3892 160 3947 Μ
179 3902 210 3957 ait
231 3905 260 3958 Ε
313 3905 346 3959 18
363 3905 531 3974 contdpnere
548 3905 575 3958 R
625 3907 661 3960 20
679 3905 780 3973 aliquia
805 3906 898 3977 seipsi
923 3904 1030 3973 aliquid
1056 3905 1083 3958 R
1108 3905 1229 3973 aliquem

127 3973 244 4060 imas.
264 3992 328 4044 Aba
346 3991 397 4054 IV,
416 3989 457 4045 62
509 4008 574 4046 sane
602 3990 627 4040 P
676 3992 831 4060 proiectum
854 4009 886 4045 ea
910 3992 1080 4061 praelectum
1108 4010 1140 4045 m.
1164 3990 1186 4044 2
1209 3991 1233 4044 V

120 4060 297 4132 ²¹an
322 4077 348 4131 R
399 4079 435 4132 Ἠ
458 4078 600 4146 aliusqnae
618 4096 649 4132 a
671 4079 797 4146 aliusque
821 4075 894 4131 m.2
916 4077 941 4130 V
989 4081 1025 4134 28
1048 4078 1158 4134 excidat
1183 4079 1232 4131 ΡΤ

121 4155 190 4214 utem
204 4182 232 4217 a
248 4169 344 4220 utatur
362 4183 395 4219 m.
415 4165 431 4218 1
453 4163 478 4212 P
493 4171 588 4220 utatur
605 4165 757 4220 Vutiturc
809 4166 843 4218 st
855 4164 885 4219 in
895 4165 982 4219 uitam
998 4166 1019 4219 V
1072 4166 1181 4221 abuerit
1201 4183 1231 4218 ea

113 4235 197 4301 ‘aare
218 4266 249 4304 ιι.
273 4251 290 4304 ι
314 4251 338 4304 ν
386 4251 423 4306 ss
439 4251 542 4306 sanese
564 4252 593 4306 v.

156 4363 471 4422 nuntiassemus
1058 4357 1076 4411 8
