2790 4844
101 310 102 314 ,
148 259 210 325 788
498 259 616 314 sancti
641 259 775 312 Hilarii
800 258 960 328 episcopi

194 449 242 515 16.
266 450 339 514 Non
361 449 485 514 nescius
519 449 621 532 itaque
645 447 737 513 huius
760 441 903 513 uindictae
926 467 989 512 suae
1015 448 1204 533 unigenitus
1228 451 1293 513 dena

148 560 208 633 est;
231 553 389 618 aitenim:
413 553 594 637 cognoui,
617 553 712 636 quia
735 551 864 617 saciet
887 552 1077 618 dominus
1103 553 1292 617 iudicium

147 658 285 738 inopis
308 665 346 722 et
368 657 594 722 uindictam
615 676 845 737 pauperum.
891 676 1008 736 pauper
1026 657 1178 721 dominus
1195 677 1291 722 secun·

149 761 222 826 dum
246 761 402 825 hominem
427 767 483 826 est.
528 761 721 842 pauperinuit
744 761 828 825 enlm
851 780 884 824 se
913 761 1088 824 secundnm
1114 761 1290 842 apostolum,

109 872 181 930 aut
204 885 261 932 nos
284 865 547 945 locupletaremur,
582 864 629 929 cui
657 864 687 927 in
712 863 816 929 saeculi
849 865 940 929 rebus
973 863 1054 928 nihil
1093 866 1155 929 nisi
1191 884 1290 945 corpus

148 969 215 1034 fuit.
261 968 352 1033 huius
387 969 469 1033 enim
504 968 612 1033 salutis
635 988 729 1032 causa
752 968 837 1032 nasci
860 968 949 1048 inops
973 967 1073 1033 uoluit
1097 990 1136 1034 ex
1159 970 1288 1054 uirgine:

148 1093 210 1137 non
233 1074 404 1154 pecuniam,
427 1093 488 1137 non
513 1093 631 1157 agrum,
655 1092 717 1136 non
740 1091 835 1152 pecus
858 1072 1003 1137 caelorum
1024 1073 1175 1138 dominus
1197 1073 1289 1155 elegit

148 1197 265 1258 pauper
280 1197 355 1260 ergo
377 1177 410 1241 in
426 1176 551 1241 homine
567 1183 687 1240 tantum
704 1195 758 1239 suo
775 1175 840 1239 suit.
884 1177 940 1240 sed
956 1195 1017 1240 non
1034 1176 1137 1241 solnm
1154 1177 1289 1242 iudicium

149 1281 258 1361 inopis,
289 1281 344 1345 sed
375 1287 406 1345 et
434 1281 603 1345 uindictam
637 1300 808 1360 pauperum
833 1281 975 1344 dominus
998 1280 1103 1345 saciet.
1150 1281 1288 1346 iudicium

97 1409 123 1448 m
149 1386 250 1466 inopis
273 1385 381 1449 referri
405 1386 445 1449 ad
469 1384 700 1450 damnationem
724 1404 840 1460 eorum,
871 1385 921 1467 qui
944 1384 1050 1463 iniusti
1080 1386 1113 1449 in
1138 1385 1287 1451 dominum

150 1490 324 1565 extiterunt,
347 1494 475 1569 oportet.
522 1488 666 1553 conuenit
689 1488 772 1552 enim
796 1508 847 1552 eos
866 1489 1034 1552 secuudum
1051 1489 1212 1566 iudicium,
1234 1508 1285 1553 uon
1317 1517 1320 1527 ·

150 1594 320 1658 seeundum
344 1593 514 1657 uindictam
537 1592 674 1656 iudicari.
719 1591 872 1657 inferioris
894 1599 1012 1657 naturae
1032 1600 1089 1670 est,
1115 1594 1166 1677 qui
1185 1593 1285 1658 debeat

149 1697 308 1761 uindicari.
352 1697 549 1780 uindicantur
583 1695 675 1760 ceteri
710 1715 869 1777 pauperes,
903 1696 1013 1773 idest,
1049 1697 1102 1779 qni
1135 1697 1284 1761 dominum

151 1799 292 1880 exemplo
326 1801 477 1880 passionis
512 1800 608 1865 secuti
644 1806 724 1876 suut,
763 1801 815 1882 qui
850 1820 888 1864 ex
920 1807 1101 1880 contemptu
1137 1801 1239 1866 saeculi
1259 1807 1283 1864 et

98 1928 123 1964 ιι
149 1904 287 1986 pecuniae
309 1924 459 1985 pauperes
493 1904 622 1969 suerunt.
669 1904 704 1968 fit
733 1923 809 1988 ergo
839 1904 982 1968 iudicium
1012 1904 1123 1984 inopis,
1153 1925 1222 1996 cum
1250 1903 1281 1967 ob

150 2008 325 2089 passionem
351 2009 465 2072 domini
490 2009 574 2089 impii
598 2010 778 2073 iudicantur.
823 2028 975 2088 pauperes
997 2029 1071 2073 uero
1087 2009 1281 2083 medicantur,

150 2133 280 2196 quorum
305 2113 362 2177 sub
385 2132 439 2176 ara
461 2113 630 2177 occisorum
649 2113 775 2196 sanguis
799 2111 912 2177 clamat
934 2113 1104 2177 uindictam
1128 2113 1157 2176 in
1182 2112 1281 2193 impios

149 2215 324 2298 postulans:
349 2217 400 2299 qui
424 2208 591 2281 cotidie'in
616 2216 714 2300 gloria
736 2217 877 2300 martyrii
908 2229 1070 2281 manentes
1102 2216 1152 2281 dei
1175 2213 1279 2280 nomini

150 2320 341 2384 confitentur.

98 2532 123 2571 ao
195 2510 244 2575 17.
269 2510 309 2574 Et
345 2530 448 2575 sermo
485 2511 560 2591 ipse,
599 2530 659 2594 quo
698 2509 835 2590 psalmus
872 2509 1033 2588 clauditur,
1066 2511 1110 2575 ita
1144 2509 1276 2593 loquitur:

150 2621 330 2679 attamen
353 2614 452 2678 iusti
476 2613 789 2678 confitebuntur
811 2613 963 2677 nomini
986 2622 1052 2678 tuo
1076 2624 1115 2679 et
1135 2613 1276 2677 habita·

150 2719 248 2782 bunt
280 2718 383 2783 recti
423 2737 507 2782 cum
546 2718 652 2782 facie
690 2724 765 2782 tua.
810 2719 972 2782 iustorum
1006 2717 1161 2783 consessio
1192 2719 1279 2798 potest

151 2823 241 2886 etiam
268 2821 431 2903 corporalis
455 2822 561 2898 uideri,
593 2822 664 2906 quia
687 2820 789 2902 plures
813 2823 843 2884 in
868 2841 959 2886 came
983 2821 1085 2886 adhuc
1111 2822 1180 2887 lieet
1202 2818 1278 2904 positi

152 2926 200 2989 dei
224 2926 340 2989 nomini
363 2925 554 2991 confitentur.
599 2926 672 2990 recti
706 2935 807 2990 autem
842 2924 1016 2990 habitantes
1049 2946 1120 2991 cum
1145 2926 1219 2991 facie
1239 2921 1280 2989 dei

99 3050 124 3088 a
151 3029 230 3094 nihil
252 3030 283 3093 in
307 3050 341 3094 se
364 3030 520 3110 corporale
543 3030 676 3094 retinere
695 3029 922 3114 intelleguntur.
968 3038 1078 3095 natura
1093 3031 1176 3095 enim
1193 3027 1282 3095 carnis

151 3135 200 3198 dei
239 3153 300 3196 non
338 3135 452 3214 patitur
488 3139 645 3214 aspectum
691 3133 758 3215 ipso
796 3133 933 3198 dicente:
979 3154 1094 3198 nemo
1133 3132 1283 3199 uidebit

151 3237 354 3302 hominum
385 3238 530 3302 faciem
563 3257 684 3302 meam
714 3243 752 3302 et
782 3238 899 3302 uiuet,
944 3237 1002 3302 hoc
1026 3237 1089 3302 iam
1125 3238 1285 3304 caelestium

152 3349 199 3407 est
221 3349 252 3408 et
275 3342 561 3421 transformatorum
585 3347 615 3406 ot
649 3350 800 3406 terrenam
835 3341 1064 3422 corruptionem
1097 3342 1217 3409 eaelesti
1248 3343 1289 3406 in-

152 3446 345 3527 corruptione
379 3446 571 3522 mutantium,
617 3465 695 3529 quos
733 3446 794 3510 iam
830 3445 997 3509 diuinitatis
1030 3443 1154 3512 honore
1188 3446 1290 3524 claros,

99 3570 124 3606 ³0
152 3556 392 3634 conregnaturos
415 3549 481 3631 ipse
504 3550 562 3615 deo
585 3549 664 3630 patri
688 3550 788 3614 tradet
810 3549 840 3612 in
864 3569 997 3633 regnum
1020 3549 1171 3616 dominus
1194 3557 1293 3617 noster

152 3654 241 3719 Iesus
265 3653 415 3730 Christus,
440 3654 490 3735 qui
514 3660 562 3718 est
584 3653 764 3718 benedictus
786 3654 818 3718 in
841 3653 953 3718 saecula
975 3652 1174 3721 sacculorum.
1198 3676 1295 3722 amen

195 3863 257 3916 411
276 3863 336 3916 Cor.
355 3866 380 3930 8,
399 3867 422 3917 9.
458 3864 492 3915 26
511 3862 597 3914 Exod.
616 3862 741 3930 XXXIII,
761 3864 802 3914 20.

196 4054 392 4106 hocsemii
445 4053 554 4106 6nasci
572 4036 635 4105 Ineo
653 4051 743 4105 uoluit
760 4052 787 4104 Ii
841 4053 873 4104 12
892 4067 961 4118 quae
980 4050 1082 4105 debeat
1099 4053 1125 4105 R
1185 4059 1219 4110 16
1237 4073 1302 4125 pau·

153 4156 231 4206 peres
250 4156 316 4192 uero
335 4140 514 4193 uindicantur
532 4158 579 4192 cor.
599 4140 624 4192 R
689 4138 723 4191 ‘28
742 4137 854 4191 caelesti
873 4137 1084 4205 incorruptione
1099 4157 1151 4195 oni.
1167 4143 1195 4196 It
1247 4143 1301 4197 Ex·

153 4226 234 4294 plicit
251 4225 311 4294 psal
331 4226 507 4280 CXXXVIIII
524 4226 623 4294 incipit
642 4226 711 4279 CXL
730 4225 764 4278 R.
